1779 3130
382 162 1001 204 METAMORPHOSEON
1036 163 1153 204 LIB.
1187 163 1332 205 XIII.
1461 166 1547 207 323

164 275 388 339 Aspicite
414 292 474 323 en
498 276 506 322 !
543 278 856 339 (vestemque
878 292 1027 324 manu
1052 277 1277 338 deducit)
1297 285 1362 334 et,
1387 284 1416 302 “
1438 279 1543 327 haec

385 359 499 399 sunt
1447 359 1542 403 264

163 426 377 474 Pectora
401 428 645 490 semper,”
671 428 754 483 ait,
785 434 815 452 “
836 429 1012 476 vestris
1038 430 1258 477 exercita
1283 431 1480 479 rebus.''

163 502 230 549 At
255 503 375 549 nihil
401 504 644 566 impendit
667 519 756 566 per
780 511 852 551 tot
876 504 1192 552 Telamonius
1218 522 1372 553 annos

164 579 430 640 Sanguinis
456 579 505 625 in
531 579 718 635 socios;
749 586 799 626 et
823 580 975 627 habet
1000 581 1105 627 sine
1126 581 1326 629 vulnere
1345 599 1539 647 corpus.

160 654 292 708 Quid
317 662 484 702 tamen
506 656 598 702 hoc
625 655 787 710 refert,
816 656 856 702 si
883 672 935 702 se
960 672 1049 718 pro
1074 657 1235 704 classe
1261 656 1478 720 Pelasga

157 731 309 778 Arma
333 732 505 778 tulisse
530 731 678 778 refert
703 738 875 778 contra
900 733 1175 794 Troasque,
1203 732 1232 778 J
1238 735 1518 796 ovemque?

160 807 531 870 Conffleorque,
547 807 659 854 tulit
677 824 686 854 ;
716 823 882 869 neque
899 807 1029 854 enim
1044 808 1307 856 benefacta
1325 810 1539 872 maligne

161 883 451 931 Detrectare
477 899 642 930 meum
668 891 771 930 est:
816 884 905 931 sed
931 900 1021 931 nec
1048 886 1331 932 communia
1352 887 1485 933 solus

160 960 405 1023 Occupet,
432 967 581 1022 atque
611 959 830 1022 aliquem
855 960 993 1007 vobis
1019 976 1220 1023 quoque
1252 962 1427 1009 reddat
1453 963 1538 1009 ho-

359 1053 528 1083 norem
547 1055 557 1093 ;
1447 1042 1542 1086 272

160 1112 402 1175 Reppulit
427 1112 703 1167 Actorides,
731 1114 823 1160 sub
850 1114 1062 1176 imagine
1088 1121 1225 1161 tutus
1252 1115 1476 1171 Achillis,

157 1188 312 1235 Troas
333 1190 395 1235 ab
416 1189 596 1236 arsuris
623 1206 735 1236 cum
760 1190 1020 1238 defensore
1045 1191 1239 1238 carinis.

157 1265 348 1311 Ausum
373 1265 522 1312 etiam
550 1264 797 1313 Hectoreo
824 1267 984 1312 solum
1009 1282 1299 1313 concurrere
1326 1267 1478 1315 Marti

159 1340 226 1386 Se
251 1347 407 1403 putat,
435 1341 617 1388 oblitus
643 1342 889 1404 regisque,
916 1343 1217 1405 ducumque,
1244 1345 1470 1407 meique;

159 1416 334 1463 Nonus
361 1417 409 1462 in
434 1417 608 1473 officio,
636 1425 686 1464 et
712 1420 945 1481 praelatus
972 1436 1174 1466 munere
1201 1421 1363 1467 sortis.

159 1494 261 1541 Sed
284 1503 450 1541 tamen
475 1502 681 1542 eventus
706 1503 896 1552 vestrae,
924 1496 1203 1552 fortissime,
1232 1513 1410 1560 pugnae

156 1619 256 1652 cit11s;
280 1616 396 1646 multas
417 1615 586 1650 molestias,
608 1616 728 1647 labores
749 1628 817 1659 per-

157 1676 266 1706 pessus
280 1676 288 1703 ;
312 1665 343 1695 ii.
356 1665 439 1702 287;
461 1665 512 1694 vii.
526 1665 599 1695 634.
622 1666 816 1696 Nominatim

154 1714 269 1744 milites
285 1714 419 1745 veterani
436 1713 580 1744 dicuntur
595 1716 728 1745 exerciti.
750 1716 815 1745 Ves-

155 1765 210 1793 tris
238 1764 335 1797 rebus,
365 1773 419 1804 pro
447 1763 549 1794 salute
580 1769 693 1799 vestra,
721 1775 816 1805 quum

154 1822 246 1853 opem
268 1811 377 1842 ferrem
401 1811 488 1842 vobis
508 1812 732 1843 laborantibus.
776 1815 817 1843 At

157 1862 236 1891 nihil
264 1863 420 1900 impendit,
459 1867 521 1892 etc.
565 1861 642 1891 Sixii
679 1869 710 1892 et
738 1873 818 1893 unus

157 1909 280 1940 Heinsii
303 1912 453 1949 expendit.
502 1910 675 1949 Impendere
693 1915 816 1952 sangui-

157 1969 223 1988 nem
238 1960 270 1988 in
283 1961 373 1989 socios
387 1969 442 1999 pro
458 1958 588 1999 vulgari,
602 1959 730 1990 fundere
746 1970 816 1990 san-

155 2005 283 2047 guinem
298 2016 352 2047 pro
367 2006 457 2037 sociis
471 2018 478 2043 ;
502 2007 595 2038 etiam
607 2007 744 2043 Curtius,
757 2009 816 2039 IV.

156 2065 190 2084 x.
218 2055 258 2085 3:
291 2055 330 2085 In
358 2057 449 2085 unius
473 2056 596 2086 hominis
614 2058 816 2095 jactationem

156 2109 198 2133 tot
213 2104 339 2133 millium
356 2105 532 2145 sangninem
547 2106 688 2143 impendi.

199 2153 274 2183 270.
303 2152 405 2192 Neque
433 2154 523 2188 enim,
552 2153 628 2193 etc.]
675 2154 816 2184 Observa

156 2200 372 2231 veteratorium
403 2200 526 2241 Ulyssis
555 2201 727 2242 ingenium,
754 2212 815 2232 non

157 2250 248 2280 modo
263 2250 294 2280 in
310 2249 421 2285 verbis,
440 2261 531 2290 neque
553 2252 631 2280 enim
651 2251 814 2292 benefacta,

155 2304 219 2329 etc.
243 2298 298 2329 sed
322 2298 417 2328 etiam
442 2299 473 2329 in
494 2298 568 2334 illis,
593 2301 641 2329 sed
666 2311 718 2329 nec
741 2311 815 2329 eom—

156 2348 455 2382 munia—honorem,
475 2358 544 2389 quae
560 2348 711 2378 universis
727 2348 815 2379 Grae—

156 2396 201 2427 cis
217 2396 357 2427 odiosum
374 2396 491 2427 faciunt
505 2396 646 2438 Ajacem.
673 2398 814 2437 Occupet,

155 2456 188 2476 se
214 2445 362 2475 immittat
387 2445 418 2475 in
443 2445 665 2487 possessionem
695 2456 813 2477 eorum.

158 2495 289 2530 Reddat,
313 2494 482 2536 relinquat,
506 2494 619 2533 cedat3
643 2495 710 2526 Cic.
735 2495 814 2526 Sull.

156 2544 209 2574 30.
236 2543 302 2573 Non
324 2546 406 2574 modo
428 2545 506 2574 vnihil
529 2546 600 2574 mihi
624 2556 748 2581 assumo,
766 2547 814 2575 sed

156 2594 247 2622 etiam
261 2593 351 2622 reddo
366 2604 400 2623 ac
415 2595 543 2623 remitto.

200 2641 276 2670 273.
300 2642 463 2677 Actorides,
490 2641 665 2677 Patroclus,
692 2642 816 2672 Actoris

160 2699 266 2730 nepos,
283 2691 334 2719 sub
346 2692 475 2731 imagine
491 2697 572 2721 tutus
591 2691 725 2725 Achillis,
742 2689 815 2730 quia

885 1617 977 1648 armis
990 1617 1124 1648 Achillis
1139 1623 1240 1648 tectus
1254 1623 1316 1648 tam
1333 1617 1451 1648 fortiter
1466 1629 1543 1659 pug-

886 1667 990 1702 nabat,
1008 1672 1042 1696 ut
1059 1667 1183 1707 Trojani
1202 1666 1414 1697 existimarent
1435 1667 1548 1697 Achil—

886 1716 946 1746 lem
966 1715 1092 1745 rediisse
1113 1716 1144 1745 in
1165 1720 1267 1746 castra
1287 1716 1480 1751 Graecorum,
1497 1716 1544 1746 fu-

885 1774 1019 1805 gamque
1036 1770 1232 1805 capesserent
1246 1776 1254 1802 3
1277 1764 1317 1794 Il.
1336 1767 1379 1795 Π.
1396 1765 1458 1795 280
1475 1775 1544 1806 sqq.

888 1814 963 1843 Cum
980 1814 1142 1854 defensore,
1159 1812 1228 1843 scil.
1242 1813 1352 1853 Ajace.
1383 1813 1546 1844 Hectoreus

888 1862 983 1897 Mars,
997 1862 1071 1902 quia
1082 1862 1205 1892 additur
1219 1862 1344 1892 verbum
1358 1873 1546 1897 concurrere,

884 1916 931 1941 est
944 1911 1009 1952 ipse
1023 1911 1138 1941 Hector
1150 1921 1301 1952 pugnans.
1326 1911 1471 1947 Facilius,
1486 1922 1543 1942 nec

883 1959 949 1990 sine
964 1960 1127 2000 gravitate,
1139 1966 1297 1990 certamen
1313 1960 1370 1990 hoc
1387 1960 1544 2001 singulare

883 2007 1028 2038 Hectoris
1043 2007 1162 2038 dictum
1175 2008 1252 2039 foret
1269 2008 1432 2039 Hectoreus
1444 2009 1542 2044 Mars,

882 2056 921 2087 de
941 2067 1003 2097 quo
1025 2056 1096 2087 vide
1119 2056 1158 2086 ad
1181 2067 1243 2087 ver.
1263 2058 1302 2086 87
1321 2067 1391 2097 sqq.
1436 2058 1541 2098 Vulgo

883 2106 931 2146 (et
955 2105 989 2136 in
1013 2105 1121 2136 codice
1147 2106 1191 2143 B)
1211 2105 1324 2146 legitur
1346 2106 1543 2136 Hectoreis—

883 2156 958 2185 telis.
1004 2154 1151 2194 Regisque
1173 2156 1350 2193 ducumque,
1376 2154 1544 2194 Agamem·

882 2213 943 2233 non
959 2202 1027 2233 κατ’
1043 2202 1164 2242 ἐξοχὴν
1177 2202 1279 2232 dictus
1289 2213 1351 2238 rer,
1362 2214 1412 2232 rest·
1422 2214 1539 2243 regum.

881 2252 985 2281 caeteri
1011 2261 1082 2281 vero
1113 2252 1212 2280 duces.
1260 2250 1341 2280 Vide
1367 2250 1543 2286 Heinsium,

882 2299 935 2340 qui
958 2299 1038 2329 hanc
1057 2299 1222 2329 lectionem
1245 2298 1333 2329 dedit
1353 2309 1417 2340 pro,
1436 2300 1541 2340 Regis-

882 2359 937 2388 que
956 2349 1104 2387 ducisque.
1150 2347 1187 2377 In
1211 2357 1248 2377 eo
1267 2346 1363 2387 qfficio
1384 2347 1478 2387 Ajax,
1494 2358 1540 2378 se-

882 2396 1019 2427 cundum
1035 2396 1216 2430 Homerum,
1233 2402 1301 2426 erat
1317 2395 1434 2431 tertius,
1450 2396 1541 2437 Ulys-

881 2456 929 2476 ses
947 2455 1018 2475 vero
1040 2456 1145 2475 tronus.
1192 2444 1291 2484 Igitur
1313 2444 1461 2475 mentitur
1476 2455 1541 2475 rur-

881 2499 989 2529 sus,ut
1002 2494 1152 2524 detrectet
1169 2494 1252 2524 facta
1268 2492 1386 2534 Ajacis.
1411 2494 1541 2524 Munere

881 2542 1045 2577 beneficio,
1063 2552 1133 2583 ope.
1170 2542 1299 2572 Vulnere
1316 2543 1421 2579 null03
1444 2541 1539 2573 immo

882 2597 913 2622 et
929 2591 1018 2622 hasta
1032 2597 1063 2621 et
1078 2590 1180 2632 lapide
1196 2591 1289 2621 misso
1301 2592 1479 2623 vulneratus
1494 2598 1541 2622 est

882 2640 921 2670 ab
940 2639 1057 2680 Ajace3
1082 2641 1119 2670 Il.
1138 2644 1177 2670 ΙΙ.
1195 2640 1257 2670 260
1274 2650 1342 2681 sqq.
