1779 3130
349 151 969 193 METAMORPHOSEON
1003 152 1121 193 LIB.
1154 152 1291 194 VIII.
1461 155 1518 196 21

131 266 358 314 Pendere
380 266 645 321 desierant,
672 266 868 314 Thesea
894 267 1057 322 laude,
1085 267 1341 314 tributum.

131 342 340 406 Templa
364 350 688 399 coronantur;
730 344 1140 407 bellatricemque
1166 343 1444 391 Minervam

133 419 263 465 Cum
296 419 435 474 Jove,
475 420 669 482 Disque
707 429 885 468 vocant
924 421 1059 467 aliis:
1114 436 1239 482 quos
1279 421 1519 482 sanguine

294 523 298 528 ·
330 505 460 552 voto,

1422 500 1518 544 265

134 572 528 636 Muneribusque
548 573 696 628 datis,
725 581 775 621 et
800 574 980 620 acerris
1008 573 1130 620 turis
1156 573 1416 620 honorant.

134 649 396 712 Sparserat
421 650 679 712 Argolicas
705 666 887 696 nomen
913 666 1038 711 vaga
1064 649 1217 696 Fama
1242 665 1330 713 per
1355 651 1503 696 urbes

133 725 381 774 Theseos:
423 734 472 773 et
498 726 684 789 populi,
714 742 838 789 quos
864 726 1004 773 dives
1030 725 1221 773 Achaia
1245 726 1396 789 cepit,

133 801 296 864 Hujus
321 819 466 866 opem
492 803 683 864 magnis
709 803 1031 866 imploravere
1056 802 1282 866 periclis:

135 877 297 940 Hujus
314 896 459 942 opem
478 879 724 942 Calydon,
739 879 964 942 quamvis
987 878 1279 941 Meleagron
1295 879 1518 935 haberet,

136 955 360 1003 Sollicita
384 957 597 1019 supplex
624 956 767 1020 petiit
791 972 966 1020 prece:
1007 972 1160 1003 causa
1183 957 1386 1020 petendi
1423 960 1515 1004 271

139 1031 235 1078 Sus
261 1040 380 1087 erat,
408 1032 599 1079 infestae
625 1032 838 1079 famulus
863 1033 1145 1096 vindexque
1174 1033 1364 1079 Dianae.

177 1175 253 1205 263.
286 1175 401 1210 Laude,
429 1175 541 1204 virtute
577 1174 689 1205 Thesei
726 1176 789 1215 glo—

134 1223 224 1254 riosa.
270 1224 307 1253 In
333 1223 557 1265 antiquissimis
577 1223 722 1259 donariis,
739 1223 792 1254 lm-

134 1272 211 1302 titiae
227 1281 258 1302 et
278 1271 358 1312 grati
375 1271 469 1302 animi
488 1271 596 1312 signis,
611 1278 697 1302 erant
713 1284 792 1303 coro-

136 1332 189 1356 nat,
215 1320 329 1361 quibus
357 1330 448 1362 super
476 1320 615 1361 postibus
637 1322 794 1362 suspensis

136 1371 245 1408 templa
271 1370 472 1399 ornabantur.
499 1370 571 1398 Εη.
588 1369 621 1399 ii.
642 1370 717 1399 249.
743 1372 792 1400 ‹le-

138 1419 226 1448 lnbra
245 1418 330 1459 festa
370 1419 466 1449 velare
489 1418 617 1459 fronde.
668 1419 792 1455 Vocant,

137 1466 296 1502 invocant,
321 1466 456 1497 invitant
479 1467 519 1497 ad
543 1477 641 1502 sacra,
658 1477 674 1497 e
689 1466 750 1498 ritu
765 1473 797 1498 et

137 1515 269 1546 formula
291 1515 421 1551 solenni,
444 1515 483 1545 de
509 1526 572 1557 qua
598 1517 797 1547 Burmannus

137 1564 177 1595 ad
194 1576 224 1595 x.
239 1566 269 1595 3.
308 1564 403 1600 Infra,
421 1575 509 1596 versu
530 1566 604 1595 580.
619 1566 742 1606 plenius
756 1568 796 1597 ad

136 1624 222 1643 sacra
241 1624 352 1644 vocure.
399 1614 489 1649 Quos,
506 1620 568 1644 etc.
615 1615 666 1645 De
681 1614 794 1656 triplici

138 1661 195 1693 hoe
222 1662 371 1692 honorum
395 1673 506 1703 genere
530 1663 635 1693 confer
653 1663 707 1694 vii.
736 1666 795 1695 159

137 1722 209 1753 sqq.
257 1712 400 1748 Munera,
422 1712 561 1747 donaria,
585 1711 796 1754 ἀναθήματα,

138 1771 208 1801 quae
225 1759 316 1791 titulo
332 1760 436 1802 aliquo
451 1760 599 1801 insignita
620 1761 652 1791 in
673 1763 798 1803 templis

136 1809 187 1839 vel
217 1809 498 1849 suspendebantur,
525 1810 573 1840 vel
606 1812 796 1852 reponeban-

139 1864 197 1889 tur.
243 1859 356 1888 Acerra
374 1861 460 1893 tin-is,
479 1865 528 1889 tus
542 1870 549 1895 3
565 1859 727 1890 continens
743 1871 796 1901 pro

137 1913 294 1938 contento.
340 1908 429 1938 Forte
445 1907 538 1938 alicui
554 1918 570 1937 e
586 1908 678 1938 MSS.
699 1909 797 1939 tribus

139 1961 170 1986 et
199 1955 310 1996 viginti
338 1956 436 1996 magis
464 1956 589 1998 placeat
612 1959 736 1992 acerris,
765 1964 796 1988 ut

140 2004 305 2035 multitudo
332 2006 408 2035 turis
430 2005 552 2035 accensi
577 2005 741 2037 indicetur.
755 2007 796 2036 iv.

140 2053 215 2083 758.
240 2054 333 2094 largis
358 2055 512 2084 satiantur
531 2056 668 2085 odoribus
694 2058 796 2096 ignem

139 2102 193 2132 vii.
213 2104 283 2133 160.
300 2110 494 2144 congestaque
507 2105 636 2142 flamma
658 2105 740 2134 Tura
762 2107 797 2135 li-

140 2152 297 2191 quefiunt.-
321 2152 374 2182 sed
400 2158 431 2182 et
458 2153 531 2182 [En.
557 2165 588 2183 v.
612 2153 686 2184 745.
711 2155 799 2193 plena

138 2203 257 2240 supple]
291 2208 451 2231 veneratur
479 2213 595 2232 acerra.
643 2202 798 2233 Caeterum

142 2256 210 2280 ture
226 2250 287 2280 illis
309 2251 500 2292 temporibus
517 2251 653 2282 nondum
673 2263 800 2282 vetera-

140 2299 253 2330 bantur
270 2300 364 2330 Deos.
411 2300 470 2330 Pro
490 2302 629 2336 adorant,
645 2301 727 2341 quod
745 2301 799 2332 de-

140 2349 227 2380 derat
242 2348 389 2379 Heinsius
409 2359 426 2379 e
447 2349 587 2390 pluribus
603 2350 696 2380 MSS.
713 2361 796 2380 revo-

141 2398 210 2428 cavi
228 2399 384 2427 honorant.
423 2398 547 2428 Etenim
563 2400 707 2429 honorare
728 2399 801 2429 Deos

142 2448 268 2485 templis,
290 2449 362 2481 aris,
388 2449 514 2478 victimis
539 2448 675 2478 formulae
697 2448 799 2478 solen-

142 2506 197 2526 nes
227 2495 309 2536 apud
334 2496 460 2525 Graecos
484 2502 515 2526 et
539 2495 673 2526 Latinos.
728 2496 802 2537 Ipsa

141 2555 230 2575 sacra
241 2544 399 2584 eleganter
412 2545 530 2575 honores
541 2544 698 2575 dicuntur.
723 2545 800 2575 Mox

144 2604 233 2624 versu
267 2594 339 2624 280.
386 2593 489 2624 Diana
523 2605 555 2624 se
595 2595 801 2624 inhonoratam

143 2649 246 2673 vocat.
304 2641 395 2683 Regii
434 2643 527 2673 nostri
577 2642 693 2673 babent
732 2645 801 2673 ado-

144 2698 225 2721 rant.

904 1176 978 1206 267.
1009 1177 1156 1216 Spargere
1183 1187 1299 1211 nomen,
1328 1181 1362 1205 ut
1386 1186 1526 1217 spargere

864 1236 1004 1255 rumores.
1054 1225 1137 1266 Vaga
1164 1235 1232 1255 earn
1259 1224 1358 1265 ipsam
1384 1225 1422 1255 ob
1449 1235 1524 1256 cau-

861 1284 938 1310 sam,
954 1273 1038 1315 quod
1054 1274 1117 1304 late
1136 1273 1255 1315 spargit
1276 1284 1411 1304 rumores
1424 1279 1455 1304 et
1470 1285 1525 1305 no-

862 1322 957 1353 mina.
1010 1323 1110 1357 Dives,
1155 1322 1286 1358 scilicet,
1329 1323 1526 1364 populorum.

863 1372 958 1402 Multi
972 1370 1031 1406 illi,
1049 1382 1126 1412 quos
1142 1372 1269 1407 Achaia,
1289 1372 1424 1407 Graecia,
1437 1374 1524 1411 cepit,

865 1419 970 1457 habet,
994 1420 1101 1462 populi
1128 1431 1200 1451 eum
1227 1420 1443 1462 imploravere.
1488 1420 1527 1451 Id

865 1480 969 1500 verum
1002 1475 1059 1500 est.
1119 1469 1197 1499 lnde
1229 1468 1437 1511 proverbium,
1468 1469 1528 1500 οὐκ

862 1518 941 1549 ἄνευ
962 1530 996 1560 γε
1020 1517 1163 1557 Θησέως,
1181 1529 1243 1560 quo
1265 1518 1403 1548 omnium
1426 1528 1528 1549 rerum

863 1567 995 1598 societas
1025 1567 1234 1598 indicabatur.
1281 1568 1396 1598 Zenob.
1420 1578 1450 1599 v.
1474 1569 1527 1598 33.

865 1617 1013 1658 Calydon,
1036 1617 1164 1653 Olenos,
1185 1617 1331 1652 Pleuron,
1348 1617 1441 1647 urbes
1465 1618 1525 1647 AE-

863 1667 944 1697 toliae
971 1666 1193 1697 celeberrimae.
1241 1666 1383 1700 Quamvis
1411 1666 1526 1696 Melea-

861 1726 935 1756 gron
950 1727 959 1751 ,·
975 1716 1019 1745 sic
1032 1715 1106 1746 satis
1121 1721 1152 1745 et
1163 1715 1286 1745 Thesea
1299 1720 1330 1745 et
1340 1714 1526 1755 Meleagron

865 1764 973 1794 laudat
989 1764 1094 1794 simul.

907 1813 981 1842 271.
1007 1813 1105 1842 Causa
1128 1813 1249 1851 petendi
1272 1812 1341 1846 Sus,
1364 1811 1442 1852 etc.]
1470 1813 1525 1843 Se-

865 1862 969 1902 quitur
989 1861 1165 1902 perspicua,
1182 1866 1342 1895 accurata,
1357 1861 1528 1902 multisque

864 1910 1035 1941 luminibus
1049 1917 1198 1941 exornata
1215 1909 1357 1940 narratio.
1393 1909 1528 1951 hyrstte,-

864 1959 1189 1999 LangerrnannianuS,
1209 1959 1342 1992 inculta»,
1358 1958 1526 1998 neglectae.

867 2009 1025 2043 Famulus,
1043 2018 1098 2049 per
1121 2018 1214 2048 quem
1237 2006 1343 2036 Diana
1358 2007 1528 2038 vindictam

865 2057 1042 2087 exercebat.
1089 2055 1191 2085 Etiam
1212 2055 1265 2085 Dii
1290 2055 1433 2091 minores,
1450 2067 1528 2096 quo-

866 2116 931 2135 rum
956 2104 1132 2135 ministeiiis
1154 2103 1325 2145 superiores
1349 2105 1527 2141 utebantur,

867 2153 975 2184 horum
1001 2154 1120 2194 ιἷὶιγηιιΙί
1157 2153 1313 2182 dicuntur.
1373 2153 1530 2183 Successus

867 2205 952 2237 unni,
999 2201 1154 2232 fertilitas.
1215 2202 1340 2237 Plenus,
1388 2201 1529 2242 frugibus

867 2251 1039 2281 abundans.
1086 2251 1189 2290 Vulgo
1218 2250 1327 2289 (sicuti
1358 2256 1389 2280 et
1418 2250 1530 2281 nostris

867 2301 1037 2332 Codimbus
1052 2300 1179 2340 Regiis)
1202 2299 1304 2329 editur
1320 2300 1427 2338 plenis,
1443 2299 1528 2339 quod

866 2349 996 2384 dictum,
1023 2355 1057 2379 ut
1083 2349 1173 2378 Pont.
1200 2348 1260 2378 IV.
1286 2347 1340 2376 vii.
1372 2348 1422 2376 17.
1446 2349 1529 2386 pleni

856 2399 997 2439 fruc-tux,
1027 2397 1163 2439 plurimi.
1208 2396 1290 2426 Vide
1320 2395 1359 2425 ad
1393 2407 1422 2426 x.
1451 2397 1528 2427 290.

873 2448 1024 2477 Palladios
1049 2448 1159 2481 latices,
1185 2445 1298 2474 oleum.
1345 2444 1527 2485 Euripides:

870 2496 972 2532 Οὗτος
984 2494 1067 2530 ποτ’,
1078 2495 1110 2524 ἐκ
1121 2495 1183 2535 γῇς
1195 2492 1402 2534 πολύμετρον
1412 2492 1529 2533 λαβὼν

869 2544 997 2585 στάχυν
1027 2543 1122 2574 Ouum
1153 2541 1314 2583 (ἰπαρχὰς
1345 2542 1402 2572 οὐκ
1439 2542 1528 2572 ἔθυσε

870 2592 1023 2634 παρθένῳ
1047 2590 1198 2633 Ἀτέμιῖι.
1244 2592 1291 2621 Ea
1318 2601 1407 2621 sacra
1436 2596 1530 2621 vocat

871 2642 1034 2676 Homerus,
1065 2651 1154 2671 versu
1189 2641 1262 2671 530.
1290 2639 1446 2676 θαλύσια,
1475 2639 1530 2670 ubi

870 2690 940 2721 vide
955 2689 1061 2721 Schol.
1080 2689 1165 2732 Lips.
1178 2689 1209 2719 in
1226 2694 1290 2720 not.
1308 2689 1384 2719 ΕΠ).
