1779 3130
245 169 300 211 80
638 166 688 207 Ρ.
723 164 936 207 OVIDII
970 166 1248 208 NASONIS

246 283 461 331 Diffudit
498 280 781 329 miseranda
812 297 985 332 suum:
1037 297 1154 328 mox
1191 281 1400 329 deinde:
1426 287 1474 305 “‘
1501 280 1633 335 Quid

445 365 610 406 autem

245 436 493 492 Flemus,”
519 435 620 482 ait?
660 441 690 458 “
717 434 884 498 pellex
909 433 1124 480 lacrimis
1150 434 1398 482 laetabitur
1422 433 1558 481 istis:

243 514 366 569 Quae
399 513 633 576 quoniam
662 512 912 567 adventat,
942 512 1308 575 properandum
1336 509 1629 574 aliquidque

441 589 723 637 novandum
749 595 842 645 est,
1540 589 1631 634 145

243 668 377 715 Dum
393 667 526 723 licet,
540 673 591 714 et
605 666 825 713 nondum
835 665 1078 713 thalamos
1095 672 1234 713 tenet
1249 665 1404 712 altera
1417 670 1629 711 nostros.

243 746 551 808 Conquerar,
565 760 626 790 an
642 743 843 790 sileam?
861 750 1083 806 repetam
1095 742 1372 806 Calydona,
1385 741 1631 789 morerne?

243 822 502 870 Excedam
528 821 674 868 tectis
696 821 713 867 ἲ
751 837 830 877 an,
858 820 898 867 si
924 820 1045 866 nihil
1067 820 1297 884 amplius,
1325 818 1552 868 obstem?

243 899 392 954 Quid,
415 899 455 945 si
481 914 576 953 me,
600 897 871 959 Meleagre‚
895 904 1031 944 tuam
1051 913 1239 945 memor
1259 914 1369 945 esse
1394 911 1630 950 sororem,

242 976 390 1024 Forte
415 991 534 1040 paro
558 974 778 1028 facinus;
821 982 1165 1038 quantumque
1190 975 1369 1038 injuria
1395 973 1567 1038 possit,

243 1053 609 1116 Femineusque
634 1052 788 1107 dolor,
810 1052 1041 1115 jugulata
1065 1052 1242 1116 pellice
1267 1059 1423 1100 testor
1437 1051 1485 1098 ?'’
1538 1053 1625 1097 151

242 1131 478 1179 Incursus
506 1130 698 1177 animus
724 1129 882 1177 varios
908 1130 1084 1177 habet:
1126 1130 1354 1177 omnibus
1380 1129 1450 1176 illi

241 1208 468 1256 Praetulit
492 1208 732 1256 imbutam
760 1207 967 1256 Nessaeo
993 1207 1234 1270 sanguine
1259 1214 1448 1254 vestem

243 1286 464 1342 Mittere,
494 1303 605 1349 quae
630 1286 755 1333 vires
782 1286 975 1334 defecto
997 1285 1172 1333 reddat
1196 1284 1371 1341 amori3

241 1363 523 1426 Ignaroque
550 1363 731 1420 Lichae,
760 1363 881 1426 quid
906 1363 1069 1411 tradat
1093 1362 1278 1418 nescia,
1305 1363 1468 1409 luctus
1533 1363 1622 1407 155

288 1536 360 1566 145.
386 1536 537 1565 Adventui*
553 1545 606 1576 pro
620 1536 756 1565 adveniet
772 1544 789 1565 e
804 1534 902 1566 tribus

241 1583 329 1614 dedit
348 1582 507 1619 Heinsius,
530 1594 623 1624 quem
650 1582 731 1614 vide.
777 1585 901 1624 Aliquid

239 1634 419 1668 noi-andum,
433 1631 553 1674 aliquid
564 1631 765 1663 moliendum.
792 1633 901 1664 Thala-

241 1693 299 1712 mos
322 1688 400 1712 tenet
422 1689 546 1717 nostros,
570 1692 625 1723 pro
644 1692 694 1712 me
713 1682 816 1713 uxoris
833 1683 902 1724 jure

241 1730 369 1769 fruitur;
401 1730 433 1761 ii.
459 1732 534 1762 513.
557 1742 610 1769 pro
631 1742 675 1762 me
701 1737 781 1761 tenet
805 1733 902 1762 altera

240 1781 356 1811 coelum.
379 1780 417 1810 In
434 1780 480 1810 his
492 1782 590 1810 altera
605 1779 756 1810 invidiose
772 1780 902 1811 dictum.

287 1829 358 1860 147.
393 1829 575 1869 Conquerar,
592 1841 630 1861 an
646 1829 775 1869 sileam]
817 1829 901 1866 Quid

242 1878 387 1910 moliatur
401 1877 512 1908 mulier
527 1878 647 1909 consilii
663 1878 752 1920 inops
768 1886 797 1909 et
814 1879 903 1909 sola?

241 1927 296 1958 Nil
312 1927 339 1958 ei
356 1928 418 1958 fere
434 1928 576 1959 relictum
597 1934 656 1964 est,
675 1928 733 1959 nisi
751 1931 901 1968 conqueri,

242 1982 297 2008 aut
322 1984 450 2016 repetere
476 1977 603 2008 domum
627 1983 789 2018 paternam
810 1978 900 2017 (ulti-

242 2036 327 2056 mum
338 2032 517 2056 vexatarum
531 2026 696 2067 conjugum
708 2026 901 2067 perfugium)

244 2080 297 2105 aut
313 2075 425 2105 obstare
440 2074 624 2115 aliquandiu
640 2075 757 2116 pellici.
789 2075 839 2106 De
855 2075 902 2106 his

241 2134 314 2164 ergo
329 2133 435 2154 secum
451 2122 616 2154 deliberat.
641 2123 672 2154 Si
684 2125 760 2154 nihil
775 2125 903 2164 amplius

243 2172 387 2208 efficiam,
408 2172 519 2202 saltem
542 2173 656 2203 obstem.
701 2173 778 2203 Mox
800 2179 902 2204 tamen

242 2221 344 2252 fratris
359 2221 530 2252 recordatio
549 2221 686 2252 animum
707 2222 735 2252 ei
750 2222 900 2253 audacem

243 2271 365 2310 reddit;
398 2270 526 2302 virtutes
554 2271 637 2301 enim
667 2273 816 2312 majorum
850 2277 904 2302 aut

244 2320 544 2361 consanguineorum
553 2330 698 2360 magnam
711 2321 827 2352 habent
841 2321 903 2351 vim

245 2370 329 2412 apud
345 2370 495 2401 animum.
520 2371 570 2400 De
587 2370 740 2411 Meleagro
754 2370 825 2401 vide
839 2370 904 2402 viii.

242 2420 305 2450 270
320 2430 389 2461 sqq.
419 2419 522 2449 Etiam
539 2419 667 2450 Heroid.
683 2419 727 2449 ix.
747 2421 820 2451 151.
859 2419 904 2449 Tu

242 2481 352 2510 quoque
376 2480 525 2510 cognosces
546 2470 577 2499 in
599 2480 654 2505 me,
673 2470 837 2511 Meleagre,
860 2482 901 2501 so⁴

246 2530 352 2549 rorem.
398 2517 533 2557 Injuria,
560 2527 670 2548 sensus
698 2517 817 2559 injuriae
849 2528 901 2548 ac—

244 2573 356 2609 ceptae.
405 2567 510 2603 Possit,
526 2567 630 2598 valeat
646 2567 729 2609 apud
750 2568 900 2598 animum.

246 2617 356 2651 Testor,
377 2615 490 2656 insigni
513 2616 655 2657 exemplo
677 2616 852 2657 aequalibus
873 2623 904 2647 et

245 2665 376 2708 posteris
390 2665 532 2695 ostendo.

291 2715 360 2745 152.
377 2713 650 2744 Incursns—hobet
664 2726 672 2749 ,·
688 2714 780 2744 nostri
797 2715 901 2755 Regii,

972 1536 1011 1566 Ιιι
1041 1536 1264 1569 cursus—abit,
1294 1533 1379 1575 quod
1403 1533 1634 1574 interpretarer,

969 1585 1001 1615 in
1021 1585 1158 1616 diversas
1179 1583 1405 1625 cogitationes;
1430 1582 1504 1613 istos
1525 1592 1634 1612 cursus

969 1633 1066 1664 animi
1096 1632 1244 1670 διανοίας
1272 1632 1381 1663 dicunt
1409 1630 1523 1662 Graeci.
1568 1629 1631 1661 Sed

970 1683 1080 1714 melius
1103 1693 1141 1713 ex
1168 1682 1313 1714 Palatino
1340 1681 1450 1712 Heius.
1474 1680 1551 1711 lexit
1576 1680 1631 1711 In-

969 1744 1075 1763 cursus
1090 1733 1185 1763 habet.
1209 1731 1364 1767 Incursus,
1381 1731 1528 1772 impetus.
1551 1729 1632 1760 Ani-

970 1792 1039 1811 mus
1055 1781 1121 1822 ejus
1139 1791 1222 1811 nunc
1244 1780 1305 1811 huc
1327 1779 1432 1815 fertur,
1448 1789 1530 1810 nunc
1546 1778 1634 1810 illue.

970 1830 1123 1866 Tandem,
1147 1836 1182 1860 ut
1207 1839 1288 1871 saepe
1311 1829 1356 1865 fit,
1378 1829 1482 1860 nescia
1502 1828 1541 1858 ad
1564 1839 1633 1870 per-

971 1879 1211 1911 niciosissimum
1236 1879 1374 1909 omnium
1397 1878 1559 1909 consilium
1579 1877 1634 1908 de-

971 1930 1078 1960 fertur.
1104 1929 1246 1959 Omnibus
1261 1930 1308 1959 illi
1320 1939 1357 1959 ex
1369 1927 1507 1959 secundo
1518 1927 1633 1958 Moreti

971 1978 1095 2020 accepit
1133 1978 1281 2009 Heinsius
1316 1988 1370 2019 pro
1407 1979 1540 2008 omnibus
1570 1978 1634 2008 illis

973 2028 1057 2069 quod
1075 2029 1180 2058 caeteri
1197 2028 1246 2068 (ct
1260 2027 1355 2057 nostri
1374 2026 1485 2068 Regii)
1502 2026 1633 2057 habent.

976 2077 1129 2113 Omnibus,
1163 2077 1360 2114 incursibus3
1400 2078 1461 2111 illi,
1492 2075 1634 2107 Herculi.

970 2127 1124 2166 Defectus,
1142 2127 1195 2167 qui
1210 2126 1335 2161 defecit,
1351 2133 1387 2156 ut
1402 2124 1466 2155 xiii.
1483 2126 1559 2155 477.

1016 2177 1087 2207 155.
1114 2175 1241 2217 Ιὲηανιη
1253 2174 1324 2205 vide
1337 2174 1376 2205 ad
1391 2174 1436 2204 iii.
1451 2175 1483 2205 3.
1508 2174 1631 2211 Lichae3

970 2225 1008 2255 de
1029 2225 1181 2267 scriptura
1203 2225 1294 2266 hujus
1317 2223 1459 2260 nominis,
1477 2224 1559 2265 quod
1582 2224 1632 2255 hic

972 2274 1066 2314 vulgo
1091 2274 1211 2315 Lychoe,
1237 2273 1303 2304 haec
1327 2273 1496 2304 Heinsius:
1530 2274 1632 2304 Lichae

972 2323 1087 2364 passim
1100 2322 1299 2353 scribendum
1313 2328 1375 2352 tam
1383 2321 1433 2352 hic
1444 2333 1538 2364 quam
1548 2322 1633 2364 apud

973 2378 1131 2402 auctorem
1146 2372 1290 2402 Herculis
1301 2371 1394 2402 OEtaei
1409 2383 1416 2409 3
1434 2382 1534 2412 neque
1544 2372 1633 2402 aliter

973 2420 1129 2461 Hyginus,
1159 2421 1265 2451 fabula
1291 2421 1353 2458 36;
1394 2419 1478 2462 apud
1506 2420 1634 2451 Graecos

976 2469 1078 2510 Λίχας
1090 2478 1136 2500 est
1148 2482 1155 2508 ;
1179 2469 1223 2500 ita
1237 2469 1406 2511 Sophocles
1416 2469 1447 2499 in
1459 2469 1633 2500 Trachiniis

972 2529 1066 2560 saepe,
1095 2519 1266 2560 Hischylus
1294 2519 1326 2549 in
1356 2518 1479 2549 Glauco
1507 2517 1633 2549 Marino

972 2567 1056 2609 apud
1080 2569 1277 2604 Strabonem,
1300 2567 1520 2609 Apollodorus,
1541 2568 1630 2598 Tzet-

971 2626 1019 2647 zes
1045 2617 1077 2647 in
1103 2617 1241 2648 Chiliad.
1266 2622 1297 2648 et
1323 2616 1389 2647 alii.
1416 2616 1509 2658 Regii
1536 2616 1631 2647 nostri

972 2667 1083 2698 Licha.
1111 2667 1230 2703 Lichas,
1246 2666 1381 2697 famulus
1396 2666 1553 2697 Herculis.
1575 2666 1629 2696 Se-

971 2716 1105 2747 cundum
1125 2715 1202 2747 alios
1226 2717 1334 2747 Lichas
1351 2716 1389 2746 ab
1405 2716 1471 2757 ipso
1492 2715 1629 2746 Hercule
