1779 3130
218 171 303 213 278
594 172 644 212 P.
681 172 893 212 OVIDII
929 173 1208 216 NASONIS

219 288 484 336 Proximus
507 293 559 332 ut
584 293 803 342 steterat,
825 295 1057 349 spectans
1083 289 1257 336 altaria
1280 291 1415 338 vultu

217 365 425 412 Fumida
447 363 649 410 terribili
669 380 677 410 :
709 369 738 387 “
758 363 860 410 Cur
885 365 1030 422 non,⁷’
1057 366 1138 422 ait,
1170 372 1201 389 “
1224 367 1407 413 utimur
1431 367 1538 414 istis
1555 368 1603 414 Γ

218 443 451 504 Cumque
473 440 574 486 suis
592 440 825 502 Gryneus
847 440 1114 489 immanem
1130 444 1333 490 sustulit
1347 460 1482 491 aram
1507 447 1604 491 260

216 519 440 581 Ignibus,
469 525 518 564 et
542 517 761 564 medium
788 517 1110 581 Lapitharum
1126 520 1250 582 jecit
1274 521 1324 567 in
1350 537 1544 583 agmen,

216 596 579 659 Depressitque
599 595 724 641 duos
752 594 971 642 Brotean
995 603 1046 643 et
1072 595 1258 644 Orion:
1301 597 1420 643 Orio

215 673 380 720 Mater
404 678 510 718 erat
536 670 756 732 Mycale,
785 688 935 734 quam
960 672 1231 719 deduxisse
1257 675 1480 721 canendo

216 750 362 813 Saepe
387 748 647 795 reluctanti
667 749 930 795 constabat
954 764 1139 796 cornua
1163 749 1309 797 lunae.

215 833 245 851 ‘⁶
274 826 389 873 Non
414 825 617 888 impune
642 824 785 880 feres,
814 825 899 872 teli
925 826 1070 873 modo
1097 827 1243 889 copia
1267 826 1462 881 detur,’'

214 903 425 950 Dixerat
451 901 704 959 Exadius3
735 902 923 965 telique
948 903 1099 950 habet
1117 904 1288 959 instar,
1316 904 1366 950 in
1391 903 1492 950 alta

213 980 337 1034 Quae
363 979 557 1027 fuerant
581 980 718 1042 pinu,
745 980 893 1027 votivi
919 997 1103 1028 cornua
1129 982 1275 1028 cervi.

212 1057 403 1119 Figitur
428 1057 542 1103 huic
564 1056 751 1119 duplici
773 1056 1005 1120 Gryneus
1032 1057 1081 1104 in
1106 1058 1293 1104 lumina
1312 1073 1465 1113 ramo,

211 1134 515 1197 Eruiturque
539 1135 739 1191 oculos;
782 1150 992 1197 quorum
1018 1151 1131 1198 pars
1157 1136 1389 1182 cornibus
1415 1136 1597 1191 haeret3

211 1212 337 1259 Pars
356 1213 465 1259 fluit
482 1212 531 1258 in
546 1213 768 1267 barbam,
787 1220 1121 1276 concretaque
1141 1213 1381 1275 sanguine
1396 1212 1596 1275 pendet.

211 1290 345 1337 Ecce
370 1290 498 1352 rapit
521 1289 698 1336 mediis
723 1291 1015 1352 flagrantem
1042 1290 1255 1336 Rhoetus
1282 1291 1343 1336 ab
1363 1289 1458 1336 aris
1502 1291 1593 1334 271

208 1366 491 1413 Prunitium
516 1373 714 1422 torrem,
742 1367 1021 1430 dextraque
1047 1383 1076 1413 a
1099 1374 1239 1429 parte
1267 1366 1485 1413 Charaxi

255 1501 329 1531 258.
355 1499 406 1534 Ut,
424 1504 529 1540 utpote
546 1498 611 1539 qui.
645 1499 781 1530 Causam
803 1500 872 1531 red-

211 1549 268 1585 dit,
284 1559 339 1579 cur
362 1549 506 1589 Gryneus
531 1558 582 1578 ara
604 1559 696 1578 usus:
723 1549 761 1579 sit
781 1559 875 1580 causa

212 1605 316 1630 autem
340 1597 417 1628 solet
440 1607 458 1627 a
480 1596 600 1627 Latinis
619 1597 701 1627 facto
724 1598 873 1640 praeponi.

211 1649 358 1689 Congruit
380 1647 456 1677 talia
476 1657 562 1677 arma
583 1647 771 1677 immanibus
795 1659 872 1689 pug-

210 1697 351 1729 nantium
369 1695 556 1737 corporibus,
570 1695 608 1726 de
624 1695 738 1737 quibus
753 1696 793 1727 ad
806 1707 873 1727 ver-

211 1758 278 1778 sum
296 1747 372 1777 352.

254 1797 327 1827 262.
345 1797 519 1835 Depressit;
541 1795 634 1835 vulgo
651 1795 700 1831 (et
717 1794 747 1825 in
764 1794 873 1836 Regiis

210 1844 338 1882 nostris)
368 1846 528 1883 oppressit5
564 1843 617 1874 sed
655 1845 807 1882 depressit,
838 1849 872 1874 ut

210 1895 285 1926 alibi
314 1896 431 1934 clegjecit,
456 1893 495 1924 ad
526 1899 639 1923 terram
667 1892 753 1923 dedit
777 1893 871 1923 inter-

209 1946 319 1975 fectos.
368 1943 463 1977 Quum
493 1944 655 1977 deduxisse,
684 1948 744 1972 etc.
775 1953 870 1983 quam

209 1993 373 2024 constabat
395 2001 529 2032 magam,
551 1990 722 2021 veneficam
751 1991 867 2022 fuisse:

209 2042 279 2072 vide
305 2041 344 2071 ad
367 2041 410 2070 iv.
428 2041 509 2070 332:
532 2040 662 2074 Seneca,
686 2040 780 2070 Herc.
800 2041 866 2070 (Εἰ.

210 2093 284 2122 525.
300 2091 365 2121 sine
389 2089 482 2120 (lubio
508 2100 544 2119 ex
570 2089 628 2119 hoc
651 2094 752 2119 nostro
778 2088 865 2119 loco:

211 2141 276 2171 Hoc
311 2142 397 2170 docta
429 2139 551 2178 Mycale
583 2139 732 2168 Thessalas
768 2140 869 2168 docuit

210 2201 316 2225 nurus,
339 2189 435 2219 Unum
461 2190 540 2217 iuter
558 2198 653 2217 omnes
670 2187 759 2217 Luna
782 2199 869 2227 quam

208 2242 343 2280 sequitur
363 2250 489 2279 magam.
537 2238 689 2272 Canemio,
704 2236 868 2267 incantan-

211 2289 261 2323 do,
291 2294 324 2318 ut
348 2288 495 2321 carmina,
522 2285 759 2315 incantationes.
797 2286 867 2315 Cor-

211 2350 270 2369 nua
293 2339 369 2367 lame
387 2346 472 2365 mera
485 2334 672 2376 periphrasis
688 2335 780 2369 lunae,
798 2345 868 2375 quae

211 2398 271 2418 non
286 2386 343 2417 nisi
360 2391 497 2426 tempore
519 2384 661 2414 defectus
675 2383 789 2414 deduci
803 2394 868 2414 cre-

209 2437 351 2469 debatur,
368 2444 428 2475 quo
448 2439 585 2474 tempore
602 2443 661 2462 non
678 2431 868 2461 corniculata

210 2490 350 2526 apparet,
387 2482 441 2513 sed
478 2482 581 2523 plena.
634 2480 739 2521 Magis
775 2480 869 2520 igitur

211 2534 286 2564 mihi
310 2533 414 2574 placet
428 2531 555 2571 vulgatu
582 2529 686 2565 lectio,
715 2531 866 2560 reluctan-

210 2585 268 2619 tis,·
294 2592 364 2611 nam
382 2580 530 2610 Heinsius
546 2579 598 2619 qui
620 2579 750 2608 alteram
775 2578 866 2608 trium

211 2631 305 2661 MSS.
328 2629 512 2660 auctoritate
533 2627 661 2669 recepit,
676 2627 815 2657 dativum
836 2627 867 2656 in

211 2680 269 2710 hac
295 2679 392 2708 forma
415 2677 559 2718 loquendi
591 2676 680 2706 nimis
705 2676 866 2706 affectasse

210 2728 341 2759 videtur.
387 2726 519 2757 Lenzius
552 2726 669 2766 praefen
702 2726 865 2759 reluctans,

942 1500 1024 1542 quod
1041 1500 1158 1531 habent
1173 1499 1297 1541 plurimi
1310 1501 1359 1539 (et
1372 1498 1465 1529 nostri
1478 1498 1601 1538 Regii.)

941 1550 1002 1580 Pro
1018 1550 1176 1584 reluctari,
1186 1549 1314 1579 verbum
1327 1548 1483 1590 proprium
1498 1546 1530 1577 in
1542 1548 1600 1577 hac

941 1609 972 1629 re
989 1603 1036 1629 est
1052 1599 1196 1628 laborare.

984 1648 1060 1678 266.
1085 1647 1220 1677 Euulius
1244 1645 1381 1687 Lapitha
1403 1645 1495 1675 etiam
1517 1645 1600 1687 apud

942 1697 1113 1727 Homerum
1127 1703 1160 1727 et
1172 1695 1343 1726 Hesiodum
1356 1694 1502 1725 occurrit.
1527 1695 1600 1725 For-

941 1745 1059 1776 mulam
1077 1748 1172 1775 instar
1184 1746 1289 1775 habere
1305 1750 1389 1774 amat
1400 1744 1514 1774 Noster
1529 1754 1601 1774 cum

941 1794 1019 1829 aliis,
1039 1805 1135 1835 quum
1161 1794 1231 1835 quis
1253 1794 1358 1834 aliqua
1381 1803 1413 1823 re
1432 1793 1499 1823 loco
1521 1794 1598 1823 alte-

940 1843 1012 1879 rius,
1029 1854 1099 1884 quae
1115 1842 1236 1885 proprie
1252 1843 1283 1873 in
1300 1853 1371 1873 eum
1391 1852 1480 1872 usum
1503 1841 1599 1872 desti-

940 1899 1023 1928 nata,
1051 1892 1158 1923 utitur.
1203 1892 1254 1923 Sic
1275 1892 1308 1922 in
1328 1892 1399 1922 Art.
1423 1891 1531 1922 Amat.
1554 1891 1600 1923 iii.

939 1942 1012 1972 490.
1040 1942 1151 1972 ἆῖῐηιῑί
1179 1941 1327 1982 fulminis
1365 1943 1461 1971 instar
1498 1941 1596 1971 habet.

942 1991 1052 2026 Votiri,
1075 2001 1111 2020 ex
1135 1996 1206 2020 voto
1228 1989 1336 2020 oblati.
1371 1991 1418 2020 Ex
1436 1989 1598 2020 venatibus

937 2047 1041 2081 partes
1052 2040 1194 2070 solebant
1207 2039 1278 2069 Diis
1295 2039 1467 2070 consecrari
1482 2044 1513 2069 et
1529 2050 1596 2070 sus-

936 2089 1028 2131 pendi
1049 2089 1097 2119 vel
1125 2100 1162 2119 ex
1189 2088 1360 2123 arboribus,
1387 2087 1435 2118 vel
1459 2087 1543 2118 tholo
1565 2094 1597 2118 et

937 2138 977 2168 ad
1003 2138 1150 2178 fastigia,
1178 2137 1338 2178 Virgilius,
1366 2137 1440 2167 AEn.
1464 2137 1506 2167 ix.
1534 2138 1595 2168 407

937 2198 982 2228 sq.
1031 2187 1125 2222 Huic,
1144 2187 1182 2217 ab
1203 2186 1271 2222 hoc,
1289 2186 1438 2216 Heinsius
1454 2185 1542 2216 dedit
1557 2197 1594 2218 ex

936 2236 1028 2267 MSS.
1075 2236 1200 2270 Hamus,
1215 2246 1310 2265 cornu
1324 2245 1489 2265 ramosum.

980 2287 1054 2316 272.
1076 2285 1146 2315 Tali
1173 2291 1251 2314 torre
1274 2291 1304 2314 et
1325 2284 1466 2319 Perseus,
1486 2296 1517 2314 v.
1541 2285 1593 2315 57.

937 2334 1043 2365 utitur.
1091 2333 1151 2363 Sed
1178 2345 1233 2364 ara
1258 2343 1340 2363 nunc
1365 2333 1430 2373 jam
1454 2333 1595 2374 conjecta

937 2390 1003 2413 erat
1023 2383 1101 2413 inter
1123 2383 1271 2424 Lapithas
1288 2393 1349 2412 ver.
1365 2383 1438 2412 260.
1479 2382 1593 2413 Pmmi-

937 2435 1011 2462 cium
1038 2442 1055 2462 a
1083 2443 1182 2471 pruno
1206 2442 1283 2461 nove
1313 2431 1443 2462 dictum.
1490 2431 1595 2472 Vulgo

937 2484 984 2523 (et
999 2482 1029 2511 in
1046 2481 1156 2511 nostris
1165 2480 1292 2520 Regiis)
1304 2482 1481 2519 primitium.
1511 2481 1591 2511 Der-

937 2538 983 2560 trn
1009 2543 1026 2560 ιι
1050 2536 1134 2568 parte
1162 2536 1289 2567 tempora
1313 2528 1389 2558 nihil
1415 2528 1512 2564 aliud,
1534 2530 1591 2559 nisi

934 2579 1044 2610 dextra
1053 2584 1201 2618 tempora,
1213 2576 1476 2618 quemadmodum
1487 2589 1503 2606 α
1521 2578 1592 2608 Iaeva

932 2636 1020 2668 purte
1056 2629 1173 2662 lacerti,
1209 2627 1252 2656 ix.
1289 2627 1340 2656 82.
1394 2626 1591 2667 Petj‘ringit;

935 2688 1014 2707 unus
1038 2675 1200 2706 Leidensis
1225 2677 1413 2714 pwzstrz’niit',
1443 2674 1496 2705 sed
1525 2687 1592 2713 per-

934 2730 1080 2766 stringere
1095 2731 1140 2755 est
1157 2724 1265 2755 leviter
1285 2730 1405 2755 tanturn
1425 2723 1565 2755 sauciare
1582 2736 1589 2761 ς
