1779 3130
411 154 1029 197 METAMORPHOSEON
1061 154 1180 197 LIB.
1213 155 1304 197 XI.
1464 156 1550 198 249

165 267 232 316 Et
256 269 362 317 sine
387 285 466 316 me
491 286 570 317 me
595 275 775 332 pontus
800 269 980 316 habet:
1021 269 1265 316 crudelior
1289 269 1397 333 ipso
1449 273 1538 317 701

168 344 246 391 Sit
270 345 387 392 mihi
413 361 552 392 mens
577 345 772 408 pelago,
801 345 840 391 51
865 345 1014 392 vitam
1039 346 1223 393 ducere
1248 347 1375 393 nitar

166 421 400 482 Longius,
427 429 478 468 et
501 428 638 467 tanto
665 436 883 483 pugnem
909 437 1170 483 superesse
1194 422 1365 468 dolori.

166 496 267 543 Sed
283 513 445 558 neque
461 497 716 560 pugnabo;
747 512 838 543 nec
854 503 919 551 te,
934 496 1229 552 miserande,
1243 497 1517 559 relinquam
1531 516 1542 555 3

162 571 228 619 Et
247 573 338 619 tibi
359 589 489 620 nunc
511 574 687 620 saltem
706 573 900 619 veniam
921 588 1114 629 comes3
1145 573 1295 635 inque
1315 574 1543 636 sepulcro

162 647 216 693 Si
236 664 335 694 11011
360 665 496 705 urna,
520 657 687 696 tamen
706 651 885 711 junget
909 665 998 696 nos
1024 649 1193 696 litera:
1234 651 1275 695 si
1301 666 1396 696 non
1447 652 1541 696 706

162 723 375 771 Ossibus
401 741 514 772 ossa
537 725 676 780 111015,
704 732 754 772 at
778 741 958 772 nomen
984 725 1182 772 nomine
1207 725 1459 787 tangam.”

159 798 311 847 Plura
334 801 473 848 dolor
498 801 753 864 prohibet3
782 802 1032 863 verboque
1058 801 1320 848 intervenit
1343 801 1476 848 omni

159 875 391 938 Plangor,
418 885 468 924 et
492 878 698 925 attonito
724 878 937 939 gemitus
963 893 990 924 e
1016 878 1162 924 corde
1188 878 1464 924 trahuntur.

226 951 380 1000 Mane
405 960 538 1001 erat:
578 953 828 1015 egreditur
853 953 998 1000 tectis
1025 954 1087 1000 ad
1112 953 1245 1009 litus,
1274 961 1323 1000 et
1348 953 1486 999 illum

159 1027 344 1075 Moesta
368 1029 531 1075 locum
556 1029 752 1092 repetit,
780 1029 841 1076 de
867 1045 965 1091 quo
992 1030 1242 1092 spectarat
1266 1036 1482 1077 euntem.

160 1103 410 1166 Dumque,
434 1111 464 1129 “
482 1104 706 1152 Moratus
728 1105 845 1161 ibi,''
866 1106 1104 1167 dumque,
1125 1111 1154 1130 “
1171 1106 1250 1152 hic
1269 1105 1543 1153 retinacula

355 1182 514 1236 solvit,

157 1256 269 1304 Hoc
294 1258 413 1305 mihi
438 1257 701 1304 discedens
727 1257 866 1304 dedit
889 1257 1060 1303 oscula
1080 1256 1269 1313 litore,''
1295 1257 1431 1312 dicit,

157 1333 394 1397 Dumque
412 1341 582 1382 notata
596 1333 753 1381 oculis
768 1333 1099 1382 reminiscitur
1113 1340 1240 1390 acta,
1257 1332 1538 1395 fretumque

154 1410 431 1474 Prospicit3
473 1411 522 1458 in
547 1411 751 1474 liquida,
778 1411 940 1474 spatio
965 1411 1198 1466 distante,
1225 1417 1391 1457 tuetur
1439 1412 1534 1456 715

153 1485 338 1534 Νο5010
363 1487 500 1550 quid,
527 1488 670 1550 quasi
694 1503 889 1551 corpus,
918 1504 1069 1551 aqua3
1105 1487 1382 1550 primoque,
1409 1485 1531 1549 quid

351 1563 473 1610 illud

197 1667 270 1698 702.
307 1666 405 1696 Vitam
428 1669 547 1702 ducere,
574 1667 668 1697 vitam
696 1667 811 1709 produ-

153 1725 233 1751 cere,
243 1715 434 1758 prolongare,
443 1722 476 1745 ut
490 1717 597 1745 (lucere
609 1716 717 1745 bellum
729 1716 811 1756 apud

925 1668 997 1699 710.
1023 1668 1113 1697 Mune
1129 1674 1205 1703 erat,
1220 1666 1298 1706 etc.]
1325 1665 1470 1707 Sequitur
1484 1665 1538 1707 fig-

881 1722 1018 1747 mentum
1041 1716 1079 1746 ad
1101 1714 1399 1746 commiserationem
1420 1714 1538 1745 facien-

151 1764 321 1795 historicos.
351 1764 498 1806 Pugnant
513 1769 545 1795 et
560 1766 705 1794 nituntur
715 1764 811 1794 vitam

151 1815 342 1855 prolongare,
357 1813 410 1854 qui
434 1813 537 1844 omnia
560 1818 704 1843 avertunt
729 1823 747 1843 a
767 1823 810 1848 se,

152 1873 223 1903 quae
236 1867 364 1892 mortem
382 1861 568 1898 accelerent,
584 1861 750 1902 omniaque
767 1861 809 1891 sa-

151 1911 248 1947 ciunt,
264 1911 378 1952 quibus
389 1916 472 1941 10013
489 1910 636 1941 valetudo
651 1921 810 1941 conserve-

151 1966 212 1991 tur.
255 1961 349 1991 Hunc
365 1970 489 1991 sensum
507 1960 650 1990 omnibus
670 1960 811 1989 animan-

152 2008 237 2039 tibus
259 2008 387 2039 insitum
411 2009 592 2050 extinguere
614 2007 693 2043 vult,
717 2013 811 2048 atque

153 2057 232 2088 adeo
254 2057 323 2099 ipsa
351 2057 409 2088 sibi
435 2063 563 2088 mortem
588 2057 749 2092 asciscere,
772 2067 810 2087 ne

152 2110 250 2136 morte
267 2105 434 2136 divellatur
450 2116 468 2136 a
483 2106 627 2147 conjuge.
671 2105 763 2142 Quod
780 2105 811 2136 ni

151 2155 279 2190 faceret,
312 2155 463 2184 crudelior
499 2162 568 2185 esset
602 2157 662 2193 ipso
696 2156 812 2195 pelago.

149 2204 217 2234 Has
232 2213 324 2233 voces
347 2208 451 2233 autem
473 2213 535 2233 11011
557 2202 649 2232 modo
670 2213 809 2234 summus

151 2252 238 2283 dolor
252 2251 411 2293 expressit,
427 2251 481 2282 sed
497 2250 601 2293 opinio
613 2251 707 2281 etiam
724 2257 807 2282 vete-

151 2311 218 2331 rum
232 2298 398 2341 suggessit.
430 2300 573 2330 Crudeles
585 2300 667 2330 0111111
679 2304 709 2330 01
725 2301 807 2339 impii

149 2349 356 2384 habebantur,
373 2354 467 2389 atque
483 2348 560 2379 adeo
578 2348 610 2379 in
626 2359 806 2379 monumen-

150 2398 191 2430 115
205 2398 406 2433 vocabantur,
422 2398 475 2438 qui
496 2397 601 2428 liberis
619 2403 651 2428 et
671 2397 807 2438 conjugi-

149 2448 209 2478 bus
220 2445 400 2489 superstites
413 2456 480 2477 esse
495 2446 699 2477 sustinebant.
745 2446 806 2476 Im-

149 2497 230 2534 piam
251 2497 440 2525 vivacitatem
463 2499 555 2525 vocat
577 2493 710 2531 Quintil.
729 2494 808 2525 Inst.

151 2545 208 2575 Or.
225 2543 266 2575 vi.
286 2553 416 2585 prooem.
431 2544 464 2573 3.
486 2543 538 2574 ubi
559 2543 622 2573 vid.
638 2543 807 2578 Gesnerus,

151 2598 182 2623 et
198 2592 350 2623 Gruterus
364 2592 508 2634 Inscript.
523 2602 596 2634 pag.
613 2592 687 2622 762.
704 2593 735 2622 2.

196 2640 268 2670 708.
306 2641 462 2680 Verbaque,
491 2641 570 2681 etc.]
610 2639 659 2670 Ad
685 2639 808 2680 singula

155 2689 248 2720 verba
263 2689 414 2729 percussit
430 2694 548 2731 pectus.

198 2737 297 2767 VOL.
316 2738 376 2768 IV.

880 1764 953 1795 dam
979 1769 1096 1806 aptum,
1120 1774 1181 1805 quo
1207 1763 1340 1794 feliciter
1368 1763 1461 1793 etiam
1490 1764 1537 1794 usi

878 1818 950 1844 sunt
973 1814 1130 1843 Gesnerus
1153 1812 1184 1842 in
1208 1811 1304 1852 Idyll.
1328 1816 1359 1841 et
1379 1811 1539 1842 Gellertus

878 1861 909 1891 in
931 1860 1057 1891 fabulis.
1106 1861 1274 1901 Egreditur
1289 1861 1328 1890 ad
1352 1860 1434 1895 litus,
1451 1859 1539 1890 licuit

878 1915 977 1951 poetae
1001 1910 1128 1950 fingere,
1147 1908 1219 1940 licet
1239 1907 1372 1938 Trachin
1395 1918 1456 1938 non
1479 1907 1539 1938 sita

877 1958 970 1989 fuerit
984 1958 1015 1988 in
1030 1957 1132 1988 litore.

922 2007 994 2037 712.
1033 2006 1170 2036 Morams
1198 2004 1286 2036 dedit
1313 2015 1330 2035 e
1358 2005 1538 2046 conjectura

878 2055 1037 2092 Heinsius,
1050 2061 1084 2085 ut
1100 2055 1278 2096 Halcyones
1293 2053 1353 2084 sint
1368 2054 1472 2090 verba,
1482 2053 1538 2084 sed

879 2105 956 2136 forte
972 2104 1038 2135 sine
1053 2114 1166 2141 causa3
1187 2103 1280 2133 MSS.
1294 2109 1440 2133 moratur.
1475 2103 1537 2132 Re-

880 2154 1028 2189 tinacula,
1060 2153 1238 2194 πείσματα.
1284 2151 1368 2181 Vide
1403 2151 1442 2180 ad
1473 2150 1537 2182 viii.

879 2202 950 2232 102.
996 2201 1110 2232 Notare
1131 2202 1237 2236 oculis,
1254 2205 1289 2230 ut
1310 2211 1363 2230 xv.
1379 2200 1455 2230 660.
1472 2202 1537 2229 visu

875 2258 989 2281 notare.
1033 2251 1094 2281 Sed
1129 2256 1197 2281 acta
1225 2249 1277 2279 vix
1312 2248 1382 2279 ferri
1416 2254 1536 2291 potest3

875 2311 977 2341 neque
1001 2305 1106 2330 tamen
1130 2303 1293 2341 propterea
1311 2307 1383 2327 cum
1407 2295 1537 2326 Heinsio

875 2354 974 2379 totum
994 2359 1118 2379 versum
1141 2347 1274 2383 deleam,
1291 2345 1458 2376 adhibeam
1481 2355 1536 2386 po-

875 2397 936 2428 tius
950 2398 1053 2428 lenem
1069 2396 1244 2427 Burmanni
1260 2394 1429 2429 medelam,
1445 2395 1533 2424 remi-

875 2449 1004 2477 niscitur·
1030 2453 1110 2476 ante.
1155 2444 1288 2475 Lenzius
1313 2443 1470 2478 dubitans,
1494 2451 1535 2472 an

875 2502 944 2525 ante
974 2494 1065 2525 facile
1091 2493 1203 2524 mutari
1233 2493 1266 2523 in
1293 2497 1362 2523 acta
1389 2490 1535 2533 potuerit,

874 2543 982 2574 suadet
998 2549 1095 2578 accen,
1110 2541 1143 2572 id
1159 2548 1204 2572 est
1219 2541 1303 2571 litus.
1337 2541 1455 2570 Verum
1471 2548 1533 2569 non

875 2596 1015 2633 apparet,
1027 2601 1080 2621 cur
1092 2590 1225 2621 Ovidius
1242 2590 1353 2621 Graeco
1368 2588 1426 2619 hoc
1443 2597 1532 2619 voca-

875 2640 949 2671 bulo
964 2650 1037 2670 usus
1051 2639 1102 2670 sit.

1009 2736 1072 2765 lx'k
