1779 3130
197 179 282 220 292
589 176 639 216 Ρ.
672 174 884 216 OVIDII
918 174 1197 217 NASONIS

201 292 314 346 Qua
334 291 405 337 vir
429 305 559 352 equo
583 289 877 336 commissus
902 297 1034 337 erat:
1073 289 1190 336 furit
1212 289 1294 335 ille
1319 289 1503 344 dolore,

200 369 451 429 Nudaque
476 366 675 428 Phyllei
695 366 892 428 juvenis
918 366 1030 414 ferit
1053 382 1138 413 ora
1161 366 1369 413 sarissa:

201 444 315 490 Non
333 459 476 490 secus
488 443 593 489 haec
609 443 780 497 resilit,
793 458 943 504 quam
958 443 1078 490 tecti
1095 458 1124 488 a
1139 442 1354 489 culmine
1371 441 1558 504 grando
1573 459 1583 495 ;

198 520 301 566 Aut
324 520 364 565 si
390 519 501 582 quis
527 535 677 582 parvo
703 518 844 565 feriat
870 534 990 565 cava
1015 526 1256 582 tympana
1281 534 1418 565 saxo.
1490 519 1583 563 481

201 596 442 643 Cominus
469 595 771 658 aggreditur,
799 595 1041 657 laterique
1067 594 1336 642 recondere
1361 595 1482 640 duro

200 672 438 719 Luctatur
462 671 710 733 gladium:
749 671 912 732 gladio
937 671 1046 718 loca
1070 671 1238 733 pervia
1262 687 1359 717 non
1385 678 1516 717 sunt.

202 754 232 772 “
255 747 405 794 Haud
429 754 596 794 tamen
622 746 853 808 effugies3
888 747 1051 793 medio
1071 746 1380 808 jugulaberis
1407 762 1541 800 ense,

203 823 620 886 Quandoquidem
651 839 822 869 mucro
859 830 935 869 est
969 822 1187 879 hebes;”
1225 823 1414 885 inquit:
1454 829 1504 870 et
1540 821 1589 867 in

401 901 532 946 latus
558 916 728 946 ensem
1493 901 1590 944 485

205 975 462 1038 Obliquat,
489 977 738 1037 longaque
762 975 1080 1038 amplectitur
1105 974 1188 1021 ilia
1212 975 1405 1022 dextra.

202 1051 361 1113 Plaga
381 1051 500 1098 facit
525 1051 754 1113 gemitus,
777 1067 869 1097 ceu
896 1066 1101 1113 corpore
1125 1051 1379 1097 marmoris
1405 1050 1506 1106 icti,

202 1128 481 1191 Fractaque
507 1128 721 1174 dissiluit
746 1144 982 1191 percusso
1008 1127 1192 1174 lamina
1212 1128 1354 1175 collo.

205 1204 276 1251 Ut
300 1205 419 1251 satis
444 1204 624 1251 illaesos
650 1204 844 1251 miranti
871 1205 1082 1268 praebuit
1106 1211 1256 1261 artus,

205 1279 397 1327 “Nunc
418 1280 639 1342 age‚”ait
657 1280 886 1336 Caeneus,
907 1287 1116 1327 “nostro
1135 1288 1220 1326 tua
1242 1296 1450 1343 corpora
1465 1279 1592 1327 ferro

200 1355 474 1403 Tentemus
488 1356 532 1403 :”
558 1357 839 1419 capuloque
860 1364 1004 1403 tenus
1020 1356 1220 1403 demisit
1238 1356 1287 1402 in
1307 1373 1466 1403 armos
1489 1358 1581 1402 491

202 1432 389 1480 Ensem
414 1431 678 1487 fatiferum,
706 1449 993 1496 caecamque
1019 1433 1069 1479 in
1094 1433 1283 1480 viscera
1306 1434 1474 1488 movit,

202 1508 532 1571 Versavitque
557 1523 773 1565 manum,
799 1511 1080 1573 vulnusque
1105 1510 1152 1555 in
1179 1510 1379 1557 vulnere
1404 1509 1537 1557 fecit.

205 1584 339 1632 Ecce
365 1592 513 1632 ruunt
537 1593 676 1633 vasto
703 1587 861 1633 rabidi
884 1587 1098 1633 clamore
1122 1586 1439 1642 bimembres,

202 1660 425 1725 Telaque
436 1662 485 1708 in
496 1662 627 1709 hunc
637 1678 807 1709 omnes
819 1679 971 1709 unum
982 1662 1590 1725 mittuntque,feruntque.

203 1737 326 1784 Tela
350 1745 516 1785 retusa
539 1739 751 1786 cadunt:
792 1747 959 1786 manet
983 1739 1304 1803 imperfossus
1330 1741 1391 1786 ab
1417 1739 1550 1786 omni

204 1812 366 1876 Inque
392 1822 678 1862 cruentatus
707 1815 920 1862 Caeneus
948 1815 1170 1862 Elateius
1195 1816 1313 1864 ictu.
1492 1818 1589 1862 497

207 1888 416 1938 Fecerat
435 1892 669 1938 attonitos
687 1908 813 1939 nova
827 1909 920 1940 res.
950 1898 980 1916 “
994 1891 1131 1939 Heus
1142 1891 1593 1954 dedecusingens!”

206 2011 306 2041 hausit
326 2022 357 2041 v.
377 2012 447 2042 126.
495 2012 626 2052 Phyllus
643 2013 717 2043 urbs
733 2013 864 2044 Thessa-

205 2059 268 2095 liae,
284 2070 465 2101 quanquam
492 2061 612 2102 Hygin.
627 2061 692 2092 fab.
712 2063 760 2092 14.
776 2073 864 2092 mon-

208 2113 270 2138 tem
281 2108 312 2138 in
323 2109 486 2140 Thessalia
497 2110 658 2140 contendit
669 2121 747 2141 esse.
772 2111 866 2142 Nuda

204 2168 279 2193 ora‚·
302 2163 397 2199 caput
410 2158 501 2198 galea
517 2168 577 2188 non
592 2159 758 2190 munitum.

249 2207 324 2237 481.
350 2207 451 2243 Curva,-
476 2212 563 2238 erant
579 2208 663 2248 ligna
679 2219 815 2239 concava
835 2209 866 2239 in

932 2025 962 2043 v.
978 2013 1052 2043 204.
1068 2012 1106 2043 de
1127 2013 1236 2044 eadem
1258 2023 1302 2050 re,
1317 2015 1416 2044 sonuit
1433 2015 1592 2044 tinnitibus

933 2064 1008 2093 ensis
1023 2063 1134 2092 acutis.

977 2111 1050 2140 492.
1076 2110 1257 2151 Fatis'emtm,
1270 2110 1437 2141 letiferum.
1467 2111 1592 2146 Coecam,

934 2159 1007 2199 quia
1021 2159 1204 2189 abscondita
1218 2165 1283 2190 erat
1299 2159 1330 2189 in
1346 2159 1527 2196 visceribus,
1540 2169 1593 2191 ne-

934 2218 994 2248 que
1025 2209 1219 2238 cernebatur.
1269 2209 1385 2238 Vulnus
1413 2211 1445 2238 in
1470 2209 1594 2239 vulnere

206 2255 335 2286 formam
357 2256 484 2297 patinae,
508 2256 622 2297 quibus
643 2257 733 2298 pellis
753 2257 797 2287 ita
819 2257 865 2288 in-

207 2304 402 2340 tendebatur,
418 2310 453 2335 ut
476 2304 575 2346 lapilli
600 2305 631 2335 in
650 2316 719 2336 earn
739 2306 866 2337 immissi

206 2353 379 2390 resilirent3
415 2353 483 2384 vide
511 2354 651 2384 Perizon.
679 2354 719 2384 ad
749 2355 867 2385 AEliani

210 2401 285 2432 Yar.
302 2402 385 2432 Hist.
401 2402 446 2432 ix.
464 2403 496 2433 8.

252 2451 326 2481 486.
359 2451 466 2481 Ensem
492 2453 523 2481 in
548 2452 627 2481 lutus
649 2452 798 2492 obliquam
828 2453 867 2482 ab

209 2499 296 2529 initio
311 2501 451 2540 punctim
469 2501 693 2536 verberaverat,
710 2512 791 2531 nunc
808 2512 867 2531 cae-

211 2548 267 2578 sim
281 2560 286 2577 :
313 2549 439 2590 obliquo
453 2560 526 2580 ense
543 2550 611 2580 ferit
626 2550 717 2581 latus.
766 2550 867 2581 Gemi-

211 2604 258 2626 tus
273 2597 310 2627 de
330 2598 412 2628 ornni
431 2609 516 2635 sono,
532 2599 625 2629 etiam
647 2609 746 2629 rerum
768 2599 866 2630 inani-

212 2650 385 2683 matarum,
422 2646 493 2677 vide
518 2648 734 2678 Burmannum
760 2648 800 2678 ad
826 2648 867 2678 iv,

214 2694 286 2724 449.
302 2699 332 2724 et
348 2695 509 2726 Heinsium
527 2696 566 2726 ad
588 2696 652 2727 xiv.
670 2696 748 2728 739:
775 2707 865 2738 supra

923 2256 1017 2296 fecit,
1036 2257 1150 2287 abusus
1165 2256 1291 2297 ingenii.

977 2306 1050 2335 494.
1102 2306 1206 2342 l'usto;
1250 2307 1450 2336 Burmannus
1485 2305 1595 2336 laudat

933 2361 1047 2384 vastum
1064 2355 1209 2384 latratum
1225 2365 1241 2385 e
1259 2354 1445 2390 Columella,
1463 2354 1515 2384 vii.
1536 2355 1592 2392 l2;

934 2402 1028 2437 idem,
1047 2404 1066 2433 i.
1083 2404 1113 2433 9.
1132 2407 1294 2434 vastitatem
1315 2406 1412 2441 ’κρύη
1437 2403 1546 2434 Cicero
1562 2409 1593 2434 et

935 2451 1000 2486 alii,
1017 2460 1095 2482 vaste
1106 2454 1214 2482 dic-ere.

977 2502 1050 2531 496.
1088 2502 1157 2531 Tela
1187 2508 1285 2532 retusa
1315 2502 1456 2541 cadunt]
1500 2501 1592 2531 Novo

935 2550 1026 2579 modo
1050 2550 1308 2580 invulnerabilem
1334 2550 1492 2580 describit.
1539 2550 1593 2580 In-

935 2605 1120 2634 cruentat-us,
1132 2599 1214 2640 quod
1230 2609 1282 2640 per
1298 2599 1409 2629 tmesin
1424 2598 1593 2634 divulsum,

935 2658 989 2688 pro
1006 2650 1181 2679 incruentus
1196 2647 1312 2689 primus
1329 2647 1406 2678 dixit
1422 2647 1568 2678 Ovidius.
