<?xml version="1.0" encoding="UTF-8"?>
<!DOCTYPE html PUBLIC "-//W3C//DTD XHTML 1.0 Transitional//EN"
    "http://www.w3.org/TR/xhtml1/DTD/xhtml1-transitional.dtd">
<html xmlns="http://www.w3.org/1999/xhtml" xml:lang="en" lang="en">
 <head>
  <title>
</title>
<meta http-equiv="Content-Type" content="text/html;charset=utf-8" />
  <meta name='ocr-system' content='tesseract 3.04.00' />
  <meta name='ocr-capabilities' content='ocr_page ocr_carea ocr_par ocr_line ocrx_word'/>
</head>
<body>
  <div class='ocr_page' id='page_1' title='image "./povidiinasonisop04oviduoft_0301.png"; bbox 0 0 1779 3130; ppageno 0'>
   <div class='ocr_carea' id='block_1_1' title="bbox 384 155 1306 198">
    <p class='ocr_par' dir='ltr' id='par_1_1' title="bbox 384 155 1306 198">
     <span class='ocr_line' id='line_1_1' title="bbox 384 155 1306 198; baseline -0.001 0"><span class='ocrx_word' id='word_1_1' title='bbox 384 155 1003 198; x_wconf 88' lang='lat' dir='ltr'><strong>METAMORPHOSEON</strong></span> <span class='ocrx_word' id='word_1_2' title='bbox 1037 155 1155 197; x_wconf 86' lang='lat' dir='ltr'>LIB.</span> <span class='ocrx_word' id='word_1_3' title='bbox 1188 155 1306 197; x_wconf 91' lang='lat' dir='ltr'>XII.</span> 
     </span>
    </p>
   </div>
   <div class='ocr_carea' id='block_1_2' title="bbox 1450 159 1537 201">
    <p class='ocr_par' dir='ltr' id='par_1_2' title="bbox 1450 159 1537 201">
     <span class='ocr_line' id='line_1_2' title="bbox 1450 159 1537 201; baseline 0.011 -1"><span class='ocrx_word' id='word_1_4' title='bbox 1450 159 1537 201; x_wconf 75' lang='lat'>289</span> 
     </span>
    </p>
   </div>
   <div class='ocr_carea' id='block_1_3' title="bbox 150 269 1533 332">
    <p class='ocr_par' dir='ltr' id='par_1_3' title="bbox 150 269 1533 332">
     <span class='ocr_line' id='line_1_3' title="bbox 150 269 1533 332; baseline 0.003 -16"><span class='ocrx_word' id='word_1_5' title='bbox 150 269 349 332; x_wconf 80' lang='lat' dir='ltr'>Perque</span> <span class='ocrx_word' id='word_1_6' title='bbox 364 287 510 318; x_wconf 84' lang='lat' dir='ltr'>cavas</span> <span class='ocrx_word' id='word_1_7' title='bbox 527 286 686 325; x_wconf 87' lang='lat' dir='ltr'>nares,</span> <span class='ocrx_word' id='word_1_8' title='bbox 699 269 988 332; x_wconf 89' lang='lat' dir='ltr'>oculosque,</span> <span class='ocrx_word' id='word_1_9' title='bbox 1001 286 1261 332; x_wconf 87' lang='lat' dir='ltr'>auresque,</span> <span class='ocrx_word' id='word_1_10' title='bbox 1275 272 1533 321; x_wconf 86' lang='lat' dir='ltr'>cerebrum</span> 
     </span>
    </p>
   </div>
   <div class='ocr_carea' id='block_1_4' title="bbox 149 345 1361 408">
    <p class='ocr_par' dir='ltr' id='par_1_4' title="bbox 149 345 1361 408">
     <span class='ocr_line' id='line_1_4' title="bbox 149 345 1361 408; baseline 0.002 -17"><span class='ocrx_word' id='word_1_11' title='bbox 149 345 304 393; x_wconf 89' lang='lat' dir='ltr'>Molle</span> <span class='ocrx_word' id='word_1_12' title='bbox 329 347 452 402; x_wconf 86' lang='lat' dir='ltr'>fluit,</span> <span class='ocrx_word' id='word_1_13' title='bbox 480 346 629 393; x_wconf 89' lang='lat' dir='ltr'>veluti</span> <span class='ocrx_word' id='word_1_14' title='bbox 655 352 941 392; x_wconf 85' lang='lat' dir='ltr'>concretum</span> <span class='ocrx_word' id='word_1_15' title='bbox 966 346 1147 393; x_wconf 89' lang='lat' dir='ltr'>vimine</span> <span class='ocrx_word' id='word_1_16' title='bbox 1173 362 1361 408; x_wconf 83' lang='lat' dir='ltr'>querno</span> 
     </span>
    </p>
   </div>
   <div class='ocr_carea' id='block_1_5' title="bbox 1435 351 1532 396">
    <p class='ocr_par' dir='ltr' id='par_1_5' title="bbox 1435 351 1532 396">
     <span class='ocr_line' id='line_1_5' title="bbox 1435 351 1532 396; baseline 0.021 -2"><span class='ocrx_word' id='word_1_17' title='bbox 1435 351 1532 396; x_wconf 86' lang='lat'>436</span> 
     </span>
    </p>
   </div>
   <div class='ocr_carea' id='block_1_6' title="bbox 142 421 1525 1093">
    <p class='ocr_par' dir='ltr' id='par_1_6' title="bbox 142 421 1525 1093">
     <span class='ocr_line' id='line_1_6' title="bbox 150 421 1421 485; baseline 0.002 -18"><span class='ocrx_word' id='word_1_18' title='bbox 150 421 248 468; x_wconf 86' lang='lat' dir='ltr'>Lac</span> <span class='ocrx_word' id='word_1_19' title='bbox 275 423 427 478; x_wconf 80' lang='lat' dir='ltr'>solet3</span> <span class='ocrx_word' id='word_1_20' title='bbox 469 429 583 468; x_wconf 86' lang='lat' dir='ltr'>utve</span> <span class='ocrx_word' id='word_1_21' title='bbox 609 422 771 483; x_wconf 88' lang='lat' dir='ltr'>liquor</span> <span class='ocrx_word' id='word_1_22' title='bbox 796 422 888 468; x_wconf 82' lang='lat' dir='ltr'>rari</span> <span class='ocrx_word' id='word_1_23' title='bbox 916 423 1008 468; x_wconf 90' lang='lat' dir='ltr'>sub</span> <span class='ocrx_word' id='word_1_24' title='bbox 1036 422 1252 485; x_wconf 84' lang='lat' dir='ltr'>pondere</span> <span class='ocrx_word' id='word_1_25' title='bbox 1278 423 1421 469; x_wconf 85' lang='lat' dir='ltr'>cribri</span> 
     </span>
     <span class='ocr_line' id='line_1_7' title="bbox 148 496 1517 561; baseline 0.003 -19"><span class='ocrx_word' id='word_1_26' title='bbox 148 496 339 552; x_wconf 82' lang='lat' dir='ltr'>Manat,</span> <span class='ocrx_word' id='word_1_27' title='bbox 367 504 417 543; x_wconf 86' lang='lat' dir='ltr'>et</span> <span class='ocrx_word' id='word_1_28' title='bbox 441 498 733 560; x_wconf 79' lang='lat' dir='ltr'>exprimitur</span> <span class='ocrx_word' id='word_1_29' title='bbox 759 513 845 559; x_wconf 81' lang='lat' dir='ltr'>per</span> <span class='ocrx_word' id='word_1_30' title='bbox 869 498 1024 544; x_wconf 81' lang='lat' dir='ltr'>densa</span> <span class='ocrx_word' id='word_1_31' title='bbox 1047 497 1286 544; x_wconf 80' lang='lat' dir='ltr'>foramina</span> <span class='ocrx_word' id='word_1_32' title='bbox 1311 499 1517 561; x_wconf 88' lang='lat' dir='ltr'>spissus.</span> 
     </span>
     <span class='ocr_line' id='line_1_8' title="bbox 147 572 1516 636; baseline 0.003 -18"><span class='ocrx_word' id='word_1_33' title='bbox 147 572 241 619; x_wconf 88' lang='lat' dir='ltr'>Ast</span> <span class='ocrx_word' id='word_1_34' title='bbox 264 589 373 634; x_wconf 81' lang='lat' dir='ltr'>ego,</span> <span class='ocrx_word' id='word_1_35' title='bbox 400 574 517 619; x_wconf 86' lang='lat' dir='ltr'>dum</span> <span class='ocrx_word' id='word_1_36' title='bbox 544 581 685 636; x_wconf 83' lang='lat' dir='ltr'>parat</span> <span class='ocrx_word' id='word_1_37' title='bbox 708 574 840 620; x_wconf 89' lang='lat' dir='ltr'>hunc</span> <span class='ocrx_word' id='word_1_38' title='bbox 867 575 1016 620; x_wconf 73' lang='lat' dir='ltr'>armis</span> <span class='ocrx_word' id='word_1_39' title='bbox 1043 574 1228 621; x_wconf 84' lang='lat' dir='ltr'>nudare</span> <span class='ocrx_word' id='word_1_40' title='bbox 1249 576 1516 636; x_wconf 87' lang='lat' dir='ltr'>jacentem,</span> 
     </span>
     <span class='ocr_line' id='line_1_9' title="bbox 149 647 1478 712; baseline 0.002 -17"><span class='ocrx_word' id='word_1_41' title='bbox 149 647 255 695; x_wconf 85' lang='lat' dir='ltr'>Scit</span> <span class='ocrx_word' id='word_1_42' title='bbox 279 658 392 694; x_wconf 81' lang='lat' dir='ltr'>tuus</span> <span class='ocrx_word' id='word_1_43' title='bbox 420 650 511 695; x_wconf 89' lang='lat' dir='ltr'>hoc</span> <span class='ocrx_word' id='word_1_44' title='bbox 538 650 745 710; x_wconf 82' lang='lat' dir='ltr'>genitor,</span> <span class='ocrx_word' id='word_1_45' title='bbox 774 650 992 711; x_wconf 82' lang='lat' dir='ltr'>gladium</span> <span class='ocrx_word' id='word_1_46' title='bbox 1018 650 1277 712; x_wconf 84' lang='lat' dir='ltr'>spoliantis</span> <span class='ocrx_word' id='word_1_47' title='bbox 1304 651 1352 696; x_wconf 88' lang='lat' dir='ltr'>in</span> <span class='ocrx_word' id='word_1_48' title='bbox 1380 652 1478 699; x_wconf 85' lang='lat' dir='ltr'>ima</span> 
     </span>
     <span class='ocr_line' id='line_1_10' title="bbox 147 723 1525 788; baseline 0.003 -19"><span class='ocrx_word' id='word_1_49' title='bbox 147 723 239 770; x_wconf 86' lang='lat' dir='ltr'>Ilia</span> <span class='ocrx_word' id='word_1_50' title='bbox 263 724 456 771; x_wconf 88' lang='lat' dir='ltr'>demisi.</span> <span class='ocrx_word' id='word_1_51' title='bbox 498 725 781 771; x_wconf 81' lang='lat' dir='ltr'>Chthonius</span> <span class='ocrx_word' id='word_1_52' title='bbox 808 741 1027 787; x_wconf 87' lang='lat' dir='ltr'>quoque,</span> <span class='ocrx_word' id='word_1_53' title='bbox 1054 725 1401 788; x_wconf 77' lang='lat' dir='ltr'>Teleboasque</span> <span class='ocrx_word' id='word_1_54' title='bbox 1434 730 1525 773; x_wconf 87' lang='grc'>441</span> 
     </span>
     <span class='ocr_line' id='line_1_11' title="bbox 143 799 1455 862; baseline 0.002 -17"><span class='ocrx_word' id='word_1_55' title='bbox 143 799 278 846; x_wconf 86' lang='lat' dir='ltr'>Ense</span> <span class='ocrx_word' id='word_1_56' title='bbox 297 802 468 862; x_wconf 86' lang='lat' dir='ltr'>jacent</span> <span class='ocrx_word' id='word_1_57' title='bbox 491 808 685 848; x_wconf 81' lang='lat' dir='ltr'>nostro:</span> <span class='ocrx_word' id='word_1_58' title='bbox 731 817 921 847; x_wconf 83' lang='lat' dir='ltr'>ramum</span> <span class='ocrx_word' id='word_1_59' title='bbox 948 801 1079 862; x_wconf 84' lang='lat' dir='ltr'>prior</span> <span class='ocrx_word' id='word_1_60' title='bbox 1104 801 1184 847; x_wconf 90' lang='lat' dir='ltr'>ille</span> <span class='ocrx_word' id='word_1_61' title='bbox 1211 801 1455 848; x_wconf 83' lang='lat' dir='ltr'>bifurcum</span> 
     </span>
     <span class='ocr_line' id='line_1_12' title="bbox 145 876 1524 939; baseline 0.003 -18"><span class='ocrx_word' id='word_1_62' title='bbox 145 876 411 931; x_wconf 82' lang='lat' dir='ltr'>Gesserat;</span> <span class='ocrx_word' id='word_1_63' title='bbox 444 877 522 924; x_wconf 87' lang='lat' dir='ltr'>hic</span> <span class='ocrx_word' id='word_1_64' title='bbox 542 878 762 939; x_wconf 83' lang='lat' dir='ltr'>jaculum</span> <span class='ocrx_word' id='word_1_65' title='bbox 783 895 792 924; x_wconf 92' lang='lat'><strong>:</strong></span> <span class='ocrx_word' id='word_1_66' title='bbox 815 877 983 939; x_wconf 86' lang='lat' dir='ltr'>jaculo</span> <span class='ocrx_word' id='word_1_67' title='bbox 1009 877 1127 922; x_wconf 84' lang='lat' dir='ltr'>mihi</span> <span class='ocrx_word' id='word_1_68' title='bbox 1154 877 1358 923; x_wconf 83' lang='lat' dir='ltr'>vulnera</span> <span class='ocrx_word' id='word_1_69' title='bbox 1383 878 1524 925; x_wconf 88' lang='lat' dir='ltr'>fecit:</span> 
     </span>
     <span class='ocr_line' id='line_1_13' title="bbox 145 952 1481 1016; baseline 0.003 -19"><span class='ocrx_word' id='word_1_70' title='bbox 145 952 299 1013; x_wconf 80' lang='lat' dir='ltr'>Signa</span> <span class='ocrx_word' id='word_1_71' title='bbox 321 953 488 1000; x_wconf 89' lang='lat' dir='ltr'>vides:</span> <span class='ocrx_word' id='word_1_72' title='bbox 529 960 738 1016; x_wconf 79' lang='lat' dir='ltr'>apparet</span> <span class='ocrx_word' id='word_1_73' title='bbox 761 953 922 999; x_wconf 83' lang='lat' dir='ltr'>adhuc</span> <span class='ocrx_word' id='word_1_74' title='bbox 948 959 1090 999; x_wconf 87' lang='lat' dir='ltr'>vetus</span> <span class='ocrx_word' id='word_1_75' title='bbox 1117 953 1231 998; x_wconf 88' lang='lat' dir='ltr'>iude</span> <span class='ocrx_word' id='word_1_76' title='bbox 1257 953 1481 1001; x_wconf 80' lang='lat' dir='ltr'>cicatrix.</span> 
     </span>
     <span class='ocr_line' id='line_1_14' title="bbox 142 1027 1507 1093; baseline 0.003 -20"><span class='ocrx_word' id='word_1_77' title='bbox 142 1027 281 1075; x_wconf 86' lang='lat' dir='ltr'>Tunc</span> <span class='ocrx_word' id='word_1_78' title='bbox 307 1045 399 1091; x_wconf 83' lang='lat' dir='ltr'>ego</span> <span class='ocrx_word' id='word_1_79' title='bbox 424 1030 692 1077; x_wconf 84' lang='lat' dir='ltr'>debueram</span> <span class='ocrx_word' id='word_1_80' title='bbox 718 1030 961 1093; x_wconf 83' lang='lat' dir='ltr'>capienda</span> <span class='ocrx_word' id='word_1_81' title='bbox 986 1030 1047 1076; x_wconf 88' lang='lat' dir='ltr'>ad</span> <span class='ocrx_word' id='word_1_82' title='bbox 1078 1029 1323 1091; x_wconf 84' lang='lat' dir='ltr'>Pergama</span> <span class='ocrx_word' id='word_1_83' title='bbox 1349 1030 1507 1077; x_wconf 83' lang='lat' dir='ltr'>mitti:</span> 
     </span>
    </p>
   </div>
   <div class='ocr_carea' id='block_1_7' title="bbox 135 1171 801 2753">
    <p class='ocr_par' dir='ltr' id='par_1_7' title="bbox 135 1171 801 2715">
     <span class='ocr_line' id='line_1_15' title="bbox 185 1171 801 1212; baseline 0.005 -13"><span class='ocrx_word' id='word_1_84' title='bbox 185 1171 257 1200; x_wconf 83' lang='lat'>436.</span> <span class='ocrx_word' id='word_1_85' title='bbox 287 1171 387 1201; x_wconf 75' lang='grc' dir='ltr'><em>Γειίιιί</em></span> <span class='ocrx_word' id='word_1_86' title='bbox 409 1179 590 1208; x_wconf 77' lang='lat' dir='ltr'>concretum,</span> <span class='ocrx_word' id='word_1_87' title='bbox 615 1172 694 1212; x_wconf 86' lang='lat' dir='ltr'>etc.]</span> <span class='ocrx_word' id='word_1_88' title='bbox 735 1173 801 1202; x_wconf 87' lang='lat' dir='ltr'>Res</span> 
     </span>
     <span class='ocr_line' id='line_1_16' title="bbox 142 1219 799 1260; baseline 0.003 -12"><span class='ocrx_word' id='word_1_89' title='bbox 142 1219 227 1249; x_wconf 78' lang='lat' dir='ltr'>foeda</span> <span class='ocrx_word' id='word_1_90' title='bbox 249 1225 370 1260; x_wconf 81' lang='lat' dir='ltr'>poterat</span> <span class='ocrx_word' id='word_1_91' title='bbox 393 1220 457 1251; x_wconf 88' lang='lat' dir='ltr'>sine</span> <span class='ocrx_word' id='word_1_92' title='bbox 480 1221 683 1251; x_wconf 84' lang='lat' dir='ltr'>similitudine</span> <span class='ocrx_word' id='word_1_93' title='bbox 701 1226 799 1251; x_wconf 80' lang='lat' dir='ltr'>trans-</span> 
     </span>
     <span class='ocr_line' id='line_1_17' title="bbox 142 1267 799 1305; baseline 0.002 -9"><span class='ocrx_word' id='word_1_94' title='bbox 142 1267 234 1297; x_wconf 84' lang='lat' dir='ltr'>mitti.</span> <span class='ocrx_word' id='word_1_95' title='bbox 281 1268 457 1299; x_wconf 77' lang='lat' dir='ltr'>Concretum</span> <span class='ocrx_word' id='word_1_96' title='bbox 474 1271 531 1305; x_wconf 80' lang='lat' dir='ltr'>lac,</span> <span class='ocrx_word' id='word_1_97' title='bbox 547 1269 613 1299; x_wconf 81' lang='lat' dir='ltr'>xiii.</span> <span class='ocrx_word' id='word_1_98' title='bbox 630 1269 702 1300; x_wconf 81' lang='grc'><strong>796.</strong></span> <span class='ocrx_word' id='word_1_99' title='bbox 717 1280 799 1299; x_wconf 77' lang='lat' dir='ltr'>couc-</span> 
     </span>
     <span class='ocr_line' id='line_1_18' title="bbox 144 1317 797 1358; baseline 0.003 -13"><span class='ocrx_word' id='word_1_100' title='bbox 144 1322 207 1345; x_wconf 79' lang='lat' dir='ltr'>tum</span> <span class='ocrx_word' id='word_1_101' title='bbox 245 1317 302 1352; x_wconf 81' lang='lat' dir='ltr'>lac,</span> <span class='ocrx_word' id='word_1_102' title='bbox 330 1317 506 1358; x_wconf 82' lang='lat' dir='ltr'>coagulum,</span> <span class='ocrx_word' id='word_1_103' title='bbox 536 1317 584 1347; x_wconf 81' lang='lat' dir='ltr'>lac</span> <span class='ocrx_word' id='word_1_104' title='bbox 621 1317 797 1352; x_wconf 73' lang='lat' dir='ltr'>densatum,</span> 
     </span>
     <span class='ocr_line' id='line_1_19' title="bbox 141 1364 797 1406; baseline 0 -12"><span class='ocrx_word' id='word_1_105' title='bbox 141 1364 224 1394; x_wconf 92' lang='lat' dir='ltr'>unde</span> <span class='ocrx_word' id='word_1_106' title='bbox 268 1364 351 1395; x_wconf 82' lang='lat' dir='ltr'>casei</span> <span class='ocrx_word' id='word_1_107' title='bbox 395 1367 624 1406; x_wconf 85' lang='lat' dir='ltr'>premebantur.</span> <span class='ocrx_word' id='word_1_108' title='bbox 680 1365 797 1400; x_wconf 77' lang='lat' dir='ltr'>Vimen,</span> 
     </span>
     <span class='ocr_line' id='line_1_20' title="bbox 140 1412 796 1453; baseline 0 -10"><span class='ocrx_word' id='word_1_109' title='bbox 140 1412 252 1453; x_wconf 89' lang='lat' dir='ltr'>qualus</span> <span class='ocrx_word' id='word_1_110' title='bbox 292 1413 454 1449; x_wconf 87' lang='lat' dir='ltr'>vimineus,</span> <span class='ocrx_word' id='word_1_111' title='bbox 484 1414 547 1444; x_wconf 90' lang='lat' dir='ltr'>sive</span> <span class='ocrx_word' id='word_1_112' title='bbox 581 1413 736 1449; x_wconf 81' lang='lat' dir='ltr'>calathus,</span> <span class='ocrx_word' id='word_1_113' title='bbox 765 1414 796 1444; x_wconf 89' lang='lat' dir='ltr'>in</span> 
     </span>
     <span class='ocr_line' id='line_1_21' title="bbox 140 1461 797 1502; baseline 0.003 -12"><span class='ocrx_word' id='word_1_114' title='bbox 140 1461 327 1501; x_wconf 81' lang='lat' dir='ltr'>supellectili</span> <span class='ocrx_word' id='word_1_115' title='bbox 364 1468 429 1492; x_wconf 77' lang='lat' dir='ltr'>erat</span> <span class='ocrx_word' id='word_1_116' title='bbox 467 1463 600 1500; x_wconf 81' lang='lat' dir='ltr'>rustica;</span> <span class='ocrx_word' id='word_1_117' title='bbox 635 1461 797 1502; x_wconf 80' lang='lat' dir='ltr'>Virgilius,</span> 
     </span>
     <span class='ocr_line' id='line_1_22' title="bbox 140 1508 797 1550; baseline 0 -11"><span class='ocrx_word' id='word_1_118' title='bbox 140 1509 259 1550; x_wconf 83' lang='lat' dir='ltr'>Georg.</span> <span class='ocrx_word' id='word_1_119' title='bbox 275 1508 306 1540; x_wconf 88' lang='lat' dir='ltr'>ii.</span> <span class='ocrx_word' id='word_1_120' title='bbox 321 1510 395 1540; x_wconf 80' lang='lat'>241.</span> <span class='ocrx_word' id='word_1_121' title='bbox 423 1510 468 1540; x_wconf 82' lang='lat' dir='ltr'>Tu</span> <span class='ocrx_word' id='word_1_122' title='bbox 491 1513 576 1550; x_wconf 76' lang='lat' dir='ltr'>spisso</span> <span class='ocrx_word' id='word_1_123' title='bbox 594 1512 701 1540; x_wconf 57' lang='lat' dir='ltr'>winzine</span> <span class='ocrx_word' id='word_1_124' title='bbox 724 1522 797 1550; x_wconf 72' lang='lat' dir='ltr'>qun-</span> 
     </span>
     <span class='ocr_line' id='line_1_23' title="bbox 138 1559 798 1600; baseline 0.005 -13"><span class='ocrx_word' id='word_1_125' title='bbox 138 1560 189 1594; x_wconf 85' lang='lat' dir='ltr'>Ios,</span> <span class='ocrx_word' id='word_1_126' title='bbox 216 1559 345 1598; x_wconf 71' lang='lat' dir='ltr'>colaque</span> <span class='ocrx_word' id='word_1_127' title='bbox 368 1561 527 1598; x_wconf 75' lang='lat' dir='ltr'>proelorum</span> <span class='ocrx_word' id='word_1_128' title='bbox 543 1560 675 1600; x_wconf 65' lang='lat' dir='ltr'>sinuosis</span> <span class='ocrx_word' id='word_1_129' title='bbox 699 1562 798 1600; x_wconf 76' lang='lat' dir='ltr'>deripe</span> 
     </span>
     <span class='ocr_line' id='line_1_24' title="bbox 137 1607 795 1648; baseline 0.005 -12"><span class='ocrx_word' id='word_1_130' title='bbox 137 1609 233 1637; x_wconf 79' lang='lat' dir='ltr'>tectis.</span> <span class='ocrx_word' id='word_1_131' title='bbox 278 1607 339 1638; x_wconf 87' lang='lat' dir='ltr'>Sed</span> <span class='ocrx_word' id='word_1_132' title='bbox 356 1619 403 1638; x_wconf 88' lang='lat' dir='ltr'>me</span> <span class='ocrx_word' id='word_1_133' title='bbox 419 1608 547 1638; x_wconf 81' lang='lat' dir='ltr'>offendit</span> <span class='ocrx_word' id='word_1_134' title='bbox 562 1620 681 1648; x_wconf 75' lang='lat' dir='ltr'>querno,</span> <span class='ocrx_word' id='word_1_135' title='bbox 698 1619 795 1648; x_wconf 81' lang='lat' dir='ltr'>quan-</span> 
     </span>
     <span class='ocr_line' id='line_1_25' title="bbox 137 1655 796 1697; baseline 0.002 -12"><span class='ocrx_word' id='word_1_136' title='bbox 137 1655 305 1696; x_wconf 85' lang='lat' dir='ltr'>doquidem</span> <span class='ocrx_word' id='word_1_137' title='bbox 337 1667 453 1695; x_wconf 88' lang='lat' dir='ltr'>querna</span> <span class='ocrx_word' id='word_1_138' title='bbox 479 1657 613 1697; x_wconf 79' lang='lat' dir='ltr'>virgulta</span> <span class='ocrx_word' id='word_1_139' title='bbox 641 1657 690 1686; x_wconf 78' lang='lat' dir='ltr'>vix</span> <span class='ocrx_word' id='word_1_140' title='bbox 722 1663 796 1697; x_wconf 83' lang='lat' dir='ltr'>apta</span> 
     </span>
     <span class='ocr_line' id='line_1_26' title="bbox 136 1704 794 1736; baseline 0.002 -2"><span class='ocrx_word' id='word_1_141' title='bbox 136 1709 208 1734; x_wconf 88' lang='lat' dir='ltr'>sunt</span> <span class='ocrx_word' id='word_1_142' title='bbox 228 1704 360 1735; x_wconf 80' lang='lat' dir='ltr'>calathis</span> <span class='ocrx_word' id='word_1_143' title='bbox 378 1706 529 1736; x_wconf 77' lang='lat' dir='ltr'>texendis.</span> <span class='ocrx_word' id='word_1_144' title='bbox 575 1705 667 1735; x_wconf 83' lang='lat' dir='ltr'>MSS.</span> <span class='ocrx_word' id='word_1_145' title='bbox 688 1710 794 1735; x_wconf 87' lang='lat' dir='ltr'>tamen</span> 
     </span>
     <span class='ocr_line' id='line_1_27' title="bbox 138 1752 794 1794; baseline 0.002 -11"><span class='ocrx_word' id='word_1_146' title='bbox 138 1752 215 1783; x_wconf 81' lang='lat' dir='ltr'>nihil</span> <span class='ocrx_word' id='word_1_147' title='bbox 233 1763 286 1782; x_wconf 88' lang='lat' dir='ltr'>nos</span> <span class='ocrx_word' id='word_1_148' title='bbox 302 1753 451 1794; x_wconf 78' lang='lat' dir='ltr'>adjuvant</span> <span class='ocrx_word' id='word_1_149' title='bbox 467 1766 473 1791; x_wconf 90' lang='lat'>;</span> <span class='ocrx_word' id='word_1_150' title='bbox 499 1764 605 1784; x_wconf 80' lang='lat' dir='ltr'>omnes</span> <span class='ocrx_word' id='word_1_151' title='bbox 620 1754 701 1784; x_wconf 88' lang='lat' dir='ltr'>enim</span> <span class='ocrx_word' id='word_1_152' title='bbox 721 1764 794 1784; x_wconf 91' lang='lat' dir='ltr'>con-</span> 
     </span>
     <span class='ocr_line' id='line_1_28' title="bbox 135 1800 794 1843; baseline 0.003 -14"><span class='ocrx_word' id='word_1_153' title='bbox 135 1800 253 1841; x_wconf 87' lang='lat' dir='ltr'>spirant</span> <span class='ocrx_word' id='word_1_154' title='bbox 277 1801 307 1830; x_wconf 88' lang='lat' dir='ltr'>in</span> <span class='ocrx_word' id='word_1_155' title='bbox 332 1801 411 1831; x_wconf 81' lang='lat' dir='ltr'>lianc</span> <span class='ocrx_word' id='word_1_156' title='bbox 435 1812 541 1832; x_wconf 81' lang='lat' dir='ltr'>vocem</span> <span class='ocrx_word' id='word_1_157' title='bbox 566 1808 676 1843; x_wconf 81' lang='lat' dir='ltr'>praeter</span> <span class='ocrx_word' id='word_1_158' title='bbox 699 1813 794 1832; x_wconf 90' lang='lat' dir='ltr'>unum</span> 
     </span>
     <span class='ocr_line' id='line_1_29' title="bbox 140 1849 797 1891; baseline 0 -12"><span class='ocrx_word' id='word_1_159' title='bbox 140 1849 248 1880; x_wconf 85' lang='lat' dir='ltr'>Urbin.</span> <span class='ocrx_word' id='word_1_160' title='bbox 269 1849 320 1890; x_wconf 90' lang='lat' dir='ltr'>qui</span> <span class='ocrx_word' id='word_1_161' title='bbox 346 1856 416 1880; x_wconf 74' lang='lat' dir='ltr'>testo</span> <span class='ocrx_word' id='word_1_162' title='bbox 445 1850 550 1886; x_wconf 80' lang='lat' dir='ltr'>habet,</span> <span class='ocrx_word' id='word_1_163' title='bbox 575 1850 656 1891; x_wconf 90' lang='lat' dir='ltr'>quod</span> <span class='ocrx_word' id='word_1_164' title='bbox 678 1860 694 1880; x_wconf 92' lang='lat' dir='ltr'>e</span> <span class='ocrx_word' id='word_1_165' title='bbox 720 1857 797 1880; x_wconf 68' lang='lat' dir='ltr'>texto</span> 
     </span>
     <span class='ocr_line' id='line_1_30' title="bbox 135 1898 796 1929; baseline 0.002 -2"><span class='ocrx_word' id='word_1_166' title='bbox 135 1902 237 1927; x_wconf 88' lang='lat' dir='ltr'>ortum</span> <span class='ocrx_word' id='word_1_167' title='bbox 261 1898 408 1928; x_wconf 84' lang='lat' dir='ltr'>credebat</span> <span class='ocrx_word' id='word_1_168' title='bbox 432 1899 598 1929; x_wconf 83' lang='lat' dir='ltr'>Heinsius:</span> <span class='ocrx_word' id='word_1_169' title='bbox 623 1909 697 1928; x_wconf 82' lang='lat' dir='ltr'>sane</span> <span class='ocrx_word' id='word_1_170' title='bbox 719 1898 796 1928; x_wconf 83' lang='lat' dir='ltr'>nihil</span> 
     </span>
     <span class='ocr_line' id='line_1_31' title="bbox 137 1946 796 1987; baseline 0.002 -12"><span class='ocrx_word' id='word_1_171' title='bbox 137 1946 327 1987; x_wconf 84' lang='lat' dir='ltr'>frequentius</span> <span class='ocrx_word' id='word_1_172' title='bbox 352 1953 427 1977; x_wconf 60' lang='lat' dir='ltr'>testu</span> <span class='ocrx_word' id='word_1_173' title='bbox 449 1949 569 1982; x_wconf 68' lang='lat' dir='ltr'>vimine,</span> <span class='ocrx_word' id='word_1_174' title='bbox 592 1946 661 1977; x_wconf 86' lang='lat' dir='ltr'>vide</span> <span class='ocrx_word' id='word_1_175' title='bbox 686 1946 796 1977; x_wconf 81' lang='lat' dir='ltr'>Heins.</span> 
     </span>
     <span class='ocr_line' id='line_1_32' title="bbox 138 1994 798 2036; baseline 0.002 -11"><span class='ocrx_word' id='word_1_176' title='bbox 138 1994 178 2025; x_wconf 89' lang='lat' dir='ltr'>ad</span> <span class='ocrx_word' id='word_1_177' title='bbox 201 1995 284 2025; x_wconf 84' lang='lat' dir='ltr'>Fast.</span> <span class='ocrx_word' id='word_1_178' title='bbox 311 1996 355 2025; x_wconf 94' lang='lat' dir='ltr'>iv.</span> <span class='ocrx_word' id='word_1_179' title='bbox 373 1997 448 2027; x_wconf 83' lang='lat'>435.</span> <span class='ocrx_word' id='word_1_180' title='bbox 493 1996 554 2026; x_wconf 72' lang='lat' dir='ltr'>Sed</span> <span class='ocrx_word' id='word_1_181' title='bbox 584 1996 678 2026; x_wconf 86' lang='lat' dir='ltr'>etiam</span> <span class='ocrx_word' id='word_1_182' title='bbox 709 2006 798 2036; x_wconf 84' lang='lat' dir='ltr'>seqq.</span> 
     </span>
     <span class='ocr_line' id='line_1_33' title="bbox 137 2043 797 2084; baseline 0.005 -12"><span class='ocrx_word' id='word_1_183' title='bbox 137 2043 285 2074; x_wconf 82' lang='lat' dir='ltr'>mendosa</span> <span class='ocrx_word' id='word_1_184' title='bbox 300 2043 384 2074; x_wconf 85' lang='lat' dir='ltr'>haud</span> <span class='ocrx_word' id='word_1_185' title='bbox 401 2044 494 2075; x_wconf 85' lang='lat' dir='ltr'>dubie</span> <span class='ocrx_word' id='word_1_186' title='bbox 511 2050 594 2074; x_wconf 84' lang='lat' dir='ltr'>suut.</span> <span class='ocrx_word' id='word_1_187' title='bbox 628 2045 739 2084; x_wconf 78' lang='lat' dir='ltr'>Liquor</span> <span class='ocrx_word' id='word_1_188' title='bbox 754 2044 797 2075; x_wconf 84' lang='lat' dir='ltr'>ita</span> 
     </span>
     <span class='ocr_line' id='line_1_34' title="bbox 136 2092 795 2134; baseline 0.002 -12"><span class='ocrx_word' id='word_1_189' title='bbox 136 2092 220 2122; x_wconf 90' lang='lat' dir='ltr'>nude</span> <span class='ocrx_word' id='word_1_190' title='bbox 236 2092 371 2133; x_wconf 87' lang='lat' dir='ltr'>positum</span> <span class='ocrx_word' id='word_1_191' title='bbox 387 2104 447 2123; x_wconf 90' lang='lat' dir='ltr'>non</span> <span class='ocrx_word' id='word_1_192' title='bbox 462 2093 584 2123; x_wconf 81' lang='lat' dir='ltr'>videtur</span> <span class='ocrx_word' id='word_1_193' title='bbox 599 2103 618 2123; x_wconf 83' lang='lat' dir='ltr'>a</span> <span class='ocrx_word' id='word_1_194' title='bbox 633 2099 725 2134; x_wconf 86' lang='lat' dir='ltr'>poeta</span> <span class='ocrx_word' id='word_1_195' title='bbox 741 2103 795 2134; x_wconf 86' lang='lat' dir='ltr'>pro</span> 
     </span>
     <span class='ocr_line' id='line_1_35' title="bbox 138 2141 793 2182; baseline 0.002 -12"><span class='ocrx_word' id='word_1_196' title='bbox 138 2141 217 2175; x_wconf 84' lang='lat' dir='ltr'>vino,</span> <span class='ocrx_word' id='word_1_197' title='bbox 234 2146 288 2171; x_wconf 88' lang='lat' dir='ltr'>aut</span> <span class='ocrx_word' id='word_1_198' title='bbox 310 2152 402 2172; x_wconf 89' lang='lat' dir='ltr'>succo</span> <span class='ocrx_word' id='word_1_199' title='bbox 422 2142 594 2172; x_wconf 88' lang='lat' dir='ltr'>olivarum:</span> <span class='ocrx_word' id='word_1_200' title='bbox 619 2152 720 2182; x_wconf 90' lang='lat' dir='ltr'>neque</span> <span class='ocrx_word' id='word_1_201' title='bbox 740 2141 793 2171; x_wconf 85' lang='lat' dir='ltr'>ille</span> 
     </span>
     <span class='ocr_line' id='line_1_36' title="bbox 135 2190 792 2231; baseline 0 -11"><span class='ocrx_word' id='word_1_202' title='bbox 135 2190 235 2231; x_wconf 89' lang='lat' dir='ltr'>liquor</span> <span class='ocrx_word' id='word_1_203' title='bbox 243 2191 295 2219; x_wconf 80' lang='lat' dir='ltr'>sub</span> <span class='ocrx_word' id='word_1_204' title='bbox 304 2193 432 2230; x_wconf 76' lang='lat' dir='ltr'>pondere</span> <span class='ocrx_word' id='word_1_205' title='bbox 444 2192 534 2221; x_wconf 82' lang='lat' dir='ltr'>cribri</span> <span class='ocrx_word' id='word_1_206' title='bbox 544 2196 663 2225; x_wconf 83' lang='lat' dir='ltr'>manat,</span> <span class='ocrx_word' id='word_1_207' title='bbox 671 2190 726 2220; x_wconf 88' lang='lat' dir='ltr'>sed</span> <span class='ocrx_word' id='word_1_208' title='bbox 734 2190 792 2220; x_wconf 88' lang='lat' dir='ltr'>sub</span> 
     </span>
     <span class='ocr_line' id='line_1_37' title="bbox 135 2237 793 2279; baseline 0.002 -12"><span class='ocrx_word' id='word_1_209' title='bbox 135 2237 270 2279; x_wconf 87' lang='lat' dir='ltr'>pondere</span> <span class='ocrx_word' id='word_1_210' title='bbox 296 2238 395 2279; x_wconf 82' lang='lat' dir='ltr'>praeli.</span> <span class='ocrx_word' id='word_1_211' title='bbox 438 2239 533 2268; x_wconf 84' lang='lat' dir='ltr'>Tollit</span> <span class='ocrx_word' id='word_1_212' title='bbox 558 2238 632 2268; x_wconf 68' lang='lat' dir='ltr'>istas</span> <span class='ocrx_word' id='word_1_213' title='bbox 660 2237 793 2268; x_wconf 81' lang='lat' dir='ltr'>difficul-</span> 
     </span>
     <span class='ocr_line' id='line_1_38' title="bbox 135 2285 793 2328; baseline 0 -12"><span class='ocrx_word' id='word_1_214' title='bbox 135 2292 215 2316; x_wconf 81' lang='lat' dir='ltr'>tates</span> <span class='ocrx_word' id='word_1_215' title='bbox 230 2286 333 2321; x_wconf 84' lang='lat' dir='ltr'>Iectio,</span> <span class='ocrx_word' id='word_1_216' title='bbox 351 2297 444 2328; x_wconf 83' lang='lat' dir='ltr'>quam</span> <span class='ocrx_word' id='word_1_217' title='bbox 464 2287 552 2317; x_wconf 79' lang='lat' dir='ltr'>MSS.</span> <span class='ocrx_word' id='word_1_218' title='bbox 570 2285 715 2321; x_wconf 80' lang='lat' dir='ltr'>Urbinas,</span> <span class='ocrx_word' id='word_1_219' title='bbox 731 2287 793 2316; x_wconf 77' lang='lat' dir='ltr'>Ba-</span> 
     </span>
     <span class='ocr_line' id='line_1_39' title="bbox 135 2334 794 2376; baseline -0.002 -11"><span class='ocrx_word' id='word_1_220' title='bbox 135 2334 275 2365; x_wconf 85' lang='lat' dir='ltr'>sileensis</span> <span class='ocrx_word' id='word_1_221' title='bbox 298 2346 344 2376; x_wconf 84' lang='lat' dir='ltr'>pr.</span> <span class='ocrx_word' id='word_1_222' title='bbox 360 2341 391 2365; x_wconf 84' lang='lat' dir='ltr'>et</span> <span class='ocrx_word' id='word_1_223' title='bbox 410 2336 487 2366; x_wconf 88' lang='lat' dir='ltr'>alter</span> <span class='ocrx_word' id='word_1_224' title='bbox 504 2335 626 2365; x_wconf 69' lang='lat' dir='ltr'>&#39;l‘liuani</span> <span class='ocrx_word' id='word_1_225' title='bbox 648 2335 794 2376; x_wconf 87' lang='lat' dir='ltr'>suppedi-</span> 
     </span>
     <span class='ocr_line' id='line_1_40' title="bbox 135 2384 794 2424; baseline 0 -11"><span class='ocrx_word' id='word_1_226' title='bbox 135 2389 215 2419; x_wconf 82' lang='lat' dir='ltr'>tant,</span> <span class='ocrx_word' id='word_1_227' title='bbox 244 2385 340 2424; x_wconf 80' lang='lat' dir='ltr'>liquor</span> <span class='ocrx_word' id='word_1_228' title='bbox 370 2385 430 2413; x_wconf 80' lang='lat' dir='ltr'>vini</span> <span class='ocrx_word' id='word_1_229' title='bbox 460 2386 512 2414; x_wconf 77' lang='lat' dir='ltr'>sub</span> <span class='ocrx_word' id='word_1_230' title='bbox 538 2386 665 2423; x_wconf 80' lang='lat' dir='ltr'>pondere</span> <span class='ocrx_word' id='word_1_231' title='bbox 697 2384 794 2422; x_wconf 71' lang='lat' dir='ltr'>proeli,</span> 
     </span>
     <span class='ocr_line' id='line_1_41' title="bbox 137 2431 794 2473; baseline 0 -12"><span class='ocrx_word' id='word_1_232' title='bbox 137 2442 315 2473; x_wconf 83' lang='lat' dir='ltr'>quanquam</span> <span class='ocrx_word' id='word_1_233' title='bbox 327 2431 377 2462; x_wconf 90' lang='lat' dir='ltr'>hic</span> <span class='ocrx_word' id='word_1_234' title='bbox 390 2434 492 2473; x_wconf 90' lang='lat' dir='ltr'>potius</span> <span class='ocrx_word' id='word_1_235' title='bbox 504 2432 543 2462; x_wconf 88' lang='lat' dir='ltr'>de</span> <span class='ocrx_word' id='word_1_236' title='bbox 556 2431 623 2462; x_wconf 91' lang='lat' dir='ltr'>oleo</span> <span class='ocrx_word' id='word_1_237' title='bbox 645 2431 694 2472; x_wconf 87' lang='lat' dir='ltr'>agi</span> <span class='ocrx_word' id='word_1_238' title='bbox 709 2431 794 2461; x_wconf 89' lang='lat' dir='ltr'>vide-</span> 
     </span>
     <span class='ocr_line' id='line_1_42' title="bbox 137 2480 795 2522; baseline -0.002 -12"><span class='ocrx_word' id='word_1_239' title='bbox 137 2487 198 2515; x_wconf 76' lang='lat' dir='ltr'>tur,</span> <span class='ocrx_word' id='word_1_240' title='bbox 221 2480 304 2521; x_wconf 92' lang='lat' dir='ltr'>quod</span> <span class='ocrx_word' id='word_1_241' title='bbox 329 2486 360 2511; x_wconf 84' lang='lat' dir='ltr'>et</span> <span class='ocrx_word' id='word_1_242' title='bbox 384 2481 510 2522; x_wconf 80' lang='lat' dir='ltr'>spissius</span> <span class='ocrx_word' id='word_1_243' title='bbox 536 2486 566 2511; x_wconf 89' lang='lat' dir='ltr'>et</span> <span class='ocrx_word' id='word_1_244' title='bbox 590 2480 700 2510; x_wconf 83' lang='lat' dir='ltr'>melius</span> <span class='ocrx_word' id='word_1_245' title='bbox 724 2490 795 2510; x_wconf 86' lang='lat' dir='ltr'>cum</span> 
     </span>
     <span class='ocr_line' id='line_1_43' title="bbox 137 2527 794 2571; baseline -0.002 -13"><span class='ocrx_word' id='word_1_246' title='bbox 137 2529 264 2559; x_wconf 84' lang='lat' dir='ltr'>cerebro</span> <span class='ocrx_word' id='word_1_247' title='bbox 284 2530 455 2571; x_wconf 86' lang='lat' dir='ltr'>comparari</span> <span class='ocrx_word' id='word_1_248' title='bbox 476 2534 589 2570; x_wconf 83' lang='lat' dir='ltr'>potest.</span> <span class='ocrx_word' id='word_1_249' title='bbox 633 2529 709 2558; x_wconf 85' lang='lat' dir='ltr'>Tres</span> <span class='ocrx_word' id='word_1_250' title='bbox 730 2527 794 2564; x_wconf 86' lang='lat' dir='ltr'>alii,</span> 
     </span>
     <span class='ocr_line' id='line_1_44' title="bbox 137 2576 795 2619; baseline 0.002 -14"><span class='ocrx_word' id='word_1_251' title='bbox 137 2578 190 2606; x_wconf 77' lang='lat' dir='ltr'>sub</span> <span class='ocrx_word' id='word_1_252' title='bbox 211 2579 338 2616; x_wconf 82' lang='lat' dir='ltr'>pondere</span> <span class='ocrx_word' id='word_1_253' title='bbox 361 2580 428 2613; x_wconf 78' lang='lat' dir='ltr'>coli,</span> <span class='ocrx_word' id='word_1_254' title='bbox 451 2579 539 2619; x_wconf 87' lang='lat' dir='ltr'>cujus</span> <span class='ocrx_word' id='word_1_255' title='bbox 562 2578 694 2608; x_wconf 87' lang='lat' dir='ltr'>alterum</span> <span class='ocrx_word' id='word_1_256' title='bbox 717 2576 795 2607; x_wconf 89' lang='lat' dir='ltr'>illud</span> 
     </span>
     <span class='ocr_line' id='line_1_45' title="bbox 137 2625 799 2668; baseline 0 -13"><span class='ocrx_word' id='word_1_257' title='bbox 137 2627 223 2665; x_wconf 73' lang='lat' dir='ltr'>proeli</span> <span class='ocrx_word' id='word_1_258' title='bbox 252 2626 404 2666; x_wconf 80' lang='lat' dir='ltr'>glossema</span> <span class='ocrx_word' id='word_1_259' title='bbox 431 2637 497 2657; x_wconf 86' lang='lat' dir='ltr'>esse</span> <span class='ocrx_word' id='word_1_260' title='bbox 522 2632 612 2668; x_wconf 85' lang='lat' dir='ltr'>putat</span> <span class='ocrx_word' id='word_1_261' title='bbox 637 2625 799 2660; x_wconf 87' lang='lat' dir='ltr'>Heinsius,</span> 
     </span>
     <span class='ocr_line' id='line_1_46' title="bbox 137 2674 797 2715; baseline 0 -11"><span class='ocrx_word' id='word_1_262' title='bbox 137 2674 287 2715; x_wconf 85' lang='lat' dir='ltr'>deceptus</span> <span class='ocrx_word' id='word_1_263' title='bbox 318 2675 499 2706; x_wconf 83' lang='lat' dir='ltr'>auctoritate</span> <span class='ocrx_word' id='word_1_264' title='bbox 528 2675 632 2706; x_wconf 83' lang='lat' dir='ltr'>Schol.</span> <span class='ocrx_word' id='word_1_265' title='bbox 658 2674 730 2705; x_wconf 83' lang='lat' dir='ltr'>MS.</span> <span class='ocrx_word' id='word_1_266' title='bbox 758 2674 797 2704; x_wconf 89' lang='lat' dir='ltr'>ad</span> 
     </span>
    </p>

    <p class='ocr_par' dir='ltr' id='par_1_8' title="bbox 183 2723 360 2753">
     <span class='ocr_line' id='line_1_47' title="bbox 183 2723 360 2753; baseline 0.006 -1"><span class='ocrx_word' id='word_1_267' title='bbox 183 2723 284 2753; x_wconf 76' lang='lat' dir='ltr'>VOL.</span> <span class='ocrx_word' id='word_1_268' title='bbox 301 2723 360 2753; x_wconf 84' lang='lat' dir='ltr'>lv.</span> 
     </span>
    </p>
   </div>
   <div class='ocr_carea' id='block_1_8' title="bbox 860 1171 1530 2762">
    <p class='ocr_par' dir='ltr' id='par_1_9' title="bbox 861 1171 1530 1881">
     <span class='ocr_line' id='line_1_48' title="bbox 869 1171 1529 1212; baseline 0 -11"><span class='ocrx_word' id='word_1_269' title='bbox 869 1171 1048 1212; x_wconf 78' lang='lat' dir='ltr'>Virgilium,</span> <span class='ocrx_word' id='word_1_270' title='bbox 1065 1171 1180 1212; x_wconf 87' lang='lat' dir='ltr'>Georg.</span> <span class='ocrx_word' id='word_1_271' title='bbox 1197 1171 1280 1201; x_wconf 82' lang='lat' dir='ltr'>dieto</span> <span class='ocrx_word' id='word_1_272' title='bbox 1304 1171 1384 1205; x_wconf 88' lang='lat' dir='ltr'>loco,</span> <span class='ocrx_word' id='word_1_273' title='bbox 1407 1171 1460 1201; x_wconf 90' lang='lat' dir='ltr'>ubi</span> <span class='ocrx_word' id='word_1_274' title='bbox 1483 1183 1529 1201; x_wconf 87' lang='lat' dir='ltr'>co-</span> 
     </span>
     <span class='ocr_line' id='line_1_49' title="bbox 869 1219 1530 1261; baseline 0 -13"><span class='ocrx_word' id='word_1_275' title='bbox 869 1220 930 1249; x_wconf 77' lang='lat' dir='ltr'>lum</span> <span class='ocrx_word' id='word_1_276' title='bbox 946 1220 1121 1261; x_wconf 84' lang='lat' dir='ltr'>explicatur</span> <span class='ocrx_word' id='word_1_277' title='bbox 1137 1230 1190 1260; x_wconf 80' lang='lat' dir='ltr'>per</span> <span class='ocrx_word' id='word_1_278' title='bbox 1205 1219 1455 1255; x_wconf 81' lang='lat' dir='ltr'>instrumentum,</span> <span class='ocrx_word' id='word_1_279' title='bbox 1468 1231 1530 1261; x_wconf 89' lang='lat' dir='ltr'>quo</span> 
     </span>
     <span class='ocr_line' id='line_1_50' title="bbox 869 1267 1529 1309; baseline 0 -12"><span class='ocrx_word' id='word_1_280' title='bbox 869 1267 973 1298; x_wconf 91' lang='lat' dir='ltr'>vinum</span> <span class='ocrx_word' id='word_1_281' title='bbox 1000 1267 1159 1309; x_wconf 87' lang='lat' dir='ltr'>premitur.</span> <span class='ocrx_word' id='word_1_282' title='bbox 1205 1267 1274 1297; x_wconf 90' lang='lat' dir='ltr'>Imo</span> <span class='ocrx_word' id='word_1_283' title='bbox 1303 1267 1371 1297; x_wconf 83' lang='lat' dir='ltr'>cola</span> <span class='ocrx_word' id='word_1_284' title='bbox 1397 1267 1529 1308; x_wconf 88' lang='lat' dir='ltr'>supponi</span> 
     </span>
     <span class='ocr_line' id='line_1_51' title="bbox 866 1315 1529 1357; baseline 0.002 -12"><span class='ocrx_word' id='word_1_285' title='bbox 866 1316 1007 1346; x_wconf 82' lang='lat' dir='ltr'>solebant</span> <span class='ocrx_word' id='word_1_286' title='bbox 1022 1315 1135 1357; x_wconf 75' lang='lat' dir='ltr'>praeliS,</span> <span class='ocrx_word' id='word_1_287' title='bbox 1150 1322 1183 1346; x_wconf 86' lang='lat' dir='ltr'>ut</span> <span class='ocrx_word' id='word_1_288' title='bbox 1199 1321 1347 1351; x_wconf 86' lang='lat' dir='ltr'>mustum,</span> <span class='ocrx_word' id='word_1_289' title='bbox 1358 1321 1412 1346; x_wconf 83' lang='lat' dir='ltr'>aut</span> <span class='ocrx_word' id='word_1_290' title='bbox 1427 1316 1529 1346; x_wconf 90' lang='lat' dir='ltr'>oleum</span> 
     </span>
     <span class='ocr_line' id='line_1_52' title="bbox 866 1363 1526 1405; baseline 0 -10"><span class='ocrx_word' id='word_1_291' title='bbox 866 1364 896 1395; x_wconf 87' lang='lat' dir='ltr'>in</span> <span class='ocrx_word' id='word_1_292' title='bbox 914 1365 950 1395; x_wconf 93' lang='lat' dir='ltr'>iis</span> <span class='ocrx_word' id='word_1_293' title='bbox 966 1370 1132 1405; x_wconf 87' lang='lat' dir='ltr'>exceptum</span> <span class='ocrx_word' id='word_1_294' title='bbox 1145 1363 1336 1405; x_wconf 83' lang='lat' dir='ltr'>liquaretur;</span> <span class='ocrx_word' id='word_1_295' title='bbox 1353 1363 1526 1401; x_wconf 86' lang='lat' dir='ltr'>Lucretius,</span> 
     </span>
     <span class='ocr_line' id='line_1_53' title="bbox 865 1412 1528 1454; baseline -0.002 -11"><span class='ocrx_word' id='word_1_296' title='bbox 865 1414 900 1445; x_wconf 88' lang='lat' dir='ltr'>ii.</span> <span class='ocrx_word' id='word_1_297' title='bbox 917 1415 975 1444; x_wconf 88' lang='lat'>391</span> <span class='ocrx_word' id='word_1_298' title='bbox 993 1426 998 1443; x_wconf 95' lang='lat'>:</span> <span class='ocrx_word' id='word_1_299' title='bbox 1024 1415 1097 1444; x_wconf 86' lang='lat' dir='ltr'>“Et</span> <span class='ocrx_word' id='word_1_300' title='bbox 1116 1412 1258 1454; x_wconf 82' lang='lat' dir='ltr'>quamvis</span> <span class='ocrx_word' id='word_1_301' title='bbox 1279 1412 1381 1444; x_wconf 89' lang='lat' dir='ltr'>subito</span> <span class='ocrx_word' id='word_1_302' title='bbox 1402 1423 1456 1453; x_wconf 88' lang='lat' dir='ltr'>per</span> <span class='ocrx_word' id='word_1_303' title='bbox 1476 1423 1528 1443; x_wconf 87' lang='lat' dir='ltr'>co-</span> 
     </span>
     <span class='ocr_line' id='line_1_54' title="bbox 864 1461 1528 1497; baseline -0.002 -5"><span class='ocrx_word' id='word_1_304' title='bbox 864 1462 928 1492; x_wconf 90' lang='lat' dir='ltr'>lum</span> <span class='ocrx_word' id='word_1_305' title='bbox 944 1462 1015 1492; x_wconf 83' lang='lat' dir='ltr'>vina</span> <span class='ocrx_word' id='word_1_306' title='bbox 1031 1461 1173 1492; x_wconf 83' lang='lat' dir='ltr'>videmus</span> <span class='ocrx_word' id='word_1_307' title='bbox 1189 1461 1355 1497; x_wconf 64' lang='lat' dir='ltr'>Perfluare,</span> <span class='ocrx_word' id='word_1_308' title='bbox 1372 1467 1404 1491; x_wconf 86' lang='lat' dir='ltr'>at</span> <span class='ocrx_word' id='word_1_309' title='bbox 1419 1467 1528 1491; x_wconf 82' lang='lat' dir='ltr'>contra</span> 
     </span>
     <span class='ocr_line' id='line_1_55' title="bbox 863 1509 1524 1540; baseline -0.002 0"><span class='ocrx_word' id='word_1_310' title='bbox 863 1510 986 1540; x_wconf 81' lang='lat' dir='ltr'>tardum</span> <span class='ocrx_word' id='word_1_311' title='bbox 1024 1515 1188 1540; x_wconf 85' lang='lat' dir='ltr'>cunctatur</span> <span class='ocrx_word' id='word_1_312' title='bbox 1225 1509 1373 1539; x_wconf 88' lang='lat' dir='ltr'>olivum.’&#39;</span> <span class='ocrx_word' id='word_1_313' title='bbox 1433 1509 1524 1539; x_wconf 84' lang='lat' dir='ltr'>Forte</span> 
     </span>
     <span class='ocr_line' id='line_1_56' title="bbox 865 1557 1527 1600; baseline 0 -12"><span class='ocrx_word' id='word_1_314' title='bbox 865 1559 959 1589; x_wconf 88' lang='lat' dir='ltr'>verba</span> <span class='ocrx_word' id='word_1_315' title='bbox 972 1558 1158 1600; x_wconf 87' lang='lat' dir='ltr'>transposita</span> <span class='ocrx_word' id='word_1_316' title='bbox 1172 1563 1255 1593; x_wconf 85' lang='lat' dir='ltr'>sunt,</span> <span class='ocrx_word' id='word_1_317' title='bbox 1267 1557 1309 1587; x_wconf 84' lang='lat' dir='ltr'>ita</span> <span class='ocrx_word' id='word_1_318' title='bbox 1326 1562 1360 1587; x_wconf 85' lang='lat' dir='ltr'>ut</span> <span class='ocrx_word' id='word_1_319' title='bbox 1376 1567 1438 1587; x_wconf 88' lang='lat' dir='ltr'>ver.</span> <span class='ocrx_word' id='word_1_320' title='bbox 1452 1558 1527 1588; x_wconf 81' lang='lat'>436.</span> 
     </span>
     <span class='ocr_line' id='line_1_57' title="bbox 864 1606 1525 1646; baseline 0 -10"><span class='ocrx_word' id='word_1_321' title='bbox 864 1610 971 1638; x_wconf 67' lang='grc' dir='ltr'>τίηιὶιιε</span> <span class='ocrx_word' id='word_1_322' title='bbox 985 1609 1088 1641; x_wconf 78' lang='lat' dir='ltr'>cribri,</span> <span class='ocrx_word' id='word_1_323' title='bbox 1104 1614 1134 1638; x_wconf 90' lang='lat' dir='ltr'>et</span> <span class='ocrx_word' id='word_1_324' title='bbox 1150 1617 1212 1637; x_wconf 88' lang='lat' dir='ltr'>ver.</span> <span class='ocrx_word' id='word_1_325' title='bbox 1227 1606 1369 1646; x_wconf 86' lang='lat' dir='ltr'>sequenti</span> <span class='ocrx_word' id='word_1_326' title='bbox 1382 1607 1434 1635; x_wconf 77' lang='lat' dir='ltr'>sub</span> <span class='ocrx_word' id='word_1_327' title='bbox 1453 1617 1525 1645; x_wconf 80' lang='lat' dir='ltr'>pon-</span> 
     </span>
     <span class='ocr_line' id='line_1_58' title="bbox 863 1654 1528 1696; baseline -0.002 -11"><span class='ocrx_word' id='word_1_328' title='bbox 863 1658 933 1685; x_wconf 83' lang='lat' dir='ltr'>dere</span> <span class='ocrx_word' id='word_1_329' title='bbox 958 1668 1069 1695; x_wconf 79' lang='lat' dir='ltr'>querno</span> <span class='ocrx_word' id='word_1_330' title='bbox 1096 1655 1263 1696; x_wconf 85' lang='lat' dir='ltr'>legendum</span> <span class='ocrx_word' id='word_1_331' title='bbox 1291 1654 1340 1684; x_wconf 89' lang='lat' dir='ltr'>sit.</span> <span class='ocrx_word' id='word_1_332' title='bbox 1395 1654 1528 1685; x_wconf 90' lang='lat' dir='ltr'>Lenzius</span> 
     </span>
     <span class='ocr_line' id='line_1_59' title="bbox 861 1705 1528 1744; baseline -0.001 -9"><span class='ocrx_word' id='word_1_333' title='bbox 861 1705 971 1735; x_wconf 81' lang='lat' dir='ltr'>suadet</span> <span class='ocrx_word' id='word_1_334' title='bbox 985 1717 991 1734; x_wconf 91' lang='lat'>:</span> <span class='ocrx_word' id='word_1_335' title='bbox 1018 1706 1124 1734; x_wconf 79' lang='lat' dir='ltr'>vimine</span> <span class='ocrx_word' id='word_1_336' title='bbox 1141 1705 1402 1744; x_wconf 77' lang='lat' dir='ltr'>spisso—pondere</span> <span class='ocrx_word' id='word_1_337' title='bbox 1418 1714 1528 1743; x_wconf 79' lang='lat' dir='ltr'>querno</span> 
     </span>
     <span class='ocr_line' id='line_1_60' title="bbox 862 1752 1526 1794; baseline 0.002 -12"><span class='ocrx_word' id='word_1_338' title='bbox 862 1753 1053 1794; x_wconf 71' lang='lat' dir='ltr'>—jbramina</span> <span class='ocrx_word' id='word_1_339' title='bbox 1075 1755 1179 1783; x_wconf 74' lang='lat' dir='ltr'>cribri.</span> <span class='ocrx_word' id='word_1_340' title='bbox 1226 1752 1285 1781; x_wconf 86' lang='lat' dir='ltr'>Pro</span> <span class='ocrx_word' id='word_1_341' title='bbox 1309 1758 1412 1781; x_wconf 78' lang='lat' dir='ltr'>manat</span> <span class='ocrx_word' id='word_1_342' title='bbox 1428 1752 1526 1783; x_wconf 81' lang='lat' dir='ltr'>Basil.</span> 
     </span>
     <span class='ocr_line' id='line_1_61' title="bbox 863 1800 1525 1840; baseline -0.002 -8"><span class='ocrx_word' id='word_1_343' title='bbox 863 1805 979 1838; x_wconf 63' lang='lat' dir='ltr'>stillat,-</span> <span class='ocrx_word' id='word_1_344' title='bbox 1002 1802 1056 1832; x_wconf 85' lang='lat' dir='ltr'>sed</span> <span class='ocrx_word' id='word_1_345' title='bbox 1073 1801 1238 1832; x_wconf 86' lang='lat' dir='ltr'>Lucretius</span> <span class='ocrx_word' id='word_1_346' title='bbox 1255 1800 1285 1831; x_wconf 86' lang='lat' dir='ltr'>iu</span> <span class='ocrx_word' id='word_1_347' title='bbox 1302 1811 1334 1831; x_wconf 90' lang='lat' dir='ltr'>re</span> <span class='ocrx_word' id='word_1_348' title='bbox 1352 1800 1443 1831; x_wconf 86' lang='lat' dir='ltr'>simili</span> <span class='ocrx_word' id='word_1_349' title='bbox 1457 1812 1525 1840; x_wconf 79' lang='lat' dir='ltr'>per-</span> 
     </span>
     <span class='ocr_line' id='line_1_62' title="bbox 863 1850 1090 1881; baseline -0.004 -1"><span class='ocrx_word' id='word_1_350' title='bbox 863 1862 986 1881; x_wconf 79' lang='lat' dir='ltr'>manare</span> <span class='ocrx_word' id='word_1_351' title='bbox 1001 1850 1090 1881; x_wconf 77' lang='lat' dir='ltr'>dixit.</span> 
     </span>
    </p>

    <p class='ocr_par' dir='ltr' id='par_1_10' title="bbox 861 1899 1529 2377">
     <span class='ocr_line' id='line_1_63' title="bbox 907 1899 1525 1939; baseline 0 -10"><span class='ocrx_word' id='word_1_352' title='bbox 907 1901 980 1930; x_wconf 84' lang='lat'>439.</span> <span class='ocrx_word' id='word_1_353' title='bbox 1012 1899 1138 1931; x_wconf 60' lang='lat' dir='ltr'>Nudave</span> <span class='ocrx_word' id='word_1_354' title='bbox 1171 1900 1260 1928; x_wconf 73' lang='lat' dir='ltr'>armis</span> <span class='ocrx_word' id='word_1_355' title='bbox 1291 1908 1357 1939; x_wconf 77' lang='lat' dir='ltr'>pro,</span> <span class='ocrx_word' id='word_1_356' title='bbox 1387 1899 1525 1938; x_wconf 81' lang='lat' dir='ltr'>spoliare,</span> 
     </span>
     <span class='ocr_line' id='line_1_64' title="bbox 867 1946 1527 1989; baseline 0 -11"><span class='ocrx_word' id='word_1_357' title='bbox 867 1948 950 1989; x_wconf 88' lang='lat' dir='ltr'>quod</span> <span class='ocrx_word' id='word_1_358' title='bbox 978 1948 1104 1978; x_wconf 85' lang='lat' dir='ltr'>solenne</span> <span class='ocrx_word' id='word_1_359' title='bbox 1129 1948 1161 1977; x_wconf 93' lang='lat' dir='ltr'>in</span> <span class='ocrx_word' id='word_1_360' title='bbox 1190 1947 1248 1977; x_wconf 82' lang='lat' dir='ltr'>hac</span> <span class='ocrx_word' id='word_1_361' title='bbox 1272 1958 1316 1977; x_wconf 85' lang='lat' dir='ltr'>re.</span> <span class='ocrx_word' id='word_1_362' title='bbox 1363 1946 1469 1988; x_wconf 88' lang='lat' dir='ltr'>Atque</span> <span class='ocrx_word' id='word_1_363' title='bbox 1494 1947 1527 1978; x_wconf 86' lang='lat' dir='ltr'>id</span> 
     </span>
     <span class='ocr_line' id='line_1_65' title="bbox 866 1995 1527 2038; baseline -0.002 -12"><span class='ocrx_word' id='word_1_364' title='bbox 866 1997 966 2038; x_wconf 88' lang='lat' dir='ltr'>ipsum</span> <span class='ocrx_word' id='word_1_365' title='bbox 995 1996 1052 2026; x_wconf 90' lang='lat' dir='ltr'>hoc</span> <span class='ocrx_word' id='word_1_366' title='bbox 1074 1996 1142 2026; x_wconf 84' lang='lat' dir='ltr'>loco</span> <span class='ocrx_word' id='word_1_367' title='bbox 1164 1995 1340 2026; x_wconf 82' lang='lat' dir='ltr'>restitutum</span> <span class='ocrx_word' id='word_1_368' title='bbox 1364 2005 1380 2025; x_wconf 90' lang='lat' dir='ltr'>e</span> <span class='ocrx_word' id='word_1_369' title='bbox 1407 2000 1527 2036; x_wconf 86' lang='lat' dir='ltr'>septem</span> 
     </span>
     <span class='ocr_line' id='line_1_66' title="bbox 865 2043 1529 2084; baseline -0.003 -9"><span class='ocrx_word' id='word_1_370' title='bbox 865 2045 957 2076; x_wconf 75' lang='lat' dir='ltr'>MSS.</span> <span class='ocrx_word' id='word_1_371' title='bbox 973 2045 1062 2075; x_wconf 81' lang='lat' dir='ltr'>malit</span> <span class='ocrx_word' id='word_1_372' title='bbox 1085 2044 1243 2080; x_wconf 88' lang='lat' dir='ltr'>Heinsius,</span> <span class='ocrx_word' id='word_1_373' title='bbox 1259 2043 1333 2084; x_wconf 82' lang='lat' dir='ltr'>quia</span> <span class='ocrx_word' id='word_1_374' title='bbox 1356 2054 1423 2084; x_wconf 88' lang='lat' dir='ltr'>seq.</span> <span class='ocrx_word' id='word_1_375' title='bbox 1439 2045 1529 2082; x_wconf 83' lang='lat' dir='ltr'>spoli-</span> 
     </span>
     <span class='ocr_line' id='line_1_67' title="bbox 863 2091 1527 2130; baseline -0.003 -6"><span class='ocrx_word' id='word_1_376' title='bbox 863 2096 953 2130; x_wconf 75' lang='lat' dir='ltr'>antis,</span> <span class='ocrx_word' id='word_1_377' title='bbox 969 2099 1003 2124; x_wconf 88' lang='lat' dir='ltr'>ut</span> <span class='ocrx_word' id='word_1_378' title='bbox 1024 2093 1064 2124; x_wconf 84' lang='lat' dir='ltr'>sit</span> <span class='ocrx_word' id='word_1_379' title='bbox 1084 2092 1246 2123; x_wconf 82' lang='lat' dir='ltr'>familiaris</span> <span class='ocrx_word' id='word_1_380' title='bbox 1268 2091 1323 2123; x_wconf 82' lang='lat' dir='ltr'>illa</span> <span class='ocrx_word' id='word_1_381' title='bbox 1340 2092 1455 2122; x_wconf 86' lang='lat' dir='ltr'>Ovidio</span> <span class='ocrx_word' id='word_1_382' title='bbox 1478 2103 1527 2123; x_wconf 90' lang='lat' dir='ltr'>re-</span> 
     </span>
     <span class='ocr_line' id='line_1_68' title="bbox 861 2141 1525 2184; baseline -0.003 -11"><span class='ocrx_word' id='word_1_383' title='bbox 861 2142 982 2184; x_wconf 86' lang='lat' dir='ltr'>petitio.</span> <span class='ocrx_word' id='word_1_384' title='bbox 1026 2143 1071 2173; x_wconf 88' lang='lat' dir='ltr'>At</span> <span class='ocrx_word' id='word_1_385' title='bbox 1100 2152 1195 2183; x_wconf 90' lang='lat' dir='ltr'>quum</span> <span class='ocrx_word' id='word_1_386' title='bbox 1224 2142 1342 2171; x_wconf 71' lang='lat' dir='ltr'>nudare</span> <span class='ocrx_word' id='word_1_387' title='bbox 1369 2141 1525 2172; x_wconf 87' lang='lat' dir='ltr'>interdum</span> 
     </span>
     <span class='ocr_line' id='line_1_69' title="bbox 862 2189 1525 2232; baseline -0.003 -11"><span class='ocrx_word' id='word_1_388' title='bbox 862 2196 995 2232; x_wconf 80' lang='lat' dir='ltr'>ponatur</span> <span class='ocrx_word' id='word_1_389' title='bbox 1018 2200 1072 2231; x_wconf 88' lang='lat' dir='ltr'>pro</span> <span class='ocrx_word' id='word_1_390' title='bbox 1096 2189 1240 2231; x_wconf 75' lang='lat' dir='ltr'>spoliare,</span> <span class='ocrx_word' id='word_1_391' title='bbox 1263 2199 1364 2230; x_wconf 83' lang='lat' dir='ltr'>neque</span> <span class='ocrx_word' id='word_1_392' title='bbox 1392 2189 1525 2220; x_wconf 90' lang='lat' dir='ltr'>Ovidius</span> 
     </span>
     <span class='ocr_line' id='line_1_70' title="bbox 862 2237 1525 2280; baseline -0.003 -11"><span class='ocrx_word' id='word_1_393' title='bbox 862 2239 977 2280; x_wconf 90' lang='lat' dir='ltr'>ubique</span> <span class='ocrx_word' id='word_1_394' title='bbox 1011 2237 1137 2268; x_wconf 75' lang='lat' dir='ltr'>affectet</span> <span class='ocrx_word' id='word_1_395' title='bbox 1171 2237 1257 2268; x_wconf 90' lang='lat' dir='ltr'>illam</span> <span class='ocrx_word' id='word_1_396' title='bbox 1295 2237 1525 2279; x_wconf 88' lang='lat' dir='ltr'>repetitionem,</span> 
     </span>
     <span class='ocr_line' id='line_1_71' title="bbox 861 2285 1525 2326; baseline -0.003 -9"><span class='ocrx_word' id='word_1_397' title='bbox 861 2293 1015 2322; x_wconf 84' lang='lat' dir='ltr'>tueamur,</span> <span class='ocrx_word' id='word_1_398' title='bbox 1029 2287 1194 2317; x_wconf 89' lang='lat' dir='ltr'>lectionem</span> <span class='ocrx_word' id='word_1_399' title='bbox 1206 2286 1374 2326; x_wconf 86' lang='lat' dir='ltr'>vulgatam.</span> <span class='ocrx_word' id='word_1_400' title='bbox 1403 2285 1480 2316; x_wconf 85' lang='lat' dir='ltr'>Tela</span> <span class='ocrx_word' id='word_1_401' title='bbox 1493 2285 1525 2316; x_wconf 90' lang='lat' dir='ltr'>in</span> 
     </span>
     <span class='ocr_line' id='line_1_72' title="bbox 862 2335 1497 2377; baseline -0.002 -11"><span class='ocrx_word' id='word_1_402' title='bbox 862 2347 973 2377; x_wconf 85' lang='lat' dir='ltr'>corpus</span> <span class='ocrx_word' id='word_1_403' title='bbox 984 2335 1130 2366; x_wconf 87' lang='lat' dir='ltr'>dicuntur</span> <span class='ocrx_word' id='word_1_404' title='bbox 1140 2337 1257 2366; x_wconf 75' lang='lat' dir='ltr'>demitti</span> <span class='ocrx_word' id='word_1_405' title='bbox 1270 2340 1302 2365; x_wconf 87' lang='lat' dir='ltr'>et</span> <span class='ocrx_word' id='word_1_406' title='bbox 1314 2336 1497 2365; x_wconf 78' lang='lat' dir='ltr'>descendere.</span> 
     </span>
    </p>

    <p class='ocr_par' dir='ltr' id='par_1_11' title="bbox 860 2383 1525 2715">
     <span class='ocr_line' id='line_1_73' title="bbox 907 2383 1525 2425; baseline -0.002 -11"><span class='ocrx_word' id='word_1_407' title='bbox 907 2386 978 2415; x_wconf 82' lang='lat'>445.</span> <span class='ocrx_word' id='word_1_408' title='bbox 999 2384 1083 2415; x_wconf 79' lang='lat' dir='ltr'>Tunc</span> <span class='ocrx_word' id='word_1_409' title='bbox 1099 2384 1295 2425; x_wconf 62' lang='lat' dir='ltr'>ego—defficit</span> <span class='ocrx_word' id='word_1_410' title='bbox 1312 2383 1409 2422; x_wconf 80' lang='lat' dir='ltr'>aetas.]</span> <span class='ocrx_word' id='word_1_411' title='bbox 1434 2383 1525 2413; x_wconf 83' lang='lat' dir='ltr'>Talia</span> 
     </span>
     <span class='ocr_line' id='line_1_74' title="bbox 860 2430 1522 2474; baseline -0.005 -11"><span class='ocrx_word' id='word_1_412' title='bbox 860 2432 1034 2474; x_wconf 86' lang='lat' dir='ltr'>jucundam</span> <span class='ocrx_word' id='word_1_413' title='bbox 1063 2432 1197 2462; x_wconf 87' lang='lat' dir='ltr'>reddunt</span> <span class='ocrx_word' id='word_1_414' title='bbox 1227 2430 1446 2466; x_wconf 84' lang='lat' dir='ltr'>narrationem,</span> <span class='ocrx_word' id='word_1_415' title='bbox 1475 2430 1522 2461; x_wconf 90' lang='lat' dir='ltr'>in-</span> 
     </span>
     <span class='ocr_line' id='line_1_75' title="bbox 865 2479 1523 2522; baseline -0.003 -11"><span class='ocrx_word' id='word_1_416' title='bbox 865 2481 971 2522; x_wconf 85' lang='lat' dir='ltr'>primis</span> <span class='ocrx_word' id='word_1_417' title='bbox 995 2481 1020 2511; x_wconf 89' lang='lat' dir='ltr'>si</span> <span class='ocrx_word' id='word_1_418' title='bbox 1046 2482 1284 2522; x_wconf 83' lang='lat' dir='ltr'>interponuntur</span> <span class='ocrx_word' id='word_1_419' title='bbox 1305 2479 1436 2520; x_wconf 85' lang='lat' dir='ltr'>longiori</span> <span class='ocrx_word' id='word_1_420' title='bbox 1462 2490 1523 2510; x_wconf 86' lang='lat' dir='ltr'>cae-</span> 
     </span>
     <span class='ocr_line' id='line_1_76' title="bbox 864 2528 1524 2569; baseline -0.002 -10"><span class='ocrx_word' id='word_1_421' title='bbox 864 2530 949 2559; x_wconf 90' lang='lat' dir='ltr'>dium</span> <span class='ocrx_word' id='word_1_422' title='bbox 977 2528 1212 2564; x_wconf 80' lang='lat' dir='ltr'>enumerationi,</span> <span class='ocrx_word' id='word_1_423' title='bbox 1239 2533 1333 2569; x_wconf 81' lang='lat' dir='ltr'>atque</span> <span class='ocrx_word' id='word_1_424' title='bbox 1361 2528 1524 2559; x_wconf 86' lang='lat' dir='ltr'>imitantur</span> 
     </span>
     <span class='ocr_line' id='line_1_77' title="bbox 865 2576 1522 2619; baseline -0.003 -11"><span class='ocrx_word' id='word_1_425' title='bbox 865 2588 1020 2608; x_wconf 87' lang='lat' dir='ltr'>sermones</span> <span class='ocrx_word' id='word_1_426' title='bbox 1034 2576 1245 2619; x_wconf 86' lang='lat' dir='ltr'>quotidianos.</span> <span class='ocrx_word' id='word_1_427' title='bbox 1284 2576 1389 2607; x_wconf 88' lang='lat' dir='ltr'>Simile</span> <span class='ocrx_word' id='word_1_428' title='bbox 1406 2577 1522 2607; x_wconf 84' lang='lat' dir='ltr'>Nesto-</span> 
     </span>
     <span class='ocr_line' id='line_1_78' title="bbox 864 2624 1521 2667; baseline -0.003 -10"><span class='ocrx_word' id='word_1_429' title='bbox 864 2627 905 2657; x_wconf 89' lang='lat' dir='ltr'>ris</span> <span class='ocrx_word' id='word_1_430' title='bbox 922 2632 1026 2656; x_wconf 89' lang='lat' dir='ltr'>votum</span> <span class='ocrx_word' id='word_1_431' title='bbox 1048 2625 1130 2667; x_wconf 87' lang='lat' dir='ltr'>apud</span> <span class='ocrx_word' id='word_1_432' title='bbox 1151 2625 1331 2660; x_wconf 89' lang='lat' dir='ltr'>Homerum,</span> <span class='ocrx_word' id='word_1_433' title='bbox 1348 2624 1386 2655; x_wconf 90' lang='lat' dir='ltr'>Il.</span> <span class='ocrx_word' id='word_1_434' title='bbox 1403 2628 1443 2655; x_wconf 87' lang='lat' dir='ltr'>H.</span> <span class='ocrx_word' id='word_1_435' title='bbox 1461 2625 1521 2655; x_wconf 87' lang='lat'>132</span> 
     </span>
     <span class='ocr_line' id='line_1_79' title="bbox 865 2672 1521 2715; baseline -0.002 -11"><span class='ocrx_word' id='word_1_436' title='bbox 865 2685 933 2715; x_wconf 86' lang='lat' dir='ltr'>sqq.</span> <span class='ocrx_word' id='word_1_437' title='bbox 949 2673 1000 2704; x_wconf 91' lang='lat' dir='ltr'>ubi</span> <span class='ocrx_word' id='word_1_438' title='bbox 1016 2674 1131 2704; x_wconf 82' lang='lat' dir='ltr'>Hector</span> <span class='ocrx_word' id='word_1_439' title='bbox 1147 2678 1369 2715; x_wconf 82' lang='lat' dir='ltr'>provocaverat</span> <span class='ocrx_word' id='word_1_440' title='bbox 1387 2672 1521 2714; x_wconf 88' lang='lat' dir='ltr'>aliquem</span> 
     </span>
    </p>

    <p class='ocr_par' dir='ltr' id='par_1_12' title="bbox 996 2722 1056 2762">
     <span class='ocr_line' id='line_1_80' title="bbox 996 2722 1056 2762; baseline -0.033 -10"><span class='ocrx_word' id='word_1_441' title='bbox 996 2722 1022 2752; x_wconf 86' lang='lat' dir='ltr'>P</span> <span class='ocrx_word' id='word_1_442' title='bbox 1037 2733 1056 2762; x_wconf 85' lang='lat' dir='ltr'>p</span> 
     </span>
    </p>
   </div>
  </div>
 </body>
</html>
