1779 3130
385 161 555 202 ΜΕΤΑ
564 162 1010 205 MORPIIOSEON
1045 165 1162 206 LIB.
1198 165 1305 206 XV.

1449 167 1534 206 473

148 272 319 328 Vesta,
348 281 474 329 tuos,
502 276 713 338 laetoque
736 277 898 324 Deum
923 279 1138 326 clamore
1163 281 1394 327 salutant.

144 347 357 411 Quaque
383 367 472 412 per
497 352 727 399 adversas
758 355 894 401 navis
919 357 1019 402 cita
1043 357 1239 403 ducitur
1260 358 1432 411 undas,

143 424 276 471 Tura
300 442 448 489 super
474 428 621 490 ripas,
650 430 744 475 aris
771 448 834 477 ex
860 432 1030 478 ordine
1052 432 1210 486 factis,

144 500 293 548 Parte
319 503 380 548 ab
407 510 615 565 utraque
641 514 833 561 sonant,
856 515 906 553 et
929 508 1136 554 odorant
1160 524 1272 554 aera
1297 508 1469 554 fumis:

147 576 355 640 Ictaque
381 581 634 642 conjectos
660 582 910 629 incalfacit
935 584 1094 630 hostia
1119 585 1318 631 cultros.

1428 588 1523 630 735

143 652 360 716 Jamque
379 663 531 718 caput
549 672 727 713 rerum,
749 657 1025 704 Romanam
1043 659 1309 706 intraverat
1326 660 1496 706 urbem
1515 676 1524 706 :

145 728 364 791 Erigitur
390 748 610 794 se1·penS‚
641 749 934 797 summoque
960 735 1169 781 acclinia
1194 737 1322 782 malo

147 805 293 852 Colla
317 815 498 863 movet,
523 809 772 871 sedesque
798 811 891 857 sibi
917 811 1256 874 circumspicit
1281 820 1437 874 aptas.

146 881 401 929 Scinditur
425 883 473 929 in
501 884 721 946 geminas
748 893 914 948 partes
941 887 1256 933 circumfluus
1274 887 1458 944 amnis;

146 957 317 1006 Insula
343 976 521 1007 nomen
546 961 722 1017 habet;
752 962 1061 1025 laterumque
1088 979 1115 1009 a
1140 972 1279 1026 parte
1304 964 1510 1010 duorum

144 1035 361 1098 Porrigit
385 1039 603 1099 aequales
627 1040 792 1086 media
817 1041 994 1087 tellure
1021 1041 1248 1087 lacertos

142 1111 255 1158 Huc
282 1130 334 1160 se
361 1114 422 1160 de
450 1113 592 1162 Latia
616 1116 734 1178 pinu
762 1115 1029 1162 Phoebeius
1057 1116 1231 1177 anguis

144 1189 388 1245 Contulit,
417 1198 467 1238 et
490 1190 655 1246 finem,
683 1193 851 1254 specie
877 1193 1079 1239 coeleste
1105 1199 1370 1254 resumpta,

144 1264 383 1312 Luctibus
411 1267 662 1330 imposuit,
689 1269 924 1330 venitque
949 1267 1172 1315 salutifer
1199 1268 1340 1314 Urbi.

1429 1269 1521 1312 744

210 1341 358 1388 VIII.
375 1341 470 1389 Hic
481 1350 647 1390 tamen
663 1345 875 1391 accessit
885 1345 1104 1391 delubris
1121 1345 1309 1391 advena
1324 1343 1524 1390 nostris:

145 1418 378 1465 Caesarin
404 1420 524 1466 urbe
549 1436 637 1466 sua
659 1420 796 1467 Deus
813 1427 915 1467 est:
946 1436 1096 1482 quem
1114 1420 1292 1476 Marte,
1312 1428 1527 1482 togaque

144 1494 475 1558 Praecipuum,
504 1512 599 1542 non
627 1497 757 1544 bella
782 1497 937 1558 magis
962 1497 1101 1543 finita
1126 1496 1404 1559 triumphis,

145 1570 351 1634 Resque
376 1572 508 1618 domi
535 1579 704 1634 gestae,
733 1581 1098 1636 properataque
1123 1572 1276 1634 gloria
1301 1588 1461 1618 rerum

142 1646 199 1693 In
228 1647 363 1694 sidus
388 1656 577 1696 vertere
604 1665 798 1705 novum,
828 1650 1123 1712 stellamque
1149 1655 1445 1702 comantem,

141 1723 303 1777 Quam
330 1741 419 1772 sua
443 1725 703 1788 progenies
722 1743 731 1772 :
762 1741 926 1788 neque
942 1726 1071 1772 enim
1087 1726 1149 1771 de
1168 1724 1378 1771 Caesaris
1400 1723 1523 1770 actis

184 1863 258 1893 734.
275 1864 387 1894 Sonare
403 1863 442 1893 de
458 1864 578 1905 crepitu
595 1864 682 1894 turis.
722 1865 800 1894 Odo-

140 1918 212 1941 rant
238 1913 352 1952 jarius,
381 1912 504 1954 replent
532 1913 624 1943 fumis
652 1913 800 1944 odoratis.

143 1959 300 1999 Conjeccus
315 1966 349 1990 ut
362 1963 497 2001 adjectus
510 1961 666 2003 proprium
679 1961 718 1992 de
735 1962 801 1992 cul-

139 2014 185 2039 tro
215 2009 348 2048 adacto;
384 2010 455 2040 vide
486 2010 689 2045 Gronovium,
721 2011 801 2042 Obs.

140 2067 213 2098 pag.
243 2059 295 2088 87.
349 2059 512 2100 Incugf'acit
550 2060 642 2089 hostia
681 2060 803 2089 cultros.

141 2106 228 2136 Dum
253 2107 336 2136 enim
353 2107 485 2138 victimae
498 2107 694 2149 jugulantur,
712 2107 803 2137 cultri

140 2154 291 2195 sanguine
312 2155 472 2186 calefiunt.
511 2157 661 2186 declinia.
686 2156 801 2196 Vulgo,

139 2208 172 2234 et
188 2202 218 2233 in
235 2204 345 2245 Regiis
360 2204 531 2239 codicibus,
551 2206 689 2235 aet-litia.

185 2254 258 2284 739.
267 2254 425 2284 Scinditur
437 2256 619 2296 ingeminas,
629 2255 706 2294 ete.]
720 2255 802 2284 Prae-

141 2302 226 2333 clara
251 2302 372 2339 insulae,
396 2314 488 2344 quam
512 2303 625 2333 fluvius
648 2303 734 2339 facit,
750 2303 804 2334 de-

141 2350 278 2390 scriptio.
318 2352 464 2392 Porrigit,
481 2351 634 2382 extendit.
675 2353 801 2382 Festus:

142 2404 162 2416 “
178 2401 216 2430 In
232 2400 332 2430 insula
344 2400 527 2441 fEsculapio
542 2400 625 2431 facta
637 2400 719 2431 aedes
735 2400 803 2435 fuit,

143 2448 227 2490 quod
249 2449 355 2489 aegroti
373 2459 390 2478 a
410 2449 539 2480 medicis
564 2459 645 2490 aqua
669 2448 804 2479 maxime

143 2497 390 2528 sustentantur.''
425 2497 580 2528 Caeterum
598 2497 679 2527 hunc
692 2498 804 2527 fliscu-

143 2546 218 2587 lapii
248 2546 279 2576 in
308 2552 450 2587 serpente
480 2547 605 2577 latentis
634 2546 801 2576 adventum

144 2595 247 2624 numis
284 2595 377 2625 etiam
416 2595 612 2632 celebrarunt
648 2595 801 2631 Romani3

145 2644 353 2685 Spanhemius
369 2644 407 2674 de
425 2645 491 2675 Usu
505 2650 536 2675 et
552 2645 659 2674 Praest.
676 2654 760 2674 num.
773 2643 803 2673 ii.

144 2694 218 2722 217.

190 2743 289 2772 VOL.
309 2743 368 2772 lv.

914 1865 1096 1895 745—870.
1121 1864 1200 1893 Juliz'
1225 1863 1348 1893 Ccrsaris
1371 1863 1529 1901 apotheosis

870 1914 1002 1955 graviter
1024 1919 1055 1943 et
1074 1913 1105 1942 in
1125 1912 1294 1942 maximum
1317 1909 1452 1950 Augusti
1471 1909 1526 1939 ho-

870 1973 975 1992 norem
1012 1966 1156 1991 tractata.
1207 1959 1341 1990 Causam
1371 1958 1438 1999 ejus
1467 1957 1531 1998 agit

871 2011 989 2046 Venus,
1019 2009 1102 2040 unde
1130 2019 1228 2050 genus
1251 2007 1386 2038 (lucebat
1412 2006 1528 2040 Caesar,

872 2059 902 2090 in
925 2059 1056 2090 concilio
1081 2059 1231 2092 Deorum,
1250 2066 1381 2096 eamque
1403 2054 1530 2095 adjuvat

871 2108 1007 2149 Jupiter.
1044 2107 1131 2136 Inest
1153 2106 1185 2135 h.
1200 2105 1222 2135 l.
1245 2104 1403 2144 catalogus
1428 2113 1528 2133 rerum

871 2162 902 2187 et
924 2167 941 2186 a
962 2156 1087 2186 Caesare
1105 2161 1135 2184 et
1152 2155 1191 2184 ab
1207 2153 1349 2193 Augusto
1363 2157 1529 2192 gestarum.

915 2206 987 2235 748.
1015 2204 1190 2243 Properata,
1209 2206 1407 2243 properanter
1429 2205 1530 2241 parta.

872 2254 939 2284 Cic.
955 2263 1009 2294 pro
1031 2252 1131 2281 Marc.
1146 2252 1177 2280 2.
1194 2250 1232 2280 de
1251 2250 1392 2280 Caesare:
1417 2252 1439 2264 “
1458 2247 1527 2277 Nec

872 2313 943 2333 vero
965 2299 1223 2342 disjunctissimas
1244 2304 1339 2328 terras
1362 2296 1453 2327 citius
1474 2306 1530 2326 cu·

869 2352 1015 2392 jusquam
1040 2349 1179 2391 passibus
1204 2346 1337 2388 potuisse
1364 2343 1529 2386 peragrari,

873 2410 966 2441 quam
996 2399 1057 2428 tuis
1081 2409 1139 2428 non
1167 2397 1268 2427 dicam
1298 2394 1449 2427 cursibus,
1473 2392 1528 2423 sed

874 2447 1009 2479 victoriis
1038 2446 1175 2476 lustratae
1204 2443 1309 2475 sunt.'’
1366 2443 1415 2472 De
1443 2442 1529 2472 stella

873 2502 1005 2527 comante
1021 2494 1090 2524 vide
1105 2504 1170 2523 ver.
1188 2494 1260 2523 849.

916 2546 989 2575 750.
1020 2543 1119 2583 Neque
1141 2545 1217 2572 enim
1239 2542 1274 2571 de
1297 2540 1434 2576 Caesaris,
1452 2538 1528 2578 etc.]

872 2595 988 2623 Mirum
1013 2592 1043 2622 in
1067 2591 1192 2622 modum
1218 2589 1362 2620 adulatur
1377 2588 1530 2627 Augusto.

873 2640 1122 2672 Scilicetironicae
1135 2638 1282 2669 locutioni
1294 2636 1429 2668 inservit.
1443 2636 1528 2665 Male

873 2691 965 2731 igitur
980 2689 1059 2719 Tan.
1081 2689 1178 2718 Faber
1201 2686 1346 2718 emendat
1369 2687 1465 2715 minus
1489 2690 1529 2730 est

1002 2740 1019 2767 3
1038 2738 1061 2767 Ρ
