1779 3130
259 185 315 224 74
634 182 684 222 P.
721 180 932 222 OVIDII
969 178 1247 220 NASONIS

264 299 441 345 Forma
466 299 647 345 trucis:
688 305 828 343 tauro
854 302 1073 342 mutatus
1100 294 1322 340 membra
1346 293 1548 340 rebello.

265 376 433 422 Induit
458 375 540 421 ille
565 374 682 421 toris
709 390 738 420 a
761 375 883 420 laeva
908 378 1046 435 parte
1073 371 1302 425 lacertos,

261 453 653 514 Adniissumque
672 452 872 498 trahens
899 449 1137 512 sequitur,
1162 449 1507 511 deprensaque
1529 447 1651 493 dura

266 529 469 576 Cornua
491 529 598 590 figit
622 529 788 584 humo,
817 543 997 590 ineque
1024 527 1123 573 alta
1147 525 1324 573 sternit
1348 541 1512 572 arena.

264 606 310 653 N
318 623 373 654 ec
401 607 520 653 satis
542 607 591 652 id
614 606 800 653 fuerat:
833 605 1042 667 rigidum
1061 603 1164 650 fera
1183 603 1391 649 dextera
1409 618 1561 648 cornu
1587 603 1648 647 85

266 684 398 731 Dum
423 691 577 738 tenet,
604 682 817 744 infregit,
843 689 1118 743 truncaque
1143 696 1172 726 a
1195 679 1353 725 fronte
1379 678 1584 725 revellit.

269 762 313 808 N
320 762 456 808 aldes
482 762 590 819 hoc,
619 761 778 824 pomis
804 767 854 806 et
879 759 1028 806 odoro
1053 758 1172 804 flore
1197 756 1457 820 repletum,

269 838 560 895 Sacramnt3
602 839 841 900 divesque
872 853 981 883 meo
1002 836 1133 881 bona
1159 834 1320 896 Copia
1344 849 1495 879 cornu
1521 838 1614 878 est.

336 915 570 962 Dixerat:
612 923 660 961 at
687 914 939 977 Nyinphe,
968 912 1063 959 ritu
1089 912 1343 959 succincta
1369 909 1560 965 Dianae,

266 1059 387 1099 legibus
413 1059 486 1089 artis
511 1058 683 1089 luctatoriae
715 1068 805 1088 nemo
830 1057 927 1088 victor

269 1108 385 1143 exibat,
411 1107 467 1138 nisi
491 1115 536 1138 ter
560 1107 769 1138 adversarium
795 1112 926 1148 prostra-

270 1156 373 1187 visset.
385 1157 434 1187 Bc
443 1168 501 1187 nm.
512 1156 590 1187 Inde
607 1155 735 1197 τριάὲαι
749 1163 780 1187 et
792 1156 926 1196 ἀποτρι-

271 1205 345 1241 <igar
362 1206 522 1237 victoriam
544 1205 719 1247 deportare.
769 1205 878 1241 Tauro,
894 1205 925 1235 in

270 1261 402 1286 taurum.
428 1256 592 1291 Rebellare,
609 1255 727 1286 bellum
743 1262 797 1286 aut
810 1255 928 1285 luctam

271 1305 490 1346 redintegrare.
539 1305 588 1335 Sic
603 1305 716 1347 passim
734 1305 818 1346 apud
834 1304 928 1335 histo-

270 1354 360 1385 ricos.
397 1355 502 1385 Causa
530 1354 622 1396 hujus
652 1353 929 1385 transformationis

272 1402 368 1433 allata
383 1403 423 1433 ad
440 1414 560 1433 versum
579 1404 606 1433 1.

316 1454 369 1482 82.
397 1452 505 1482 Induit
533 1453 583 1482 ille
610 1453 691 1486 toris,
716 1452 795 1492 etc.]
830 1452 929 1483 Locus

270 1502 429 1536 obscurus,
454 1511 548 1542 quem
577 1500 654 1531 adeo
678 1501 860 1542 interpretes
888 1501 927 1531 si-

273 1550 369 1581 lentio
379 1550 603 1591 praeterierunt.
629 1550 745 1591 Siquid
758 1561 815 1591 ego
828 1551 928 1587 video,

272 1610 380 1630 sensus
397 1605 442 1629 e-:t
455 1598 504 1629 hic
518 1611 523 1627 ε
542 1599 691 1629 Hercules
706 1599 835 1641 suscipit
851 1607 930 1630 toros

273 1648 490 1679 ineoslacertis
504 1647 577 1682 suis,
590 1659 699 1689 meque
712 1654 790 1678 retro
804 1659 928 1680 curren-

273 1706 334 1729 tem
356 1697 452 1728 trahit
468 1698 605 1739 quidem,
622 1697 675 1728 sed
695 1704 726 1728 et
741 1698 828 1739 sequi
846 1697 928 1739 cogi-

276 1755 337 1783 tur,
357 1747 453 1777 donec
477 1747 678 1788 deprehensa,
701 1753 764 1777 etc.
787 1748 929 1778 Fortasse

273 1796 407 1838 respexit
436 1795 567 1826 Ovidius
597 1803 833 1826 monumentum
871 1796 926 1827 ali-

276 1845 370 1886 quod,
386 1845 418 1874 in
441 1855 501 1886 quo
524 1845 567 1874 ita
588 1855 765 1886 expressum
782 1853 848 1875 erat
871 1845 929 1876 hoc

275 1901 444 1925 certamen.
475 1893 583 1924 Induit
610 1896 680 1924 toris
712 1895 845 1930 lacertos,
873 1895 929 1925 tori

277 1943 336 1975 mei
358 1943 519 1985 implicant
532 1944 663 1974 lacertos
681 1943 758 1984 ejus,
775 1944 848 1974 dum
868 1945 930 1975 col-

276 1995 340 2025 lum
354 2004 455 2023 meum
471 1993 679 2034 amplectitur.
705 1994 855 2024 Admissus
866 2000 931 2024 tau-

278 2054 339 2078 rus,
362 2048 396 2072 ut
418 2043 536 2072 admissi
559 2044 634 2082 equi.
683 2042 932 2083 Deprensaque—

278 2093 373 2121 humo.
419 2091 468 2121 Ita
493 2091 640 2121 debellari
670 2091 810 2121 solebant
835 2092 931 2129 tauri3

277 2141 342 2171 vid.
360 2139 545 2174 Gronovius,
563 2140 693 2170 Observ.
710 2139 729 2170 i.
747 2141 795 2170 17.
840 2141 934 2182 Regii

279 2190 372 2220 nostri
394 2189 510 2219 habent
531 2190 662 2228 depressa
688 2190 784 2220 humo.
831 2191 932 2221 Arena

279 2251 366 2281 :eque
382 2245 465 2270 recte
478 2249 513 2269 ac
528 2250 635 2269 arente.
648 2239 722 2270 vid.
737 2239 883 2270 Heinsius
894 2241 934 2271 ad

280 2289 388 2319 Amor.
405 2288 467 2318 ΙΙΙ.
483 2287 515 2318 ii.
531 2289 583 2319 25.

323 2338 374 2368 85.
401 2337 546 2378 Rigirlum
566 2337 641 2378 feru
676 2338 796 2366 ‹leuet-a
829 2349 934 2373 cornu,

280 2387 360 2427 etc.]
402 2387 469 2417 Hoc
503 2392 548 2416 est
583 2385 685 2416 nobile
718 2386 796 2416 illud
833 2387 935 2418 Cornu

283 2436 389 2475 Cupite,
415 2436 498 2476 quod
523 2436 555 2466 in
584 2435 790 2466 monumentis
814 2437 933 2478 Copiae,

284 2486 357 2515 Paci
378 2491 410 2516 et
430 2487 572 2516 Fortunae
595 2485 688 2515 tribui
709 2485 797 2521 solet,
814 2485 852 2516 de
876 2497 936 2527 quo

281 2534 350 2563 vide
376 2534 611 2575 Apollodorum,
639 2534 683 2563 H.
706 2534 759 2564 vii.
777 2536 806 2564 5.
830 2535 935 2576 ibique

281 2583 451 2622 lle-vniam.
481 2584 592 2613 Horat.
620 2582 726 2613 Carm.
754 2584 858 2614 Secul.
884 2586 935 2615 59.

282 2635 470 2672 Apparctque
494 2634 577 2662 bercta
601 2634 686 2670 pleno
715 2632 807 2671 Copia
832 2644 936 2664 cornu.

280 2681 342 2711 Sed
365 2681 446 2722 apud
468 2680 689 2722 Apollodorum
706 2681 847 2712 Acheloo
865 2683 932 2713 red-

281 2730 362 2760 ditur
380 2730 435 2759 hoc
452 2730 693 2770 cornu,ejusque
706 2729 772 2759 loco
783 2730 934 2761 Hercules

995 1056 1171 1087 Amaltheae
1184 1066 1277 1086 cornu
1293 1055 1418 1097 accipit.
1443 1055 1493 1085 Sic
1505 1059 1536 1084 et
1548 1054 1652 1084 caeteri

995 1105 1108 1137 Graeci.
1153 1106 1254 1135 Cornu.
1279 1106 1328 1135 vel
1353 1104 1523 1138 sinistrum,
1540 1113 1652 1134 secun-

995 1155 1069 1186 dum
1085 1155 1189 1185 Schol.
1208 1156 1334 1185 Homer.
1345 1153 1393 1184 vel
1410 1154 1565 1188 dextrum,
1578 1163 1651 1183 auc-

994 1211 1058 1235 tore
1082 1204 1185 1234 Schol.
1204 1204 1280 1245 Lyc.
1295 1205 1349 1234 50.
1381 1204 1494 1234 Sensus
1517 1202 1651 1232 fabulae:

996 1254 1073 1283 Pars
1092 1259 1199 1294 erepta
1216 1253 1309 1283 fluvio
1328 1252 1412 1283 facta
1429 1257 1475 1282 est
1491 1257 1573 1282 terra
1593 1251 1652 1281 fer-

996 1302 1071 1332 tilis.
1102 1301 1259 1332 Diodorus
1275 1307 1306 1332 et
1319 1301 1428 1331 Strabo
1442 1306 1566 1342 putant,
1582 1301 1654 1330 bra-

996 1351 1101 1382 chium
1113 1351 1197 1382 fluvii
1211 1351 1270 1382 alio
1286 1351 1455 1381 deductum
1466 1351 1506 1381 ab
1518 1349 1654 1380 Hercule

996 1407 1084 1431 terrae
1120 1401 1275 1443 adjacenti
1299 1400 1489 1431 fertilitatem
1522 1399 1658 1432 dedisse.

999 1452 1119 1482 Trunca
1136 1452 1279 1493 afr-onte,
1294 1457 1326 1481 ut
1335 1451 1418 1481 frons
1434 1450 1520 1481 fieret
1534 1455 1655 1480 trunca.

1000 1502 1116 1532 Na'ides
1132 1501 1264 1531 Acheloi
1283 1500 1365 1531 filiae.
1400 1500 1558 1541 Hyginus,
1578 1500 1654 1530 Hes-

994 1553 1146 1592 peridibus
1170 1553 1228 1581 sive
1256 1551 1402 1591 Nymphis
1425 1552 1569 1586 douavit3
1600 1549 1653 1580 ubi

997 1607 1101 1632 tamen
1116 1600 1186 1630 vide
1209 1601 1414 1630 Munkerum.
1460 1599 1653 1636 Sacra-unt,-

996 1650 1066 1681 vide
1083 1649 1122 1680 ad
1139 1661 1171 1679 x.
1189 1650 1261 1680 646.

1041 1702 1092 1731 89.
1128 1700 1277 1735 Diuorum
1314 1705 1345 1728 at
1385 1698 1532 1738 Nymphe,
1574 1698 1652 1739 etc.]

998 1748 1091 1790 Regii
1128 1749 1232 1784 nostri,
1271 1755 1299 1778 et
1341 1748 1484 1788 Nymphe.
1529 1747 1656 1778 Satiatis

997 1798 1118 1829 edendo
1145 1797 1293 1832 convivis,
1320 1807 1427 1827 mensa
1455 1797 1553 1838 prima
1584 1807 1655 1828 cum

998 1847 1131 1888 dapibus
1161 1847 1386 1881 removebatur,
1411 1845 1507 1886 idque
1536 1845 1567 1876 in
1596 1845 1655 1876 hoe

999 1896 1141 1927 convivio
1160 1896 1276 1926 factum
1297 1906 1374 1929 esse,
1393 1905 1486 1936 supra
1500 1895 1565 1925 viii.
1581 1896 1654 1927 570.

1000 1947 1192 1977 narrabatur.
1209 1946 1284 1975 Mox
1309 1946 1439 1975 secunda
1462 1956 1561 1975 mensa
1584 1956 1655 1976 cum

998 1996 1079 2031 vino,
1095 1995 1205 2036 pomis,
1221 1994 1363 2029 nucibus,
1381 2005 1450 2035 quae.
1474 1994 1604 2025 bellaria
1627 2001 1658 2026 et

999 2044 1195 2086 τραγήματα
1234 2044 1389 2079 dicuntur,
1420 2044 1658 2085 apponebatur3

999 2094 1062 2124 vid.
1087 2093 1189 2125 Cei-da
1213 2093 1251 2124 ad
1275 2093 1364 2133 Virg.
1388 2093 1513 2124 AEneid.
1536 2094 1557 2124 i.
1574 2095 1657 2125 723:

1001 2143 1072 2173 hinc
1109 2153 1170 2173 non
1206 2142 1304 2172 solum
1335 2142 1447 2183 epulae,
1476 2143 1531 2173 sed
1564 2144 1658 2175 etiam

1002 2203 1116 2222 mensae
1146 2191 1291 2222 dicuntur
1319 2193 1450 2231 apponi5
1487 2192 1554 2223 viii.
1583 2194 1658 2225 570.

1003 2249 1033 2272 et
1062 2243 1137 2272 831.
1190 2242 1360 2277 succincta,
1390 2252 1451 2282 quo
1488 2242 1661 2283 expeditior

1003 2296 1084 2321 esset
1100 2290 1132 2320 in
1157 2289 1345 2328 ministerio3
1369 2290 1474 2321 confer
1497 2291 1562 2321 viii.
1579 2291 1654 2323 660.

1004 2341 1103 2371 Fusis.
1120 2339 1205 2370 Alibi
1227 2342 1334 2380 sparsis
1355 2342 1482 2380 capillis.
1528 2341 1658 2371 Autum-

1003 2401 1085 2424 num,
1123 2390 1226 2429 fruges
1271 2388 1478 2419 autumnales.
1541 2389 1658 2427 Totum,

1004 2438 1103 2468 omnis
1130 2437 1260 2478 generis.
1308 2438 1454 2467 Cornibus
1483 2438 1566 2468 varie
1594 2439 1657 2469 Ve-

1005 2491 1084 2516 teres
1109 2487 1285 2521 utebantur,
1309 2486 1404 2517 etiam
1428 2486 1467 2516 ad
1491 2487 1660 2519 servandas

1004 2536 1117 2576 fruges·
1153 2536 1324 2571 Prcrdivr‘te,
1341 2535 1529 2576 plenissimo·
1545 2537 1660 2568 Confer

1004 2585 1113 2615 Horat.
1129 2585 1155 2615 Ι.
1172 2584 1236 2615 Od.
1255 2585 1330 2615 xvii.
1353 2586 1401 2615 15.
1450 2585 1562 2615 Felices
1582 2585 1658 2617 alibi

1002 2634 1147 2664 dicuntur
1170 2634 1304 2668 arbores,
1330 2633 1418 2669 rami,
1443 2633 1520 2674 agri,
1544 2633 1576 2664 id
1600 2641 1657 2670 est,

1002 2683 1133 2717 feraces,
1161 2682 1216 2712 sed
1245 2682 1275 2712 li.
1304 2683 1325 2712 l.
1349 2688 1378 2712 et
1406 2682 1467 2712 xiv·
1492 2683 1565 2713 627.
1591 2682 1658 2724 ipsa

1002 2742 1092 2773 poma
1111 2732 1234 2771 felicia,
1262 2730 1358 2767 mitia,
1386 2730 1658 2762 excellentissima.
