1779 3130
384 145 1004 187 METAMORPHOSEON
1037 147 1155 188 LIB.
1190 148 1280 190 IX.

1471 151 1528 192 99

139 256 328 319 Erigite
353 259 448 304 huc
475 266 625 314 artus,
653 267 704 306 et
728 259 791 306 ad
817 261 986 306 oscula
1009 268 1177 308 nostra
1200 263 1381 319 venite,

138 333 271 379 Dum
297 335 432 396 tangi
459 351 677 398 possum,
706 352 1011 399 parvumque
1037 338 1248 385 attollite
1274 346 1462 385 natum.

137 409 290 456 Plura
313 411 449 472 loqui
475 428 670 473 nequeo
691 429 700 458 :
731 428 845 459 nam
864 414 969 474 jam
996 429 1084 475 per
1103 415 1316 460 candida
1340 415 1503 461 mollis

137 485 278 532 Colla
304 487 426 533 liber
451 488 620 550 serpit,
649 505 943 551 summoque
969 491 1227 536 cacumine
1253 492 1454 537 condor.

135 560 213 607 Ex
233 562 389 610 oculis
405 571 650 611 removete
672 580 871 611 manus:
895 565 1000 611 sine
1022 581 1224 613 munere
1240 573 1402 612 vestro
1423 569 1520 613 390

134 637 384 700 Contegat
408 640 640 687 inductus
666 641 927 688 morientia
951 642 1138 688 lumina
1162 643 1385 690 cortex.''

133 714 397 762 Desierant
421 716 568 762 simul
592 733 676 764 ora
698 718 852 780 loqui,
881 719 1027 764 simul
1051 734 1190 771 esse;
1231 718 1417 780 diuque

132 791 352 854 Corpore
378 800 568 840 mutato
594 795 715 840 rami
741 795 937 841 caluere
962 803 1204 842 recentes.

1273 795 1516 856 [dumque

194 868 314 915 VII.
362 869 596 932 Dumque
644 871 793 917 refert
835 870 939 918 Iole
986 871 1170 917 factum
1218 870 1514 926 miserabile,

130 944 400 1008 Eurytidos
426 947 653 994 lacrimas
679 948 877 994 admoto
904 947 1083 1011 pollice
1110 948 1265 994 siccat

1416 950 1511 993 395

126 1021 382 1077 Alcmene,
409 1023 496 1070 flet
520 1030 569 1070 et
593 1024 701 1087 ipsa
726 1031 892 1071 tamen
912 1042 921 1072 :
962 1024 1269 1087 compescuit
1293 1039 1490 1070 omnem

128 1097 231 1144 Res
257 1114 382 1145 nova
406 1100 684 1157 tristitiam3
727 1117 839 1148 nam
866 1102 1033 1148 limine
1059 1101 1283 1148 constitit
1306 1101 1403 1147 alto

125 1173 276 1221 Paene
302 1191 440 1238 puer,
467 1176 719 1239 dubiaque
745 1185 917 1240 tegens
943 1177 1176 1239 lanugine
1201 1177 1355 1224 malas

122 1354 172 1374 me
202 1343 361 1375 inclinare.
415 1346 497 1376 Dum
526 1349 612 1389 tangi
642 1359 778 1386 1108311111,-

120 1393 302 1424 vetustiores
323 1396 372 1434 (et
394 1395 488 1426 nostri
514 1396 625 1436 Regii)
647 1404 779 1436 possunt,

120 1453 231 1484 nempe
259 1445 380 1482 oscula,·
414 1444 468 1475 sed
498 1450 624 1486 praestat
653 1451 781 1488 recepta

119 1492 222 1522 lectio.

162 1542 236 1571 388.
264 1540 343 1571 Nam
358 1544 450 1581 jam,·
476 1542 628 1573 Heinsius
652 1542 780 1583 conjicit

108 1591 255 1629 jamjam
270 1601 280 1626 ;
305 1590 359 1620 sed
375 1595 406 1620 et
422 1601 512 1622 versu
529 1592 602 1622 403.
619 1594 778 1631 namjam.

162 1639 235 1669 389.
252 1639 371 1669 Summo
395 1642 549 1670 cacumine
567 1642 700 1677 condor‚·
726 1651 778 1671 ca-

117 1697 242 1722 cumen,
260 1698 381 1718 summa
396 1698 467 1728 pars
481 1688 606 1724 arboris,
620 1689 672 1719 ubi
683 1695 779 1730 caput

115 1741 260 1777 occupat,
276 1746 324 1766 me
346 1736 438 1777 plane
463 1736 568 1767 condit
593 1737 624 1767 in
646 1737 704 1767 hac
729 1747 776 1768 ar-

117 1785 203 1820 bore,
221 1790 369 1824 tanquam
384 1784 414 1815 in
426 1785 568 1826 sepulcro
582 1798 588 1815 :
604 1785 774 1826 ingeniose.

117 1833 220 1863 Etiam
241 1844 305 1864 ver.
330 1834 404 1864 362.
423 1835 511 1864 condi
536 1834 575 1864 de
601 1834 773 1865 mutatione

115 1883 146 1912 in
163 1883 313 1918 arborem,
324 1883 465 1924 Propert.
482 1883 544 1913 ΙΙΙ.
556 1882 633 1914 xvii.
653 1884 699 1913 16.
712 1885 771 1913 Ar-

114 1934 190 1962 boris
206 1932 374 1972 infrondes
390 1933 508 1962 condita
527 1931 659 1972 stIyrrlia
679 1944 771 1963 norae.

156 1982 230 2011 390.
261 1981 305 2011 Ea.
337 1982 429 2011 oculis
461 1988 603 2011 removete
637 1982 770 2022 manus]

111 2029 313 2059 Morientium
328 2028 410 2060 oculi
427 2029 617 2060 clauduntur
639 2030 678 2060 ab
695 2030 772 2060 ami-

112 2078 157 2109 cis
180 2079 465 2109 circumstantibus.
520 2079 613 2115 Quod
644 2079 771 2119 pietatis

111 2139 219 2158 munus
247 2138 343 2168 quum
369 2134 458 2169 pater
482 2133 514 2158 et
538 2128 651 2169 conjux
674 2128 770 2159 etiam

112 2178 248 2218 Dryopae
272 2182 417 2218 praestare
435 2177 562 2212 vellent,
588 2177 643 2207 illa
665 2188 771 2208 manus

110 2237 144 2257 es
159 2227 253 2256 oculis
268 2237 414 2256 ¹removere
425 2226 526 2268 jubet.

154 2275 337 2306 394—416.
363 2274 465 2304 Iolaus
483 2274 515 2304 in
531 2275 680 2315 juvenem
701 2285 768 2305 mu·

111 2330 203 2359 tatur,
222 2325 386 2354 Callirlwes
399 2325 577 2364 autemfiliz'
592 2324 770 2364 impuberes

111 2374 142 2404 in
167 2373 260 2404 viros.
296 2373 393 2415 Apud
423 2373 530 2414 Eurip.
556 2373 682 2403 Heracl.
706 2374 768 2404 849

111 2434 181 2465 sqq.
207 2423 309 2452 Iolaus
333 2433 404 2453 cum
423 2422 596 2463 Eurystheo
612 2427 768 2463 pugnatu-

110 2482 160 2502 rus
173 2472 285 2501 Heben
299 2476 386 2511 rogat
397 2476 428 2501 et
442 2473 611 2507 Junonem,
622 2476 656 2501 ut
673 2481 766 2501 unum

110 2520 141 2550 in
163 2520 247 2550 diem
271 2519 396 2560 juvenis
421 2519 579 2554 reddatur,
609 2524 639 2549 et
665 2518 767 2549 hostes

110 2568 218 2599 ulcisci
235 2569 339 2610 possit.
384 2568 473 2599 Illico
490 2569 559 2599 duae
576 2568 674 2599 stellae
698 2579 767 2599 cur—

110 2629 176 2649 rum
192 2618 258 2659 ejus
272 2622 381 2657 tegunt
395 2618 527 2648 obscura
542 2618 634 2652 nube,
650 2628 687 2647 ex
703 2628 765 2657 qua

109 2666 174 2707 ipse
186 2666 317 2707 juvenili
334 2666 429 2696 forma
444 2665 614 2709 egreditur.
647 2666 764 2695 Secun-

848 1348 922 1379 dum
954 1348 1138 1384 Pindarum,
1165 1361 1196 1390 p.
1219 1349 1261 1380 ix.
1290 1348 1360 1378 137.
1388 1346 1509 1388 optavit

848 1397 956 1428 eodem
979 1398 1120 1433 consilio,
1148 1404 1182 1428 ut
1210 1397 1242 1428 in
1268 1396 1363 1427 vitam
1385 1396 1509 1426 rediret.

848 1447 962 1476 Noster
974 1446 1115 1477 fabulam
1127 1446 1170 1476 ita
1181 1445 1326 1481 intexuit,
1336 1450 1370 1475 ut
1379 1444 1507 1475 Alcme-

848 1505 895 1525 na:
919 1500 950 1525 et
965 1495 1040 1525 101ae
1058 1495 1263 1526 moerentibus
1284 1493 1396 1524 solatio
1417 1498 1507 1523 esset.

848 1544 898 1574 De
924 1543 1088 1574 Callirhoes
1104 1545 1183 1584 filiis
1207 1543 1312 1573 confer
1334 1541 1506 1583 Apollodo-

847 1603 926 1628 rum,
952 1593 1016 1623 111.
1034 1592 1087 1622 vii.
1114 1594 1143 1623 6.
1166 1593 1314 1623 Tractata
1340 1591 1407 1621 haec
1430 1590 1503 1620 olim

847 1647 936 1671 erant
959 1640 991 1671 in
1016 1640 1244 1676 Alcmaeonide,
1269 1640 1358 1681 cujus
1386 1639 1506 1670 Scholi-

846 1695 928 1720 astes
951 1689 1109 1731 Euripidis
1132 1690 1171 1720 ad
1188 1691 1291 1720 Orest.
1307 1690 1380 1719 998.
1396 1688 1503 1718 memi-

845 1738 901 1774 nit,
927 1744 957 1769 et
987 1739 1017 1769 in
1042 1738 1208 1769 Stesichori
1233 1738 1392 1779 Eriphyla.
1437 1738 1501 1767 Ex-

844 1788 951 1817 tabant
981 1787 1075 1817 etiam
1100 1787 1262 1828 Sophoclis
1292 1792 1322 1817 et
1347 1786 1503 1827 Euripidis

841 1835 1003 1876 tragoediae
1034 1837 1073 1866 ab
1102 1835 1285 1866 Alcmaeone
1322 1834 1500 1865 nomiuatae.

842 1884 1030 1925 E11rytidas‚·
1056 1885 1140 1915 Ioles
1155 1885 1264 1925 Euryti
1281 1884 1363 1914 filiae.

882 1935 956 1964 398.
982 1935 1072 1964 Parae
1099 1944 1196 1973 pum&
1228 1933 1332 1963 Iolaus
1362 1943 1399 1962 ex
1427 1942 1499 1962 sene

838 1982 941 2013 denuo
963 1983 1165 2024 pubertatem
1186 1983 1338 2024 adeptus;
1362 1981 1443 2023 quod
1460 1981 1499 2012 de

838 2041 873 2061 eo
885 2031 1021 2072 fingitur,
1033 2031 1106 2072 quia
1115 2031 1146 2061 in
1157 2036 1250 2062 aetate
1262 2036 1388 2063 senecta
1400 2030 1499 2061 multa

837 2084 868 2109 et
883 2079 1008 2120 egregia
1023 2079 1161 2109 facinora
1181 2079 1286 2120 gessit.
1333 2079 1437 2108 Dubia
1454 2080 1498 2108 la-

837 2130 963 2169 nugine,
990 2129 1064 2169 quia
1091 2127 1208 2168 ambigi
1236 2133 1368 2169 poterat,
1396 2133 1498 2157 utrum

837 2176 953 2218 lanugo
982 2188 1021 2207 an
1050 2177 1148 2207 barba
1176 2182 1268 2212 esset,
1298 2182 1333 2206 ut
1354 2175 1397 2207 iv.
1423 2177 1497 2208 399.

836 2227 928 2255 dubia
951 2238 1019 2256 ⁷101.
1046 2226 1185 2266 Lanugo,
1202 2236 1272 2266 quae
1288 2231 1318 2256 et
1330 2226 1390 2266 flos
1406 2236 1496 2255 voca-

837 2280 897 2310 tur,
914 2274 963 2304 hie
980 2274 1094 2305 dicitur
1111 2281 1218 2315 tegere,
1235 2273 1309 2304 alibi
1326 2275 1498 2303 inumbrare

837 2329 867 2353 et
883 2325 987 2353 vestire
1003 2333 1118 2363 genas3
1142 2323 1245 2353 confer
1264 2322 1349 2362 Virg.
1364 2321 1495 2352 AEneid.

836 2371 900 2402 viii.
920 2373 1000 2409 1603
1026 2371 1194 2402 Claudiam.
1214 2371 1308 2401 Cous.
1332 2370 1426 2410 Olyb.
1442 2371 1492 2400 70.

837 2419 1029 2459 Resormatus
1047 2421 1163 2459 primus
1179 2421 1209 2449 in
1227 2429 1341 2455 anno-35
1366 2418 1410 2448 ita
1425 2428 1491 2449 mu·

835 2474 929 2505 tatus,
953 2474 987 2499 ut
1008 2468 1138 2498 haberet
1162 2468 1298 2498 animum
1325 2467 1491 2508 primorum

835 2528 998 2548 annorum.
1045 2516 1158 2547 Confer
1174 2516 1226 2547 vii.
1241 2517 1323 2546 293:
1349 2515 1443 2546 etiam
1460 2514 1491 2546 in

834 2566 876 2596 xi.
888 2567 960 2596 254.
971 2564 1080 2596 eodem
1095 2575 1186 2596 sensu
1199 2565 1349 2606 reformet.
1379 2564 1492 2600 Iolaus,

834 2614 963 2656 Iphiclis
991 2613 1083 2650 filius,
1110 2614 1255 2644 Herculis
1284 2612 1433 2654 patruclis
1459 2618 1490 2642 et

833 2673 948 2693 coines.
