1779 3130
381 145 1000 191 METAMORPHOSEON
1033 145 1149 187 LIB.
1183 145 1303 186 XII.
1446 144 1525 185 261

151 262 498 326 Coelestesque
523 264 712 326 plagas,
742 260 949 325 triplicis
975 260 1189 307 confinia
1213 258 1407 316 mundi3
1470 261 1534 304 40

151 338 314 394 Unde,
339 341 472 402 quod
494 348 570 386 est
588 354 814 400 usquam,
839 337 1063 400 quamvis
1085 336 1367 397 regionibus
1387 335 1532 388 absit,

150 413 435 477 Inspicitur,
459 421 788 477 penetratque
813 429 957 460 cavas
976 428 1072 458 vox
1098 412 1256 458 omnis
1283 412 1345 457 ad
1371 427 1532 457 aures.

150 490 304 537 Fama
327 498 477 546 tenet,
506 506 800 551 summaque
822 491 1024 535 domum
1051 488 1143 533 sibi
1168 488 1288 549 legit
1314 487 1361 533 in
1388 503 1529 544 arce3

152 566 545 629 Innumerosque
572 567 749 621 aditus,
779 581 835 612 ac
862 566 996 611 mille
1021 564 1258 610 foramina
1283 564 1429 610 tectis

150 643 375 697 Addidit,
403 650 452 690 et
468 644 622 689 nullis
649 642 851 688 inclusit
875 642 1045 688 limina
1070 641 1241 703 portis.
1471 642 1534 685 45

154 718 317 766 Nocte
342 719 524 782 dieque
550 726 714 782 patet:
755 725 860 765 tota
884 725 960 765 est
983 734 1046 764 ex
1071 733 1167 764 aere
1193 717 1413 771 sonanti;

152 882 169 902 e
193 871 358 913 disciplina
382 873 509 913 quidem
532 873 682 909 Lucretii,
715 884 743 903 v.
770 874 812 903 94

153 930 228 961 sqq:
256 925 276 937 “
291 921 447 962 Principio
464 921 561 951 maria
580 932 616 952 ac
635 927 729 951 terras
744 932 811 951 coe-

153 969 282 1010 lumque
308 975 412 1000 tuere:
444 971 562 1000 Horum
590 976 731 1000 naturam
759 969 812 999 tri-

154 1017 276 1058 plicem,
310 1018 367 1048 tria
397 1029 536 1059 corpora,
569 1019 712 1054 Memmi,
739 1019 815 1049 Tres

155 1066 276 1106 species
287 1073 350 1097 tam
365 1066 541 1102 dissimiles,
554 1067 612 1097 tria
629 1067 705 1097 talia
720 1074 815 1103 texta,

156 1114 239 1144 etc.''
251 1126 345 1156 quem
361 1116 461 1146 locum
477 1116 598 1147 disertis
615 1117 715 1146 verbis
733 1117 814 1146 Nos-

156 1168 203 1193 ter
212 1164 336 1205 respicit
348 1165 442 1195 Trist.
459 1165 489 1195 ii.
502 1166 574 1195 426.
587 1172 618 1195 et
632 1165 670 1195 ad
682 1165 814 1201 Liviam,

157 1212 232 1241 362.
250 1212 303 1242 ubi
320 1213 453 1243 mundus
470 1214 573 1252 triplos
592 1225 662 1252 opus
679 1220 816 1244 vocatur.

156 1260 244 1291 Male
261 1261 394 1291 Lenzius
408 1262 658 1303 monet,ji·etum
674 1273 734 1292 non
750 1272 816 1292 esse

156 1310 321 1349 separatim
342 1310 542 1351 capiendum,
566 1311 621 1341 sed
639 1317 733 1341 terras
745 1311 816 1352 fre-

158 1363 277 1398 tumque
292 1369 357 1389 esse
373 1359 497 1389 omnino
513 1365 635 1390 terram.
660 1359 816 1390 Adversa-

158 1411 207 1436 tur
230 1406 301 1437 huic
322 1407 565 1449 interpretationi
587 1408 670 1449 quod
693 1407 819 1448 subjici-

159 1459 219 1490 tur,
236 1457 343 1494 triplex
355 1458 497 1486 vitandus.
523 1458 559 1487 In
577 1457 718 1487 confiniis
734 1463 820 1487 terrae

158 1503 276 1544 etfreti
297 1515 384 1534 mons
407 1505 565 1535 eminebat
580 1515 687 1535 versus
704 1506 820 1535 coelum.

159 1551 238 1581 Inde
254 1559 431 1593 prospectat
450 1554 557 1589 Fama,
575 1553 668 1584 etiarn
691 1553 773 1595 quod
789 1555 820 1584 in

150 1600 238 1640 freto
253 1601 379 1641 geritur,
402 1612 465 1632 ver.
491 1603 542 1633 62.
589 1603 767 1641 Inspicitur,
785 1609 819 1633 ut

162 1649 244 1690 apud
260 1649 408 1686 Plinium,
423 1650 465 1681 vi.
480 1662 530 1692 ep.
542 1652 593 1681 31.
613 1652 818 1690 Quidjzaecun-

160 1699 238 1733 dius,
257 1710 343 1737 qnam
362 1699 513 1738 Principis
523 1701 819 1739 justitiam—inspi-

161 1747 247 1776 cere?
263 1753 293 1777 et
309 1747 462 1788 Panegyr.
477 1758 547 1789 cap.
563 1749 615 1778 83.

205 1796 256 1825 43.
294 1796 421 1825 Domum
450 1797 582 1827 multum
619 1802 744 1838 praestat
775 1798 820 1837 τῷ

163 1844 270 1879 lucum,
287 1844 361 1884 quia
376 1844 472 1874 Fama
488 1846 559 1875 Dea
574 1850 630 1880 est,
644 1845 707 1879 eui,
726 1850 760 1875 ut
775 1845 820 1874 xi.

162 1893 237 1923 593.
267 1893 390 1929 Somno,
421 1901 503 1924 recte
533 1896 634 1924 domus
664 1893 820 1930 tribuitur,

164 1951 233 1982 quae
245 1941 404 1981 foramina
429 1948 460 1972 et
485 1944 565 1972 atria
589 1942 681 1972 etiam
711 1942 818 1978 habet,

163 1999 225 2020 ver.
244 1991 285 2021 53
302 2003 308 2020 ;
336 1992 431 2021 locum
452 1991 512 2021 huc
536 1992 718 2021 translatum
743 2002 780 2021 ex
800 1991 821 2022 i.

164 2038 216 2069 27.
232 2039 285 2068 ubi
301 2038 384 2069 idem
400 2049 506 2069 versus
519 2039 557 2069 de
573 2039 658 2079 igne.
704 2039 750 2069 Ea
765 2039 820 2069 do-

166 2096 235 2117 mus
254 2092 321 2117 erat
337 2098 449 2117 summa
469 2090 499 2117 in
518 2098 596 2122 arce,
613 2087 644 2117 in
661 2088 823 2118 cacumine

167 2135 278 2166 montis
301 2146 317 2166 e
342 2142 423 2166 terra
448 2135 600 2176 surgentis
625 2136 656 2166 in
685 2136 825 2166 confiniis

166 2185 243 2215 istis.
292 2186 331 2215 Et
354 2187 447 2215 nullis
463 2197 530 2226 pro,
548 2196 612 2221 vec,
627 2187 675 2216 sed
691 2197 750 2215 rnon
769 2185 823 2216 ad-

168 2233 249 2263 didit
271 2239 384 2274 portas.
430 2233 559 2264 Inclusit
590 2244 643 2275 pro
672 2233 825 2275 simplice,

169 2282 292 2312 clausit.

213 2331 266 2361 46.
292 2331 346 2361 Est
364 2342 397 2361 ea*
416 2342 472 2361 aere
491 2332 635 2367 sonanti;
659 2329 704 2360 ita
723 2330 827 2370 vulgo.

171 2378 226 2409 Est
247 2391 280 2410 ej:
301 2391 350 2410 ore
369 2382 487 2410 sonanti
508 2390 573 2421 pro,
589 2385 636 2409 est
654 2389 688 2409 os
704 2388 827 2414 sonans,

170 2434 236 2458 tota
247 2428 458 2459 indesinenter
471 2428 616 2463 blaterat,
633 2427 751 2457 habent
767 2437 827 2457 non

171 2477 229 2507 nisi
249 2477 310 2508 duo
329 2478 422 2508 MSS.
440 2477 532 2512 unde,
556 2483 721 2518 postquam
745 2477 826 2507 Gru-

172 2531 255 2556 terus
275 2525 315 2556 ad
333 2526 437 2556 Plaut.
454 2526 528 2556 Aul.
542 2525 607 2555 III.
625 2525 666 2556 vi.
687 2526 736 2554 18.
756 2535 827 2566 pro-

174 2574 312 2610 baverat,
340 2575 455 2616 recepit
481 2575 691 2609 Burmannus,
717 2573 829 2615 partim

174 2623 248 2663 quia
271 2623 384 2654 rectius
406 2624 528 2654 dicatur
550 2635 579 2654 os
597 2634 713 2658 sonam,
735 2632 828 2663 quarn

175 2674 268 2708 auris,
283 2672 394 2713 partim
417 2671 491 2713 quia
507 2671 670 2713 Virgilius,
687 2671 720 2702 d.
737 2671 757 2701 1.
775 2670 828 2700 ha-

878 873 930 903 bet
946 872 985 902 de
1002 873 1110 907 Fama,
1130 872 1247 901 totidem
1264 882 1315 900 ora
1331 877 1447 901 sonant.
1475 871 1538 900 Ex-

880 920 1070 962 quisitiorem
1092 920 1171 949 hanc
1194 919 1359 949 lectionem
1384 930 1449 949 esse
1473 919 1537 949 vul-

881 976 954 1010 gata
969 979 1035 1004 oere,
1051 968 1143 999 etiam
1168 968 1299 998 Lenzius
1315 967 1436 1008 judicat
1452 980 1459 1005 ς
1484 967 1539 998 sed

882 1018 1019 1058 quinque
1044 1018 1135 1047 MSS.
1154 1017 1271 1047 habent
1293 1028 1325 1047 ex
1348 1029 1433 1052 aure,
1458 1016 1541 1058 quod

882 1066 1026 1107 equidem
1038 1077 1098 1096 non
1110 1066 1277 1107 spreverim
1289 1077 1351 1107 prze
1365 1066 1420 1096 illo
1435 1066 1542 1096 altero.

884 1116 1029 1156 Namque
1049 1116 1078 1145 1⁰
1098 1115 1192 1145 etiam
1215 1114 1297 1144 auris
1317 1115 1409 1156 plena
1426 1114 1543 1145 sonori-

882 1165 952 1199 bus,
977 1170 1010 1194 ut
1032 1163 1168 1204 loquitur
1189 1163 1364 1197 Lucretius,
1384 1163 1425 1193 vi.
1450 1164 1543 1194 1183.

884 1218 965 1243 recte
981 1211 1043 1242 dici
1061 1217 1160 1253 potest
1175 1222 1299 1241 sonans.-
1324 1212 1434 1253 20jam
1449 1222 1543 1253 supra

884 1261 1041 1296 admonui,
1067 1262 1215 1291 Nostrum
1245 1260 1277 1290 h.
1308 1260 1332 1290 l.
1356 1271 1464 1301 parum
1490 1271 1543 1290 ex-

884 1309 1030 1351 pressisse
1056 1308 1231 1349 Virgilium,
1256 1308 1417 1349 multoque
1441 1308 1544 1338 minus

885 1358 1059 1388 credendus
1080 1364 1126 1388 est
1148 1362 1209 1387 tam
1232 1356 1391 1398 pueriliter
1414 1356 1546 1397 vestigia

886 1406 969 1436 illius
997 1411 1122 1436 secutus
1145 1416 1223 1441 esse,
1246 1410 1291 1440 ut,
1316 1405 1462 1445 quoniam
1492 1405 1545 1435 ille

886 1454 1018 1490 dixerat,
1035 1456 1153 1484 totidem
1168 1465 1218 1483 ara
1233 1460 1349 1488 sonunt,
1364 1458 1395 1483 et
1407 1454 1471 1494 ipse
1488 1455 1547 1483 oris

886 1506 1018 1533 sonantis
1027 1503 1213 1533 mentionem
1226 1502 1352 1532 faceret.
1376 1502 1545 1532 IdemVir-

887 1553 980 1593 gilius
1001 1552 1093 1583 etiam
1118 1553 1236 1582 totidem
1259 1562 1345 1581 aures
1363 1551 1466 1581 Famae
1489 1550 1544 1581 tri-

886 1602 972 1632 buit:
1000 1606 1020 1618 “
1033 1601 1091 1631 Cui
1105 1605 1179 1641 quot
1195 1605 1266 1630 sunt
1278 1610 1403 1641 corpore
1418 1601 1543 1641 plumae,

885 1649 945 1679 Tot
956 1649 1064 1690 vigiles
1075 1648 1157 1679 oculi
1167 1649 1281 1683 subter,
1291 1648 1432 1678 mirabile
1445 1649 1545 1684 dictu,

885 1699 944 1728 Tot
970 1698 1098 1738 linguae,
1125 1697 1253 1727 totidem
1278 1707 1331 1726 ora
1356 1703 1478 1732 sonant,
1501 1703 1546 1727 tot

888 1746 1018 1787 subrigit
1041 1746 1174 1783 aures;'⁷
1222 1746 1254 1775 3⁰
1273 1746 1309 1775 In
1331 1745 1468 1776 notanda
1485 1745 1544 1776 hac

888 1796 991 1826 Farnae
1012 1794 1200 1835 loquacitate
1226 1794 1340 1825 Noster
1358 1794 1435 1836 ipse,
1451 1795 1545 1825 etiam

888 1844 953 1874 sine
969 1844 1071 1874 verbis
1083 1844 1156 1878 illis,
1168 1843 1206 1873 de
1219 1842 1331 1883 quibus
1343 1843 1500 1884 quaeritur,
1513 1843 1546 1874 in

888 1892 1086 1933 loquacitatis
1094 1891 1293 1932 ineptissimae
1304 1891 1412 1921 vitium
1421 1891 1549 1930 incidit;

889 1942 1032 1971 eamdem
1051 1941 1133 1971 enirn
1157 1951 1220 1970 rem
1244 1939 1283 1970 ad
1303 1939 1429 1970 taedium
1449 1951 1548 1981 usque

889 1990 1058 2020 lectoribus
1081 1989 1240 2020 inculcat:
1270 1989 1476 2030 Tozafremit,
1498 2000 1546 2019 vo-

890 2049 935 2069 ces
950 2038 1057 2079 refert,
1076 2039 1166 2068 iterat
1182 2039 1257 2077 quod
1275 2039 1385 2074 audit,-
1410 2037 1545 2068 nondum

891 2086 985 2117 satis:
1022 2086 1121 2116 Nulla
1157 2088 1236 2126 quies
1265 2087 1369 2123 intus;
1403 2096 1460 2116 nec
1490 2086 1550 2117 hoe

892 2135 986 2165 satis:
1012 2136 1156 2174 nullaque
1175 2135 1296 2165 silentia
1317 2141 1427 2174 prm-te,-
1456 2141 1487 2166 et
1509 2146 1547 2166 ne

892 2183 942 2213 hic
968 2182 1095 2224 quidem
1131 2182 1271 2213 desinere
1307 2188 1446 2224 poterat;
1485 2183 1549 2214 Nec

894 2238 1002 2267 tamen,
1025 2237 1085 2261 etc.
1131 2231 1235 2261 Multo
1256 2230 1349 2271 igitur
1369 2231 1549 2262 intolerabi-

893 2279 999 2310 liorem
1030 2290 1100 2310 eum
1129 2279 1273 2315 reddunt,
1305 2279 1358 2320 qui
1383 2279 1476 2309 etiam
1501 2291 1551 2310 ore

890 2330 1009 2359 sonanti
1031 2328 1204 2358 defendunt
1227 2334 1258 2358 et
1278 2328 1316 2358 de
1341 2327 1449 2358 auditu
1473 2328 1549 2358 nihil

893 2377 1093 2418 relinquunt3
1116 2376 1170 2407 sed
1190 2377 1286 2407 fateor
1306 2386 1362 2406 nec
1384 2376 1463 2407 hanc
1485 2377 1550 2408 lec-

894 2425 1008 2456 tionem
1025 2425 1099 2455 mihi
1115 2425 1292 2455 satisfacere
1307 2437 1313 2454 :
1340 2424 1451 2455 durum
1467 2425 1549 2456 enim

895 2474 1028 2509 videtur,
1055 2480 1116 2504 tota
1141 2480 1181 2504 est
1204 2485 1238 2503 ex
1260 2484 1333 2503 aure
1359 2479 1414 2503 aut
1436 2485 1485 2504 ore
1506 2486 1549 2505 so-

896 2525 1002 2552 nanti:
1020 2522 1131 2552 deinde
1148 2528 1213 2552 tota
1225 2521 1285 2552 loci
1298 2520 1392 2551 series
1405 2523 1552 2559 ostendit,

896 2571 946 2602 hic
971 2582 1031 2601 non
1050 2571 1089 2601 de
1114 2572 1208 2601 Fama
1225 2570 1303 2612 ipsa,
1324 2570 1378 2601 sed
1400 2571 1438 2601 de
1460 2571 1553 2602 domo

896 2621 963 2662 ejus
983 2630 1151 2651 sermonem
1174 2630 1262 2650 esse:
1291 2625 1395 2650 tamen
1416 2624 1448 2649 et
1468 2619 1553 2651 Rode

897 2669 963 2700 haec
979 2668 1017 2700 ad
1034 2669 1133 2700 Deam
1148 2668 1262 2700 retulit.
1284 2668 1344 2699 Sed
1361 2668 1466 2709 inepta
1477 2668 1553 2699 foret
