1779 3130
193 170 278 212 252

591 167 640 206 P.
675 164 888 207 OVIDII
922 165 1202 207 NASONIS

203 284 427 346 Spectat,
455 287 507 327 et
531 280 595 326 ad
619 280 769 327 finem
795 287 1013 327 servatos
1038 280 1208 326 laudat
1231 295 1439 327 amores.
1484 282 1580 327 750

198 359 480 412 ProximuS,
509 363 595 404 aut
617 356 767 412 idem,
795 356 833 403 si
859 355 958 403 fors
982 355 1122 412 tulit3
1154 361 1185 380 “
1207 354 1304 402 Hic
1330 355 1580 418 quoque,”

395 434 538 490 dixit,

1351 433 1580 494 [rentem,

199 510 360 564 Quem
396 526 531 557 mare
567 518 869 573 carpentem,
910 510 1277 572 substrictaque
1319 525 1462 556 crura
1497 525 1581 570 ge-

198 588 414 650 Aspicis,
443 587 713 634 ostendens
740 587 1015 650 spatiosum
1040 593 1242 648 guttura
1266 601 1507 647 mergum,

200 664 361 726 Regia
384 663 674 726 progenies:
716 670 767 710 et
793 663 832 709 si
858 663 1163 710 descendere
1190 662 1252 708 ad
1279 662 1441 725 ipsum

201 740 389 786 Ordine
415 746 657 802 perpetuo
684 739 881 801 quaeris,
911 746 1025 785 sunt
1048 738 1197 800 hujus
1223 737 1358 799 origo

1487 739 1581 784 755

198 815 318 872 Ilus,
347 823 398 863 et
422 816 714 871 Assaracus,
742 823 1013 879 raptusque
1038 814 1067 861 J
1073 815 1149 861 ovi
1176 813 1514 876 Ganymedes,

199 892 584 954 Laomedonque
605 907 775 947 senex,
794 891 1125 953 Priamusque
1146 890 1412 936 novissima
1425 889 1585 952 Trojae

199 968 445 1031 Tempora
469 968 699 1015 sortitus:
739 968 888 1014 frater
913 967 1006 1014 fuit
1031 966 1264 1014 Hectoris
1289 966 1412 1023 iste3

200 1043 297 1098 Qui
324 1043 416 1090 nisi
443 1043 682 1091 sensisset
706 1044 866 1107 prima
890 1059 1016 1090 nova
1042 1043 1144 1090 fata
1162 1044 1385 1105 juventa,

199 1185 341 1227 Orpheus
354 1192 387 1216 εἴ
395 1185 549 1227 Eurydice
566 1185 649 1226 apud
661 1185 775 1216 inferos
789 1197 858 1215 con-

187 1237 310 1274 junctis
324 1238 495 1274 spatiantur
508 1237 640 1273 passibus
651 1237 742 1265 ambo.
787 1235 859 1265 Ele-

200 1284 321 1325 gantior
342 1284 437 1314 etiam
460 1290 506 1314 est
527 1283 581 1314 illa
598 1283 700 1319 lectio,
717 1294 809 1324 quarn
826 1290 861 1314 ut

200 1342 218 1362 a
238 1333 364 1362 librario
386 1333 524 1373 profecta
543 1332 699 1362 videatur.
744 1333 791 1362 Ea
813 1343 859 1362 re-

199 1387 291 1421 cepta
306 1381 493 1420 volorefretn
507 1380 623 1410 dictum
637 1381 704 1415 erit,
715 1386 859 1410 monente

200 1432 391 1465 Burmanno,
418 1437 451 1460 ut
479 1432 533 1464 ire,
561 1441 682 1459 currere
708 1431 803 1459 maria
830 1436 861 1459 et

199 1478 323 1508 similia.

245 1528 316 1557 751.
346 1528 377 1556 Si
397 1526 468 1566 fors
494 1528 578 1560 tulit,
607 1526 695 1561 forte,
720 1526 861 1561 fortasse,

202 1574 242 1604 nil
260 1576 343 1605 aliud
359 1589 363 1605 :
391 1576 461 1605 vide
478 1575 517 1605 ad
535 1576 554 1606 i.
570 1576 643 1605 297.
692 1576 779 1605 Mure
794 1587 861 1605 car-

201 1635 278 1662 pere,
295 1624 375 1653 sicut
391 1635 512 1662 corpere
531 1635 677 1663 campum,
694 1636 775 1653 uera.
821 1624 862 1653 Et

202 1672 345 1702 celeriter
366 1672 537 1702 admodum
559 1683 650 1713 super
668 1672 862 1713 superficiem

202 1720 294 1750 maris
310 1720 412 1750 volare
432 1720 563 1750 traditur
585 1731 713 1761 mergus,
732 1720 860 1750 Linnaeo

203 1769 328 1810 Mergus
353 1769 540 1809 Merganser,
562 1769 662 1799 Nobis
685 1768 807 1799 Seerabe
829 1774 861 1799 et

205 1818 415 1858 Tunc-hergans
430 1825 463 1847 ut
479 1817 524 1847 iii.
541 1818 614 1847 216.

246 1867 318 1897 755.
345 1866 471 1901 Quiri-is,
487 1866 585 1906 cupis,
600 1866 645 1896 vis
659 1865 860 1895 descendere.

203 1915 362 1953 Perpetuo,
379 1925 437 1944 non
453 1914 638 1955 interrupto.
678 1914 757 1943 Sunt
773 1914 862 1952 hujus

202 1967 284 2004 origo
307 1974 361 2004 pro
384 1964 514 2004 vulgari,
539 1962 689 2003 originem
712 1963 799 1993 ducit
822 1963 861 1993 ab

202 2013 267 2043 his:
285 2015 368 2053 origo
383 2013 473 2042 etiam
492 2018 599 2042 auctor
614 2019 670 2046 est,
687 2017 794 2041 auctor
809 2022 861 2051 ge-

202 2061 294 2092 neris.
329 2061 380 2091 Ab
397 2061 455 2090 hoc
471 2067 576 2090 tamen
590 2059 696 2090 ordine
712 2066 862 2100 perpetuo

203 2111 311 2140 abesse
346 2114 470 2151 possent
500 2111 661 2139 Assaracus
695 2114 725 2138 et
756 2108 861 2147 Gony-

204 2161 309 2193 medes,
325 2159 433 2189 fratres
449 2158 500 2194 lli,
516 2158 569 2188 filii
586 2157 684 2188 Trois.
726 2158 793 2188 Ilus
808 2168 862 2188 au-

203 2214 265 2238 tem
288 2208 512 2237 Laomedontem
538 2207 656 2247 genuit,
672 2207 760 2248 cujus
784 2207 865 2238 filius

206 2258 357 2287 Priamus.
406 2257 546 2295 Tempora
567 2256 661 2286 etiam
683 2255 733 2285 hic
753 2255 792 2286 de
811 2266 862 2286 ca-

204 2306 397 2336 lamitatibus
430 2304 623 2346 accipienda,
655 2304 693 2334 de
728 2305 861 2334 excidio.

204 2355 265 2385 Sed
281 2354 392 2384 melius
408 2354 464 2384 hoc
481 2354 730 2384 additamentum
746 2352 861 2383 omisis-

205 2409 264 2439 set,
283 2403 358 2444 quia
378 2413 445 2443 seq.
466 2401 590 2432 demum
615 2401 693 2431 libro
718 2400 865 2431 transitur

206 2452 245 2482 ad
261 2453 378 2483 bellum
393 2451 572 2492 Trojanum.

250 2502 322 2532 759.
347 2500 512 2539 Sensisset.]
546 2499 683 2530 Florent.
707 2500 737 2529 S.
764 2498 865 2528 Marci

209 2550 268 2579 Cui
281 2552 338 2579 nisi
353 2551 475 2579 cessisset
492 2549 553 2589 (ita
569 2555 600 2578 et
616 2548 710 2578 nostri
731 2548 825 2588 Regii
837 2546 863 2586 3)

206 2598 352 2629 Heinsius
361 2598 488 2639 conjicit
498 2599 656 2633 cessissent,
664 2597 863 2638 obtigissent3

206 2657 313 2678 verum
337 2649 480 2682 sensisset,
506 2656 568 2677 non
592 2646 777 2677 mutandum
802 2650 861 2676 est.

206 2696 324 2727 Sentire
338 2695 451 2726 dicitur
462 2695 531 2736 quis
548 2705 596 2731 ea,
606 2705 676 2736 quae
692 2694 860 2735 experitur,

926 1186 1040 1227 quibus
1064 1185 1195 1216 afficitur
1222 1190 1253 1215 et
1279 1183 1436 1225 affligitur.
1480 1184 1587 1220 Illum,

926 1235 1102 1270 Hectorem,
1129 1234 1218 1275 cujus
1246 1239 1344 1263 mater
1374 1233 1507 1263 Hecuba
1535 1233 1586 1263 vel

928 1284 1101 1323 Dymantis,
1118 1283 1167 1313 vel
1192 1281 1291 1313 Cissei
1314 1281 1390 1312 filia.
1436 1281 1520 1312 Illud
1539 1291 1588 1312 se-

927 1332 1032 1372 quitur
1046 1332 1210 1366 Homerus,
1222 1330 1280 1360 hoc
1295 1329 1468 1370 Euripides.
1491 1329 1587 1370 Apud

926 1381 1151 1421 Apollodorum
1164 1379 1194 1410 d.
1210 1379 1231 1410 l.
1254 1379 1398 1409 Priamus
1413 1388 1450 1408 ex
1463 1378 1587 1414 Arisba,

927 1430 1067 1470 Meropis
1091 1429 1165 1463 filia,
1188 1427 1288 1468 gignit
1314 1428 1397 1458 hunc
1423 1427 1588 1462 AEsacum,

928 1488 1011 1513 mox,
1048 1483 1151 1519 spreta
1188 1477 1253 1511 illa,
1287 1475 1375 1506 ducit
1411 1476 1588 1505 Hecubam.

933 1527 1086 1556 Umbrosn.
1134 1525 1282 1555 Heinsius
1310 1524 1435 1566 conjicit
1462 1526 1586 1560 undosa,

928 1582 1051 1616 propter
1067 1574 1149 1616 quod
1167 1574 1302 1604 fontibus
1318 1573 1411 1603 etiam
1427 1573 1486 1603 Ida
1504 1573 1587 1603 cele-

929 1623 990 1653 bris
1006 1624 1075 1659 fuit,
1091 1623 1134 1653 sic
1151 1629 1180 1653 et
1196 1621 1263 1652 xiii.
1279 1623 1361 1659 3243
1377 1622 1430 1651 alii
1445 1622 1588 1662 sinefon-

929 1673 1006 1701 tibus
1024 1672 1087 1706 Ide,
1104 1682 1157 1712 pro
1168 1671 1354 1711 frondibus:
1378 1669 1432 1700 sed
1453 1671 1588 1700 umbrosa

930 1731 1092 1750 commune
1119 1718 1269 1749 montium
1299 1719 1468 1760 epitheton,
1493 1718 1588 1759 οὔρεα

930 1769 1078 1800 σκιόεντα
1095 1779 1177 1810 saepe
1193 1767 1277 1810 apud
1297 1768 1479 1798 Homerum.
1524 1769 1588 1798 Ac-

930 1818 1024 1852 cedit,
1035 1817 1119 1858 quod
1132 1818 1190 1847 Ida
1202 1827 1330 1857 magnas
1343 1816 1436 1846 silvas
1444 1816 1590 1847 habuisse

930 1866 1080 1896 traditur:
1108 1866 1179 1896 vide
1203 1866 1428 1901 Burmannum,
1453 1871 1484 1896 et
1507 1865 1589 1896 conf.

931 1921 995 1945 not.
1014 1914 1053 1945 ad
1070 1915 1135 1945 xiii.
1153 1915 1226 1944 324.
1271 1915 1349 1944 Mox
1368 1913 1526 1955 negotium
1542 1914 1588 1945 fa·

931 1970 1054 1994 cessunt
1079 1964 1171 1994 verba
1202 1963 1335 1993 Granico
1364 1969 1436 1992 nata
1466 1965 1590 1994 bicorni.

930 2012 1021 2042 MSS.
1038 2011 1188 2053 plerique,
1207 2012 1327 2042 Gracili
1343 2018 1447 2041 conata
1464 2013 1589 2043 bicorni.

933 2061 1039 2102 Raph.
1058 2061 1178 2102 Regius
1194 2066 1308 2096 monet,
1325 2062 1442 2091 bicorne
1460 2071 1526 2092 esse
1542 2062 1589 2092 in-

930 2116 1133 2141 strumentum
1150 2110 1310 2140 rusticum.
1356 2110 1481 2147 Audi03
1505 2121 1589 2152 saepe

931 2159 1120 2200 enimsnrcae
1133 2160 1262 2189 bicornes
1274 2158 1305 2188 in
1318 2158 1512 2199 supellectile
1524 2170 1589 2190 rus-

932 2207 994 2237 tica
1032 2213 1321 2242 commemorantur,
1359 2212 1394 2236 ut
1421 2206 1486 2237 viii.
1512 2208 1588 2238 650.

932 2255 1015 2286 Hinc
1030 2256 1129 2296 potuit
1140 2256 1254 2286 Noster
1268 2257 1382 2285 bicorne
1397 2256 1589 2287 substantive

932 2304 1044 2339 dicere,
1061 2310 1094 2334 ut
1113 2305 1229 2335 crinale
1247 2315 1276 2334 V.
1292 2305 1346 2334 53.
1393 2303 1494 2333 Addit
1509 2305 1588 2335 Gla-

931 2362 1043 2382 reanus
1061 2352 1266 2394 parturientes
1281 2353 1389 2387 solere,
1405 2352 1429 2382 si
1446 2363 1535 2383 nemo
1552 2352 1589 2383 iis

932 2401 1022 2437 adsit,
1047 2401 1087 2431 ad
1114 2400 1233 2442 aliquid
1259 2400 1380 2431 fulciri:
1410 2399 1442 2430 id
1464 2410 1589 2442 quoque

932 2455 1030 2490 potest
1047 2450 1143 2480 credi.
1174 2450 1350 2490 Etfnrtim,
1364 2449 1395 2478 in
1411 2449 1590 2486 solitudine,

932 2499 1074 2539 pariebat
1097 2498 1277 2534 Alexirhoe,
1301 2504 1335 2529 ut
1360 2498 1433 2528 olim
1459 2499 1589 2536 Latona,

932 2549 962 2578 in
988 2548 1077 2589 cujus
1102 2553 1194 2589 partu
1220 2553 1346 2578 truncus
1371 2547 1483 2588 palmae
1505 2547 1589 2577 vices

930 2596 1014 2627 sellae
1033 2596 1252 2627 obstetricariae
1276 2596 1465 2637 praestabat3
1489 2595 1587 2626 Calli-

930 2645 1070 2680 machus,
1094 2645 1126 2675 h.
1150 2644 1223 2675 Del.
1249 2655 1314 2675 ver.
1339 2645 1414 2674 210.
1461 2644 1510 2674 Ita
1532 2643 1588 2674 de·-

928 2694 1113 2724 scriberetur
1121 2693 1171 2724 hic
1181 2698 1269 2724 actus
1281 2692 1418 2724 mulieris
1426 2692 1586 2735 parientis,
