1779 3130
320 171 939 214 METAMORPHOSEON
972 172 1091 214 LIB.
1125 173 1260 215 VIII.
1434 178 1490 218 57

99 285 478 349 Detruncatque
504 293 685 349 caput;
727 287 1035 350 repetitaque
1061 289 1236 335 robora
1258 290 1433 348 caedit3

97 361 276 410 Editus
301 379 328 410 e
353 363 516 410 medio
541 379 692 410 sonus
714 370 790 410 est
815 380 970 426 quum
994 365 1169 412 robore
1196 365 1308 412 talis
1330 383 1339 413 :
1385 370 1481 414 770

97 445 128 462 “
146 439 193 484 N
197 440 384 502 ympha
396 440 488 486 sub
505 440 597 486 hoc
615 455 706 501 ego
723 456 831 486 sum
845 439 1015 486 Cereri
1032 441 1315 501 gratissima
1328 441 1478 504 ligno,

94 514 218 568 Quae
244 516 334 562 tibi
360 516 599 563 factorum
626 533 796 579 poenas
823 516 1007 562 instare
1034 523 1229 563 tuorum

90 591 345 638 Vaticinor
371 594 599 648 moriens,
626 592 778 638 nostri
804 592 980 639 solatia
1004 592 1142 638 leti.'’

90 666 415 731 Persequitur
431 670 592 716 scelus
614 669 694 715 ille
712 685 855 715 suum
873 687 883 726 3
910 669 1256 732 labefactaque
1274 671 1476 718 tandem

90 743 280 791 Ictibus
300 746 585 800 innumeris,
605 745 923 807 adductaque
944 745 1145 791 funibus
1172 747 1317 793 arbor
1376 750 1471 794 775

89 820 302 876 Corruit,
330 829 381 868 et
406 822 610 868 multam
637 822 900 884 prostravit
925 822 1143 884 pondere
1170 823 1358 871 silvam.

86 896 326 944 Attonitae
357 898 587 961 Dryades
612 898 792 944 damno
818 898 1149 960 nemorisque,
1173 916 1382 962 suoque,

89 972 277 1020 Omnes
304 990 564 1036 germanae,
591 974 824 1020 Cererem
849 990 962 1020 cum
987 975 1213 1021 vestibus
1240 976 1356 1021 atris

86 1049 357 1097 Moerentes
373 1051 578 1105 adeunt;
609 1066 907 1113 poenamque
931 1050 1294 1113 Erisichthonis
1311 1059 1467 1099 orant.

84 1126 274 1173 Annuit
298 1127 401 1183 his;
433 1126 713 1189 capitisque
739 1128 814 1173 sui
833 1127 1165 1190 pulcherrima
1183 1135 1318 1174 motu
1371 1132 1465 1175 780

86 1202 354 1249 Concussit
378 1203 591 1264 gravidis
614 1209 841 1249 oneratos
863 1204 1110 1250 messibus
1137 1219 1280 1265 agros
1303 1223 1313 1260 ;

84 1278 391 1342 Moliturque
417 1296 573 1342 genus
600 1296 756 1344 poenae
782 1280 1078 1335 miserabile,
1102 1281 1141 1326 si
1169 1297 1266 1327 non

83 1355 175 1404 Ille
201 1356 302 1403 suis
328 1364 462 1403 esset
487 1357 605 1403 nulli
631 1356 926 1403 miserabilis
953 1357 1093 1411 actis,

83 1432 329 1480 Pestifera
354 1433 568 1481 lacerare
596 1433 746 1481 Fame
769 1451 778 1481 :
819 1450 929 1496 quae
956 1441 1205 1498 quatenus
1231 1434 1323 1498 ipsi
1371 1437 1465 1482 784

82 1509 196 1557 Non
221 1511 450 1558 adeunda
477 1511 614 1567 Deae,
639 1527 801 1574 neque
836 1511 967 1558 enim
995 1511 1348 1573 Cereremque,
1374 1511 1465 1559 Fa-

82 1585 204 1633 Fata
221 1586 352 1634 coire
369 1587 554 1643 sinunt,
573 1587 792 1635 montani
809 1588 1024 1635 numinis
1041 1604 1190 1635 unam
1208 1589 1465 1651 [memque

78 1662 283 1710 Talibus
309 1672 557 1726 agrestem
582 1665 849 1728 compellat
875 1664 1073 1712 Oreada
1096 1664 1272 1711 dictis:

146 1746 177 1764 “
205 1739 297 1788 Est
320 1742 458 1788 locus
485 1741 719 1789 extremis
748 1741 971 1804 Scythiae
997 1740 1220 1803 glacialis
1246 1740 1295 1786 in
1321 1740 1434 1795 oris,

800 1872 1066 1904 commiseratione
1106 1872 1230 1913 dignus.
1298 1871 1460 1907 Lacerare,

800 1923 937 1964 graviter
952 1933 1076 1953 vexare.
1122 1922 1201 1952 Fata
1216 1933 1274 1951 non
1291 1923 1396 1952 sinunt
1413 1931 1461 1957 ea,

119 1873 192 1902 771.
210 1873 349 1913 Nympha
365 1876 418 1904 sub
429 1874 481 1905 hac
491 1885 554 1915 ego,
566 1873 643 1913 etc.]
663 1874 732 1904 Ser-

74 1921 143 1952 vius
167 1922 206 1952 ad
229 1922 378 1963 Eclogam
402 1923 443 1954 X.
467 1922 605 1964 Virgilii,
631 1922 732 1964 Nym-

75 1970 156 2009 phae,
172 1970 284 2012 inquit,
301 1971 540 2013 Hamadryades
564 1977 646 2006 sunt,
661 1981 732 2012 quae

73 2028 146 2049 cum
171 2019 331 2050 arboribus
352 2024 523 2050 nascuntur
540 2025 572 2050 et
591 2024 733 2060 pereunt,

73 2066 143 2099 ἀπὸ
167 2070 224 2099 τοῦ
245 2069 322 2109 ἅμα,
338 2068 392 2099 καὶ
407 2071 468 2107 τῆς
491 2067 609 2110 δρυός;
633 2067 734 2109 qualis

73 2117 132 2148 fuit
164 2116 220 2147 illa
248 2127 342 2158 quam
371 2116 570 2147 Erisichthon
598 2116 733 2155 occidit3

74 2166 128 2207 qui
154 2176 251 2207 quum
273 2167 413 2197 arborem
439 2165 601 2201 incideret,
622 2171 654 2196 et
674 2176 733 2197 vox

75 2215 148 2246 inde
178 2215 290 2257 erupit,
316 2221 347 2246 et
375 2215 513 2256 sanguiS,
539 2215 620 2245 sicut
643 2214 735 2245 docet

76 2264 221 2301 Ovidius,
244 2270 276 2295 et
299 2264 449 2304 Scaliger,
465 2264 618 2300 Poetices,
634 2263 688 2294 lib.
704 2275 734 2295 v.

73 2324 144 2355 cap.
160 2315 190 2345 8.
228 2313 331 2344 Nudis
347 2312 535 2344 Callimachi
550 2314 642 2344 rebus
657 2312 732 2343 Ovi-

73 2363 144 2394 dius
172 2362 260 2393 addit
286 2366 486 2400 ornamenta3
511 2361 606 2393 veluti
634 2372 731 2403 quum

71 2412 242 2443 orationem
258 2411 398 2442 attribuit
412 2410 581 2452 Nymphae.

116 2462 189 2492 780.
220 2463 339 2491 Annuit
377 2462 443 2497 his,·
483 2467 560 2491 nutu
593 2460 731 2491 concutit

73 2520 172 2551 agros,
199 2515 234 2540 ut
257 2510 381 2551 Jupiter
409 2509 537 2545 coelum,
563 2509 584 2539 i.
608 2510 678 2540 179.
700 2513 731 2539 et

73 2558 241 2599 Neptunus
264 2558 375 2593 undas,
391 2567 484 2599 supra
500 2567 564 2588 ver.
580 2557 642 2587 603
662 2567 731 2597 sqq.

75 2606 207 2638 Gravidi
227 2605 347 2648 proprie
363 2606 439 2647 agri,
455 2606 510 2636 sed
525 2606 623 2647 poetis
639 2605 730 2635 etiam

76 2665 193 2686 messes
219 2660 251 2685 et
277 2655 395 2686 aristae:
421 2657 596 2691 miserabile,
616 2654 732 2685 miseri-

75 2703 212 2734 cordiam
228 2704 378 2740 excitans,
394 2704 447 2736 sed
462 2715 533 2735 mox
549 2705 734 2740 miserabilis,

119 2752 219 2783 VOL.
239 2752 298 2783 IV.

801 1983 871 2013 quae
901 1982 956 2013 per
992 1981 1091 2002 rerum
1129 1976 1271 2001 naturam
1304 1971 1369 2001 fieri
1406 1980 1461 2001 ne—

801 2026 932 2062 queunt,
947 2031 976 2051 v.
993 2030 1022 2050 c.
1036 2025 1070 2050 ut
1087 2020 1304 2050 alimentorum
1324 2019 1414 2060 copia
1429 2023 1462 2049 et

800 2069 898 2100 fames
918 2078 983 2099 una
1003 2068 1075 2099 sint.
1121 2068 1265 2098 Numinis
1287 2066 1460 2103 collective,

802 2117 975 2148 numinum.
1021 2117 1159 2154 Oreada5
1176 2115 1357 2157 Nympham
1372 2125 1460 2145 mon-

802 2171 907 2196 tanam
922 2178 929 2203 ;
967 2165 1107 2196 Oreades
1136 2174 1270 2205 namque
1306 2163 1460 2193 montium

801 2220 874 2245 sunt
903 2214 1063 2256 nymphae,
1091 2213 1160 2244 ἀπὸ
1184 2215 1241 2244 τοῦ
1270 2213 1374 2254 ὅρους,
1399 2212 1459 2243 hoc

802 2269 859 2300 est,
876 2274 895 2294 a
909 2269 1014 2294 monte
1028 2262 1264 2303 cognominatae.

846 2313 919 2343 788.
932 2313 986 2343 Est
1002 2314 1081 2343 locus
1095 2313 1242 2346 extremis,
1259 2310 1335 2350 etc.]
1352 2311 1459 2347 Quum

800 2363 903 2393 locum
932 2361 1116 2392 horrendum
1151 2359 1314 2399 designare
1343 2358 1460 2389 vellent

798 2417 897 2453 poetae
914 2417 1044 2445 veteres,
1061 2410 1215 2449 Scythiam
1235 2409 1298 2438 fere
1317 2407 1458 2438 uomina-

798 2461 885 2496 bant,
909 2459 948 2489 de
972 2459 1060 2499 cujus
1083 2456 1246 2497 frigoribus
1269 2456 1339 2486 vide
1364 2456 1404 2486 ad
1424 2455 1457 2487 ii.

798 2510 873 2539 224.
920 2507 1051 2549 Egregie
1077 2512 1180 2537 autem
1201 2505 1334 2547 patriam
1353 2504 1457 2535 Famis

798 2556 954 2589 describit.
1000 2555 1115 2586 Confer
1138 2565 1175 2585 ex
1198 2556 1289 2585 Pont.
1313 2554 1340 2585 Ι.
1353 2553 1398 2585 iii.
1414 2555 1455 2585 49

800 2617 886 2647 sqq.;
910 2604 1006 2636 111.i.
1019 2606 1054 2634 ll
1069 2615 1138 2646 sqq.
1186 2604 1325 2634 Tristitia
1339 2604 1393 2633 soli
1409 2607 1457 2633 est

800 2654 832 2685 in
852 2654 919 2697 ipsa
942 2655 1113 2685 sterilitate.
1159 2653 1258 2689 Iners,
1273 2653 1312 2683 ab
1328 2651 1455 2688 effectu,

801 2703 874 2734 alibi
890 2706 1030 2745 ignavum
1046 2707 1099 2733 aut
1111 2701 1357 2743 pigrumfrigus.
1388 2700 1454 2730 Ha-

931 2753 946 2782 I
