1779 3130
373 158 992 202 METAMORPHOSEON
1025 160 1143 202 LIB.
1177 161 1313 203 XIV.

1452 162 1536 202 411

146 270 417 335 Paucaque
442 273 652 320 laudatae
678 274 817 320 dedit
842 276 1026 331 oscula,
1055 275 1222 337 qualia
1246 290 1500 338 nunquam

143 348 272 395 Vera
297 349 518 396 dedisset
543 366 665 396 anus
688 369 698 407 ;
740 351 987 414 glebaque
1015 352 1217 398 incurva
1242 351 1439 407 resedit,

144 423 433 486 Suspiciens
460 426 648 487 pandos
675 427 897 472 autumni
923 428 1140 490 pondere
1167 444 1343 474 ramos.

1435 430 1531 474 660

149 499 326 547 Ulmus
353 508 458 547 erat
482 510 654 549 contra
679 504 896 565 spatiosa
921 504 1226 550 tumentibus
1251 504 1384 560 uvis;

147 576 311 630 Quam
336 579 473 625 socia
498 586 765 641 postquam
792 581 974 643 pariter
998 596 1112 626 cum
1136 580 1233 626 vite
1258 579 1500 642 probavit,

144 653 213 699 At
237 654 277 700 si
303 661 475 710 staret,
499 655 583 710 ait,
612 656 791 702 caelebs
818 656 924 702 sine
950 656 1152 718 palmite
1178 663 1399 711 truncus,

147 729 231 776 Nil
258 738 435 792 praeter
460 731 673 787 frondes,
701 748 855 794 quare
882 739 1147 794 peteretur,
1176 732 1397 779 haberet.

145 805 268 852 Haec
293 823 509 869 quoque,
539 823 650 869 quae
670 809 848 870 juncta
870 807 982 854 vitis
1011 807 1279 869 requiescit
1304 807 1353 853 in
1379 807 1530 861 ulmo,

149 883 202 928 Si
228 898 325 928 non
350 890 507 946 nupta
530 882 672 938 foret,
699 891 840 930 terrae
866 883 1109 930 acclinata
1126 884 1333 946 jaceret.

1438 885 1533 929 666

143 958 220 1004 Tu
245 966 413 1006 tamen
439 961 673 1023 exemplo
698 977 797 1007 non
821 960 1038 1023 tangeris
1071 960 1258 1007 arboris
1283 961 1460 1023 hujus3

143 1034 555 1099 Concubitusque
580 1036 726 1098 fugiS‚
754 1053 845 1084 nec
872 1043 921 1083 te
947 1037 1250 1099 conjungere
1275 1051 1435 1090 curas,

140 1111 310 1174 Atque
335 1113 524 1159 utinam
548 1112 728 1160 velles!
769 1112 962 1160 Helene
987 1129 1086 1159 non
1111 1113 1336 1175 pluribus
1365 1117 1499 1158 esset

145 1189 422 1236 Sollicitata
446 1190 625 1253 procis,
653 1206 743 1236 nec
771 1206 882 1252 quae
910 1189 1170 1252 Lapitheia
1193 1189 1345 1235 movit

1436 1190 1532 1234 670

142 1264 334 1321 Praelia,
359 1282 449 1313 nec
476 1268 659 1329 conjux
684 1267 869 1313 timidis
896 1266 1099 1313 audacis
1128 1265 1314 1312 Ulixei.

142 1341 190 1388 N
196 1358 290 1389 unc
317 1359 534 1405 quoque,
559 1359 714 1406 quum
735 1343 895 1405 fugias
922 1341 1263 1403 averserisque
1284 1345 1530 1403 petentes,

71 1473 82 1484 ⁴
142 1418 283 1466 Mille
307 1419 443 1482 proci
467 1421 691 1482 cupiunt,
720 1427 769 1467 et
797 1419 1133 1481 Semideique,
1162 1417 1375 1479 Deique,

142 1494 210 1541 Et
234 1511 549 1558 quaecunque
575 1502 748 1542 tenent
774 1495 993 1541 Albanos
1019 1493 1222 1539 numina
1245 1498 1456 1538 montes.

143 1571 245 1618 Sed
265 1579 335 1627 tn,
360 1571 400 1618 si
427 1571 607 1634 sapies,
631 1572 671 1617 si
697 1578 746 1618 te
767 1572 1136 1633 benejungere‚
1161 1584 1412 1630 anumque
1434 1569 1528 1614 675

141 1647 286 1694 Hanc
312 1648 483 1694 audire
507 1649 658 1703 voles,
688 1663 800 1710 quae
826 1655 876 1694 te
901 1647 1013 1710 plus
1039 1645 1267 1692 omnibus
1292 1644 1405 1698 illis,

141 1724 282 1780 Plus,
310 1741 460 1788 quam
486 1724 664 1780 credis,
693 1740 829 1780 amo3

870 1724 1097 1784 vulgares
1122 1721 1270 1783 rejice
1296 1720 1468 1776 taedas,

140 1801 574 1864 Vertumnumque
600 1801 693 1848 tori
719 1801 907 1848 socium
932 1799 1021 1846 tibi
1048 1798 1239 1860 delige:
1279 1813 1367 1860 pro
1392 1812 1491 1859 quo

143 1948 280 1986 Quidam
294 1949 415 1979 addunt
430 1949 507 1979 duos
522 1959 640 1983 versu3‚
662 1949 804 1980 Omnibus
869 1954 960 1979 ceret.
996 1947 1117 1983 Cicero,
1133 1947 1205 1977 Sen.
1224 1948 1272 1977 15.
1288 1947 1327 1976 ad
1342 1944 1531 1986 ierramfer-

140 2004 169 2028 et
186 1998 342 2037 Nymphis,
355 2009 426 2037 quas
442 2000 573 2028 continet
589 1998 701 2027 Albula
718 2000 804 2037 ripis.

141 2047 230 2077 Salve
266 2048 395 2088 virginei
422 2048 483 2087 flos
520 2048 636 2077 illibate
671 2050 804 2087 pudoris.

144 2096 258 2130 Qualia
274 2107 440 2135 nimquam,
460 2101 520 2126 etc.
535 2096 576 2126 cf.
592 2096 625 2126 ii.
641 2097 717 2126 431.

183 2144 257 2175 661.
292 2144 436 2183 Spatiosa,
459 2144 569 2185 patula
589 2150 621 2175 et
642 2144 805 2175 abundans

141 2192 221 2223 uvis.
242 2192 412 2222 Commode
423 2198 453 2222 et
464 2192 587 2233 egregie
596 2192 704 2223 vitium
714 2193 806 2223 ulmis

141 2240 359 2282 adjunctarum
386 2241 530 2282 exemplo
553 2241 649 2271 utitur
669 2241 700 2270 in
723 2251 806 2271 com-

141 2289 319 2319 mendando
341 2290 488 2319 Pomonae
512 2289 667 2329 conjugio.
713 2289 805 2319 Com-

141 2337 242 2380 parari
258 2338 339 2367 enim
357 2338 477 2368 solebat
489 2337 542 2369 illa
561 2338 719 2379 adjunctio
735 2348 804 2368 cum

142 2386 307 2428 conjugi03
332 2386 404 2416 hine
430 2387 505 2416 ulmi
529 2388 651 2422 caelibes,
668 2398 693 2417 s.
708 2388 804 2417 vidua:

141 2434 288 2465 dicuntur
312 2437 462 2471 maritari,
485 2441 537 2465 aut
561 2435 622 2465 vite
646 2436 756 2470 dotari,
774 2440 805 2465 et

140 2483 220 2514 vites
250 2485 369 2513 nubunt
398 2485 499 2520 ulmis,
527 2485 667 2524 fiuntque
696 2494 802 2514 earum

140 2535 278 2573 conjuges
294 2539 349 2563 aut
360 2535 463 2570 sociae;
481 2533 544 2563 vid.
558 2533 718 2563 Heinsius.
747 2534 803 2562 ste-

141 2583 275 2620 quiescst,
303 2592 414 2623 nempe
443 2582 605 2613 claviculis
635 2582 697 2612 suis
721 2592 803 2611 com-

141 2629 234 2670 plexa
268 2630 397 2660 ulmum.
445 2631 541 2661 Terroe
572 2632 720 2660 acclinata
751 2633 803 2668 =ja-

871 2004 932 2032 tur,
950 1999 1007 2027 nisi
1015 1997 1107 2037 fulta
1121 1998 1170 2026 sit.

914 2046 987 2076 670.
1011 2045 1139 2075 Helenes
1154 2053 1316 2085 procorum
1334 2042 1460 2073 nomina
1475 2042 1530 2072 ha-

871 2095 924 2125 bet
940 2094 1096 2135 Hyginus,
1113 2094 1178 2123 fab.
1197 2094 1234 2122 81
1251 2105 1256 2122 :
1275 2091 1341 2122 vid.
1357 2091 1452 2126 idem,
1468 2090 1531 2121 fab.

876 2144 945 2173 126.
961 2143 1000 2172 de
1016 2142 1188 2182 Penelopes
1203 2141 1314 2182 procis.
1362 2141 1434 2174 Quae
1451 2140 1531 2178 Lap.

872 2194 962 2221 movit
979 2191 1101 2225 Praelia,
1117 2189 1325 2231 Hippodame,
1343 2188 1381 2219 de
1397 2198 1458 2229 qua
1477 2188 1531 2217 xii.

873 2242 936 2270 ‘210
952 2250 1022 2280 sqq.
1069 2239 1153 2269 Olim
1178 2238 1340 2273 edebatur,
1357 2238 1454 2266 timidi
1477 2242 1532 2265 aut

872 2290 1018 2325 amlacis;
1046 2287 1100 2317 sed
1125 2286 1272 2317 Heinsius
1296 2296 1333 2316 ex
1358 2286 1428 2315 MS.
1452 2285 1530 2314 Bar-

872 2337 971 2368 berin.
986 2335 1104 2377 recepit
1121 2337 1240 2370 timidis,
1258 2335 1288 2364 h.
1305 2333 1432 2364 audacis
1444 2333 1475 2362 in
1491 2332 1529 2362 ti-

872 2385 982 2419 midos,
1000 2390 1033 2414 ut
1050 2395 1080 2414 x.
1096 2383 1447 2423 544.Jbrtisjitgacibus
1461 2386 1530 2410 esto.

873 2434 1007 2464 Codices
1024 2434 1114 2463 ambo
1130 2431 1224 2472 Regii
1242 2433 1339 2461 timidi
1358 2437 1413 2460 aut
1430 2431 1527 2460 ‹uida—

872 2485 923 2518 cis,
941 2482 1024 2522 quod
1047 2481 1195 2522 explicari
1215 2480 1352 2515 deberet,
1373 2478 1474 2508 timidi
1497 2478 1529 2508 in

870 2541 987 2573 pugna,
1011 2529 1138 2560 audacis
1161 2529 1192 2558 in
1216 2527 1369 2558 struendis
1394 2528 1528 2564 insidiis,-

872 2580 925 2610 sed
943 2580 1022 2609 bona
1039 2585 1084 2609 est
1099 2577 1284 2609 emendatio.
