1779 3130
351 141 971 195 METAMoRPHosEON
1005 152 1125 193 ΠΒ.
1159 153 1223 193 X.

1395 153 1480 194 143

99 268 282 313 Gratus
308 274 427 323 erat,
458 267 746 329 Cyparisso,
773 266 890 313 tibi:
931 272 984 312 tu
1010 266 1194 328 pabula
1219 281 1420 312 cervum

96 343 176 389 Ad
202 358 341 397 nova,
369 350 421 389 tu
447 342 622 404 liquidi
649 342 868 388 ducebas
890 341 1038 388 fontis
1065 342 1127 388 ad
1153 342 1366 389 undam:

97 418 172 464 Tu
198 418 344 464 modo
370 419 578 465 texebas
604 417 761 464 varios
791 433 878 479 per
903 433 1087 464 cornua
1111 418 1284 464 flores:

102 493 264 548 Nunc,
292 509 446 555 eques
474 494 522 540 in
546 501 684 555 tergo
710 493 950 549 residens,
979 494 1074 540 huc
1096 494 1238 539 laetus
1264 500 1314 540 et
1339 493 1454 540 illuc

99 568 273 615 Mollia
293 570 554 632 purpureis
579 569 807 617 frenabas
833 585 918 616 ora
942 569 1189 631 capistris.

1399 573 1488 616 125

100 645 270 691 AEstus
296 654 415 700 erat,
444 647 738 708 mediusque
763 646 894 701 dies3
936 645 1154 707 solisque
1179 660 1357 707 vapore

102 721 334 769 Concava
358 723 516 769 litorei
543 723 797 770 fervebant
818 722 1020 768 brachia
1048 721 1246 768 Cancri.

102 797 284 844 Fessus
311 798 359 844 in
384 799 595 845 herbosa
621 798 788 861 posuit
815 813 906 844 sua
929 813 1137 860 corpora
1161 803 1292 843 terra

102 872 318 930 Cervus3
361 882 410 920 et
434 875 638 921 arborea
662 874 881 920 ducebat
905 873 1060 933 frigus
1087 873 1148 918 ab
1174 873 1365 918 umbra.

102 947 248 995 Hunc
268 966 391 1012 puer
410 950 696 1012 imprudens
714 949 883 1012 jaculo
903 948 1205 1010 Cyparissus
1223 955 1368 994 acuto
1400 951 1490 994 130

104 1024 262 1081 Fixit3
304 1033 368 1080 et,
397 1034 452 1072 ut
478 1042 606 1072 saevo
632 1025 922 1071 morientem
947 1024 1148 1071 vulnere
1169 1025 1306 1079 vidit,

102 1100 244 1147 Velle
270 1101 390 1147 mori
414 1102 613 1148 statuit:
656 1118 768 1164 quae
795 1117 893 1146 non
918 1100 1095 1146 solatia
1119 1099 1340 1146 Phoebus

105 1176 280 1223 Dixit?
317 1184 368 1224 et
392 1185 446 1224 ut
469 1178 642 1224 leviter
667 1194 755 1240 pro
782 1176 1090 1239 materiaque
1117 1176 1321 1230 doleret,

103 1252 399 1300 Admonuit:
422 1254 576 1314 gemit
592 1254 672 1300 ille
689 1261 879 1309 tamen3
906 1268 1188 1314 munusque
1205 1267 1492 1314 supremum

106 1328 215 1375 Hoc
242 1330 367 1391 petit
392 1346 420 1376 a
447 1329 668 1393 Superis,
697 1337 752 1376 ut
776 1337 998 1392 tempore
1023 1329 1194 1390 lugeat
1217 1328 1367 1375 omni.
1401 1331 1492 1374 135

102 1404 334 1467 Jamque,
362 1422 450 1469 per
474 1406 742 1453 immensos
768 1415 939 1468 egesto
959 1405 1201 1467 sanguine
1227 1405 1391 1460 fletus,

105 1481 163 1527 In
189 1481 394 1529 viridem
417 1484 538 1529 verti
565 1491 821 1545 coeperunt
845 1484 1068 1530 membra
1091 1482 1334 1538 colorem3

106 1556 171 1603 Et
196 1558 357 1613 modo,
387 1559 470 1620 qui
497 1558 637 1606 nivea
662 1559 949 1622 pendebant
973 1558 1131 1605 fronte
1157 1558 1340 1621 capilli,

105 1632 319 1680 Horrida
342 1633 570 1681 caesaries
594 1634 715 1689 fieri,
743 1642 1042 1698 sumptoque
1067 1634 1226 1696 rigore

104 1797 188 1828 mina
207 1803 280 1827 nota
294 1798 365 1838 Ipse
387 1798 514 1829 domum
533 1809 602 1829 sera
622 1800 765 1840 quamvis

105 1856 137 1876 se
154 1851 243 1877 nocte
260 1847 414 1876 ferebat.'⁷

152 1896 221 1926 126.
250 1896 371 1935 Vapore,
390 1900 480 1926 aestu.
530 1896 678 1931 Concava,
698 1906 767 1927 cur-

107 1950 195 1982 vata3
233 1944 314 1974 conf.
344 1945 376 1975 ii.
403 1945 443 1974 83
472 1951 504 1974 et
537 1945 607 1975 195.
656 1945 767 1975 Cancri

106 1992 191 2022 sidus
213 1993 264 2022 Sol
287 1992 520 2034 ingrediebatur
544 1992 618 2023 olim
641 2003 763 2023 summa

106 2046 226 2072 aestate.
274 2041 399 2071 Litorei.
437 2040 519 2071 Vide
533 2040 573 2071 ad
588 2051 652 2071 ver.
668 2042 719 2071 78.

151 2090 223 2119 128.
252 2089 356 2120 Posuit
371 2100 424 2119 sua
439 2100 581 2129 corpora,·
601 2088 671 2119 vide
687 2088 727 2119 ad
742 2088 762 2120 i.

105 2138 177 2167 300.
220 2136 487 2179 Ducebatfrigus.
532 2137 690 2178 Captabat
711 2147 762 2167 ore

106 2185 249 2226 frigidam
280 2196 400 2221 auram,
428 2196 522 2227 quam
551 2185 578 2216 ei
603 2186 763 2226 praebebat

105 2235 214 2265 umbra
227 2235 369 2265 arborum
381 2246 388 2272 3
412 2234 644 2275 ducerefrigus‚
657 2239 692 2264 ut
706 2236 762 2264 ‹ln-

105 2294 170 2314 cere
198 2285 340 2313 animam.
389 2283 550 2323 Virgilius,
578 2283 646 2313 Ecl.
670 2282 690 2313 i.
711 2284 764 2313 53.

97 2330 207 2371 frigus
236 2332 366 2370 captabis
395 2342 528 2370 opacum.
572 2332 682 2372 Supra,
712 2331 764 2362 vii.

108 2380 181 2409 809.
194 2380 473 2420 repeteb‹miji·igus
487 2385 515 2409 et
529 2381 658 2415 umbras,
675 2385 735 2410 etc.

153 2429 226 2459 130.
254 2429 346 2459 Hunc
372 2440 447 2468 puer
477 2431 657 2469 imprudens,
683 2430 760 2470 etc.]

107 2476 242 2513 Servius,
257 2476 341 2507 dicto
356 2477 439 2508 loco:
467 2482 487 2494 ‘¹
505 2477 557 2518 qui
575 2488 671 2518 quum
687 2478 766 2509 elas-

109 2531 194 2555 satus
215 2531 291 2556 aestu
313 2527 369 2556 sub
393 2525 529 2567 quadam
555 2527 662 2556 arbore
686 2537 766 2557 som—

109 2583 182 2602 num
196 2579 330 2615 caperet,
343 2573 444 2604 subito
456 2573 585 2615 strepitu
601 2574 765 2611 excitatus,

107 2631 245 2657 cervum,
262 2632 355 2663 quem
375 2622 407 2652 in
422 2622 543 2652 deliciis
561 2622 707 2659 habebat,
723 2622 765 2654 fe-

109 2679 174 2700 ram
199 2670 338 2707 credens,
363 2681 417 2712 per
441 2670 647 2711 ignorantiam
673 2671 765 2702 misso

833 1799 896 1829 telo
911 1799 1086 1834 occidisset,
1103 1798 1187 1829 etc.''
1236 1799 1316 1829 Velle
1330 1799 1495 1837 redundat,

834 1854 867 1879 ut
894 1848 976 1888 apud
999 1848 1172 1883 Tibullum,
1192 1848 1217 1878 I.
1237 1847 1269 1878 ii.
1285 1849 1343 1887 92;
1368 1850 1431 1881 ΙΙΙ.
1451 1850 1493 1881 iv.

835 1898 865 1927 4.
882 1899 1007 1928 desinite
1023 1907 1152 1937 quaerere
1166 1898 1250 1928 velle.

880 1947 950 1976 133.
989 1946 1051 1975 Pro
1079 1946 1234 1986 materia]
1276 1945 1357 1976 Vide
1388 1946 1427 1977 ad
1451 1946 1494 1978 iii.

832 1995 907 2025 333.
936 1994 1002 2029 ubi,
1029 1997 1155 2036 gravius
1191 2005 1243 2025 nec
1278 2006 1332 2035 pro
1366 1998 1494 2026 materia

830 2044 941 2073 dolere.

874 2092 946 2121 136.
972 2091 1080 2132 Egesto
1103 2093 1251 2132 sunguine
1269 2091 1398 2133 stetim]
1431 2093 1494 2123 Per

830 2141 921 2170 fletus
947 2149 1008 2169 non
1035 2139 1170 2181 egeritur
1195 2140 1331 2181 sanguis.
1376 2140 1495 2172 Melius

831 2188 914 2229 apud
929 2188 1071 2218 Servium
1086 2189 1160 2219 fletu
1176 2188 1271 2219 nimio
1287 2194 1318 2219 et
1333 2190 1492 2220 abstinen-

830 2236 874 2266 tia
889 2236 951 2266 cibi
968 2246 1004 2266 ac
1019 2235 1153 2276 potionis
1169 2236 1311 2267 tabescit.

877 2285 948 2315 139.
974 2283 1122 2319 Caesaries,
1137 2286 1393 2324 capillamentum,
1407 2296 1492 2316 comae

830 2333 945 2374 passim
974 2333 1013 2363 de
1044 2333 1207 2364 frondibus
1239 2333 1393 2363 arborum.
1440 2335 1493 2365 Sic

831 2382 1005 2423 Euripides,
1036 2383 1107 2413 Ion.
1136 2383 1210 2412 920.
1238 2381 1375 2422 palmam
1402 2388 1494 2413 vocat

831 2430 1036 2472 ἁβροκόμαν.
1073 2430 1200 2461 Gallim.
1215 2429 1324 2470 hymn.
1340 2429 1380 2460 ad
1395 2430 1492 2461 Dian.

834 2480 884 2508 41.
905 2478 980 2520 ὅρος
1002 2477 1219 2519 κεκομημένον
1243 2477 1315 2519 ὕλῃ.
1361 2479 1490 2516 Statius,

833 2527 873 2558 iv.
898 2527 973 2557 Silv.
996 2529 1026 2558 5.
1036 2528 1203 2568 frondibus
1223 2529 1335 2557 aminis
1356 2528 1492 2558 crinitur

833 2577 930 2606 arbor.
964 2576 1046 2607 Vide
1071 2577 1265 2606 Bueneman.
1289 2575 1329 2606 ad
1351 2576 1490 2607 Lactan-

833 2624 921 2659 tium,
937 2623 1043 2655 Carm.
1055 2623 1093 2655 de
1109 2623 1232 2654 Pascha
1247 2633 1310 2655 ver,
1325 2625 1378 2655 21.
1409 2625 1491 2655 Hor-

835 2675 919 2703 ridus
933 2673 1054 2714 proprie
1069 2673 1108 2704 de
1124 2672 1246 2715 capillis
1261 2673 1401 2704 incultis.
1433 2675 1492 2705 Su-
