1779 3130
378 168 1000 211 METAMORPHOSEON
1035 169 1152 210 LIB.
1188 169 1276 210 XI.

1432 170 1513 211 5221

132 285 357 348 Alipedis
384 285 445 332 de
472 284 624 347 stirpe
652 283 762 337 Dei,
790 291 988 329 versuta
1012 299 1247 346 propago,

137 362 371 408 Nascitur
396 360 689 422 Autolycus,
716 358 899 405 furtum
925 360 1207 420 ingeniosus
1233 360 1294 406 ad
1320 375 1482 415 omne,

135 436 232 490 Qui
258 436 418 483 facere
448 437 683 489 assuerat,
710 435 881 497 patriae
908 452 1004 481 non
1030 436 1246 497 degener
1271 436 1405 491 artis,

137 512 367 559 Candida
391 512 453 558 de
479 511 649 572 nigris,
679 517 730 558 et
754 511 816 557 de
842 512 1170 558 candentibus
1196 519 1316 558 atra.
1422 515 1518 558 315

82 576 91 591 ³
137 587 371 634 Nascitur
396 604 423 634 e
450 587 659 641 Phoebo,
687 601 904 648 namque
931 594 1009 633 est
1031 587 1179 634 enixa
1204 588 1456 648 gemellos,

138 663 370 710 Carmine
394 663 552 709 vocali
577 664 755 717 clarus,
782 663 1070 724 citharaque
1096 662 1428 711 Philammon.

137 739 271 793 Quid
296 740 550 803 peperisse
575 740 716 793 duos,
744 746 794 785 et
818 739 909 785 Dis
935 739 1183 802 placuisse
1208 740 1418 796 duobus,

139 815 205 862 Et
227 815 338 862 forti
363 816 601 878 genitore,
629 822 679 862 et
704 814 1015 878 progenitore
1040 815 1251 862 Tonanti
1425 820 1520 864 319

139 891 265 938 Esse
290 899 447 939 satam
471 891 706 954 prodest?
733 907 794 938 an
819 891 962 937 obest
989 907 1191 953 quoque
1217 892 1371 953 gloria
1394 894 1520 939 mul-

142 967 317 1014 Obfuit
341 968 455 1014 huic
480 974 644 1014 certe:
685 983 796 1029 quae
823 983 875 1014 se
900 967 1130 1030 praeferre
1158 967 1331 1014 Dianae
1403 969 1522 1030 [tis?

142 1043 406 1099 Sustinuit,
433 1043 711 1105 faciemque
739 1043 858 1089 Deae
885 1043 1130 1106 culpavit:
1170 1051 1220 1089 at
1243 1044 1312 1090 illi
1373 1046 1519 1107 [quit.

142 1119 223 1166 Ira
246 1120 384 1167 ferox
416 1127 550 1166 mota
577 1127 678 1167 est:
722 1126 750 1143 ‘⁶
775 1119 1043 1182 Factisque
1068 1120 1427 1182 placebimus,'’
1452 1122 1523 1167 in-

143 1195 251 1242 Nec
277 1212 440 1252 mora3
481 1195 701 1242 curvavit
725 1211 893 1250 cornu,
921 1211 1172 1256 nervoque
1199 1196 1430 1258 sagittam

144 1270 366 1334 Impulit,
383 1279 434 1317 et
459 1272 683 1317 meritam
704 1271 898 1333 trajecit
916 1271 1154 1317 arundine
1176 1271 1410 1333 linguam.
1430 1277 1526 1320 325

145 1347 336 1410 Lingua
355 1355 501 1404 tacet,
515 1365 604 1395 nec
626 1364 736 1402 vox,
750 1355 1042 1409 tentataque
1058 1348 1208 1394 verba
1228 1356 1523 1410 sequuntur;

147 1424 526 1487 Conantemque
552 1425 685 1487 loqui
712 1441 825 1470 cum
851 1425 1089 1486 sanguine
1114 1424 1213 1471 vita
1238 1425 1452 1487 reliquit.

147 1499 324 1556 Quem,
351 1501 531 1547 misera
553 1518 581 1547 0
607 1501 792 1563 pietas!
831 1518 923 1562 ego
949 1508 1053 1547 tum
1079 1508 1357 1564 patruoque
1391 1502 1527 1548 dolo-

151 1576 315 1623 Corde
340 1576 447 1631 tuli,
474 1576 711 1639 fratrique
736 1577 818 1639 pio
846 1577 1021 1624 solatia
1044 1577 1164 1623 dixi.
1404 1580 1529 1639 [rem

149 1766 214 1796 diat
226 1777 233 1804 ;
252 1767 372 1797 fuerunt
385 1767 437 1808 qui
450 1766 572 1807 decepti
584 1767 804 1796 vocabulorum

873 1767 1055 1797 deteriorem
1066 1777 1121 1797 sua
1131 1767 1351 1808 pronuntiavit.
1369 1767 1530 1808 Hyginus:

149 1820 295 1856 (quorum
320 1817 464 1846 Graecum
491 1821 522 1845 et
546 1815 691 1845 Latinum
716 1826 805 1845 usum

874 1820 893 1832 ‘¹
910 1815 945 1845 In
963 1816 1125 1845 venatione
1147 1816 1178 1845 in
1200 1815 1337 1845 Dianam
1358 1816 1459 1845 locuta
1484 1823 1531 1846 est

150 1864 317 1904 nescirent)
334 1864 461 1905 speciali
477 1870 507 1894 et
523 1863 632 1894 notiori
649 1863 805 1904 significa-

149 1912 242 1948 tione,
258 1923 329 1943 eum
352 1913 454 1942 furum
478 1918 508 1942 et
530 1913 685 1942 latronum
707 1913 806 1952 (malo

150 1962 258 2000 sensu)
274 1962 378 1992 Deum
396 1961 565 1992 facerent.’'

192 2010 265 2041 317.
292 2011 432 2040 Carmine
455 2011 560 2045 vocali,
576 2014 681 2039 cantu.
729 2010 803 2039 Phi-

152 2061 286 2089 lammon.
333 2058 534 2089 Constantius
559 2057 707 2087 Fanensis
735 2059 808 2087 scri-

152 2108 287 2138 bendum
309 2113 416 2137 censet
440 2107 613 2142 Philaemon,
634 2112 667 2136 ut
691 2107 731 2136 sit
755 2117 808 2137 no-

152 2166 223 2186 men
239 2156 278 2186 ab
294 2162 357 2186 arte
375 2155 515 2191 ductum,
532 2165 550 2185 a
563 2155 664 2196 (powg,
678 2155 807 2190 amicus,

152 2210 183 2234 et
203 2204 289 2245 οἵμη,
305 2209 428 2234 cantus.
474 2204 506 2233 Is
529 2204 608 2234 inter
631 2203 807 2244 antiquissi-

153 2263 219 2282 mos
253 2252 385 2282 musicos
417 2253 544 2282 refertur
573 2252 667 2282 etiam
690 2263 708 2282 a
734 2253 808 2282 Plu-

154 2300 261 2331 tarcho
282 2299 320 2330 de
341 2300 477 2335 Musica,
502 2311 533 2341 p.
556 2301 648 2330 1132.
694 2300 811 2331 Choros

154 2349 308 2389 virginum
328 2348 444 2391 primus
461 2349 630 2379 instituisse
647 2349 777 2379 traditur
793 2360 810 2380 a

153 2398 346 2440 Plierecyde.
390 2399 492 2428 Musae
509 2408 578 2428 eum
595 2397 728 2428 canendi
744 2408 810 2428 cer-

154 2445 270 2477 tamine
286 2451 465 2488 superatum
477 2452 584 2488 postea
598 2446 694 2476 oculis
706 2446 808 2488 priva-

157 2500 239 2525 runt.

199 2544 272 2573 318.
298 2543 338 2573 Ει
363 2542 448 2582 Dian]
482 2543 570 2573 Unus
595 2542 716 2573 Heinsii
740 2545 812 2582 quid

163 2592 226 2621 Dis.
249 2591 317 2621 Hac
333 2590 463 2630 generis,
480 2591 661 2625 amantium.
674 2597 705 2621 et
720 2591 813 2633 prolis

158 2639 256 2680 gloria
271 2639 355 2670 elata
369 2639 487 2670 Chione
503 2640 592 2680 perit.

202 2689 275 2718 322.
299 2688 462 2724 Sustinuit,
479 2699 554 2719 ausa
570 2696 626 2719 est.
655 2689 793 2728 Culpavit
806 2702 813 2718 .-

875 1863 1072 1904 superbius.''

918 1913 992 1942 328.
1018 1912 1124 1947 Quem,
1151 1914 1256 1942 misera
1282 1924 1297 1941 0
1322 1914 1426 1950 pietas,
1451 1914 1529 1953 etc-J

876 1962 967 1992 Hunc
990 1962 1091 1991 locum
1116 1961 1159 1991 ita
1183 1961 1341 1991 constituit
1364 1961 1533 1999 Heinsius3

875 2009 947 2040 olim
972 2010 1123 2041 edebatur
1146 2022 1233 2050 quum
1256 2012 1343 2040 miser
1366 2012 1534 2049 amplerans

875 2070 927 2100 ego
943 2065 1028 2089 tunc.
1062 2060 1134 2089 Duo
1149 2061 1198 2100 (et
1212 2059 1307 2089 nostri
1322 2059 1432 2100 Regii)
1448 2072 1533 2099 qnam

877 2111 975 2144 miser,
991 2110 1134 2148 opielt153
1159 2109 1312 2149 plerique,
1329 2120 1416 2148 quam
1432 2112 1535 2139 misero

876 2158 990 2196 pietus;
1015 2168 1094 2187 unus
1109 2169 1192 2197 quem
1208 2159 1321 2193 misero,
1337 2170 1352 2187 0
1365 2160 1472 2196 pietus.
1509 2160 1535 2187 O

880 2207 983 2235 misera
1004 2208 1097 2244 pietas
1117 2205 1250 2236 solennis
1269 2206 1466 2241 exclamatio,
1482 2207 1535 2236 ubi

878 2253 916 2284 de
949 2254 1039 2284 malis
1069 2254 1119 2295 pio
1146 2254 1272 2284 inflictis
1308 2264 1427 2291 serm03
1464 2255 1535 2286 vide

878 2302 1052 2333 Heinsium.
1098 2303 1160 2333 Sed
1176 2313 1215 2333 an
1230 2303 1274 2334 ita
1289 2303 1445 2344 scripserit
1459 2304 1534 2334 Ovi-

879 2351 948 2382 dius
962 2358 1046 2382 certo
1063 2353 1214 2382 affirmare
1232 2363 1293 2382 non
1314 2352 1424 2382 ausim.
1474 2354 1535 2383 Pa-

880 2406 947 2429 truo
984 2403 1081 2430 corde.
1123 2400 1271 2430 Heinsius
1308 2399 1535 2440 interpretatur,

879 2448 947 2478 forti
964 2454 994 2478 et
1010 2448 1086 2479 duro
1102 2449 1207 2479 corde.
1247 2449 1357 2484 Immo,
1374 2449 1417 2479 ita
1432 2455 1465 2480 ut
1482 2450 1535 2481 de-

879 2501 929 2526 cet
944 2502 1097 2537 patruum,
1115 2497 1184 2526 veni
1200 2496 1232 2527 in
1249 2497 1427 2527 societatem
1450 2498 1534 2528 dolo-

880 2543 929 2579 ris,
954 2550 985 2574 et
1008 2544 1124 2574 solatus
1147 2556 1214 2575 sum
1239 2546 1361 2575 fratrem
1382 2548 1478 2584 pium,
1504 2547 1535 2576 id

880 2598 936 2627 est,
953 2592 1043 2622 unice
1066 2598 1221 2623 amantem
1246 2593 1353 2629 filiani,
1369 2594 1424 2625 sed
1445 2595 1537 2625 surdo

881 2639 991 2670 solatia
1007 2640 1145 2671 adhibui.
