1779 3130
253 172 336 213 248

640 171 689 212 P.
723 171 935 213 OVIDII
970 172 1249 214 NASONIS

253 285 566 346 Pectoraque
592 284 700 347 ipsa
724 285 862 334 ferit:
891 302 982 334 nec
1005 287 1191 334 crinem
1216 287 1404 333 solvere
1425 293 1592 339 curat;

254 361 475 416 Scindit;
504 369 555 408 et
580 362 752 417 altrici,
781 379 891 425 quae
916 364 1078 411 luctus
1100 379 1267 418 causa,
1288 363 1494 424 roganti,

252 444 281 461 “
306 437 457 484 Nulla
477 445 554 484 est
569 437 847 502 Halcyone,
866 441 1001 488 nulla
1016 440 1140 495 est,”
1158 440 1252 487 ait:
1283 444 1313 463 “
1331 438 1514 485 occidit
1532 454 1630 484 una

250 514 381 560 Cum
410 514 580 577 Ceyce
604 531 721 562 suo:
763 516 973 563 solantia
998 517 1156 563 tollite
1180 516 1345 562 verba.

1533 517 1629 560 685

251 590 533 652 Naufragus
559 592 769 639 interiit:
794 593 909 647 vidi,
937 592 1230 655 agnovique,
1254 606 1529 653 manusque

249 667 329 713 Ad
354 667 694 714 discedentem
721 669 928 732 cupiens
954 669 1163 716 retinere
1188 667 1395 714 tetendi.

251 743 441 790 Umbra
458 743 569 797 fuit;
600 745 687 791 sed
708 752 757 791 et
777 746 951 792 umbra
965 751 1131 791 tamen
1147 743 1422 796 manifesta,
1438 741 1628 803 virique

247 819 378 866 Vera
402 820 526 866 mei:
555 836 653 866 non
678 820 759 867 ille
786 821 1004 883 quidem,
1028 821 1069 866 si
1094 820 1290 882 quaeris,
1312 818 1530 865 habebat

247 895 489 942 Assuetos
513 896 704 953 vultus;
735 912 842 951 nec,
867 913 966 959 quo
991 896 1143 959 priua
1161 911 1243 942 ore
1268 894 1473 940 nitebat.
1532 895 1628 939 690

248 971 544 1026 Pallentem,
572 972 879 1033 nudumque,
903 980 954 1019 et
979 973 1140 1019 adhuc
1166 973 1400 1018 humente
1425 969 1605 1033 capillo

247 1047 444 1101 Infelix,
470 1047 596 1093 vidi:
638 1048 777 1094 stetit
800 1048 893 1094 hoc
920 1047 1214 1094 miserabilis
1240 1047 1348 1110 ipso

247 1123 380 1171 Ecce
405 1124 513 1170 1000
531 1123 574 1171 ;”
607 1131 656 1170 et
681 1125 874 1186 quaerit,
897 1125 1106 1186 vestigia
1131 1125 1171 1170 si
1199 1139 1298 1186 qua
1322 1121 1586 1185 supersint.

246 1205 276 1223 “
304 1198 414 1246 Hoc
440 1206 560 1255 erat,
588 1200 681 1246 1100
705 1200 867 1247 animo
887 1201 1021 1263 quod
1046 1200 1298 1247 divinante
1321 1199 1587 1253 timebam3

244 1274 312 1322 Et
335 1292 413 1330 ne,
440 1292 519 1322 me
543 1275 753 1337 fugiens,
780 1284 950 1324 ventos
978 1292 1243 1339 sequerere
1268 1276 1519 1338 rogabam.

242 1352 310 1398 At
333 1359 470 1399 certe
493 1352 686 1405 vellem,
714 1353 946 1414 quoniam
969 1353 1215 1416 periturus
1242 1352 1430 1405 abibas,

1525 1352 1619 1396 696

244 1428 329 1475 Me
354 1445 555 1491 quoque
580 1429 836 1476 duxisses:
877 1438 1042 1476 tecum
1067 1429 1160 1475 fuit
1183 1429 1322 1484 utile,
1349 1436 1516 1475 tecum

241 1505 319 1552 Ire
345 1505 491 1561 mihi;
529 1521 693 1567 neque
717 1506 849 1553 enim
875 1507 936 1553 de
961 1506 1072 1553 vitae
1097 1514 1321 1568 tempore
1347 1504 1621 1566 quidquam

242 1581 355 1629 Non
382 1582 527 1628 simul
553 1583 781 1644 egissem,
810 1599 901 1630 nec
928 1598 1057 1629 mors
1083 1582 1296 1628 discreta
1318 1580 1508 1627 fuisset.

241 1657 386 1705 Nunc
413 1659 592 1705 absens
621 1675 793 1722 pereo:
819 1661 979 1722 jactor
1004 1674 1134 1705 nunc
1154 1658 1389 1704 fluctibus
1411 1657 1615 1710 absens3

283 1771 357 1801 690.
367 1772 503 1801 Asa-ueros
514 1771 643 1811 vultus]
660 1770 808 1802 Heinsius
822 1782 896 1802 con-

233 1819 304 1860 jicit
325 1821 438 1855 cultus,
456 1830 494 1850 ne
517 1819 566 1850 bis
589 1819 672 1850 idem
691 1819 786 1855 dicat,
809 1827 840 1851 et
863 1827 896 1851 ut

238 1868 304 1899 haec
325 1868 532 1910 respondeant
556 1869 758 1909 sequentibus
779 1871 895 1908 pallen-

238 1924 293 1947 tem
316 1920 498 1957 nudumque.
543 1917 636 1958 Regii
662 1918 755 1948 nostri
781 1919 895 1949 vultus.

240 1966 363 1996 Nitebat
380 1978 388 1995 .-
411 1966 516 1996 confer
530 1966 603 1996 271.
653 1966 793 2007 I'estigia,
811 1967 893 1997 scili-

237 2019 287 2045 cet
310 2025 399 2055 aquae
424 2013 612 2044 destillantis
635 2024 672 2044 ex
695 2014 894 2045 humentibus

236 2063 358 2104 capillis
395 2063 519 2104 udaque
555 2063 665 2093 barba.
712 2063 778 2094 Hoc
815 2070 891 2094 erat.

237 2111 424 2143 Verissimus
443 2122 542 2142 sermo
565 2111 724 2142 hominum
746 2113 894 2153 supersti-

235 2159 383 2190 tiosorum
401 2166 471 2201 post
493 2170 667 2201 perpessam
683 2159 892 2191 calamitatem

236 2209 502 2250 conquerentium.
523 2210 702 2245 Dit·inante,
718 2209 893 2250 suspicante

235 2266 283 2293 ea,
300 2257 413 2299 quibus
436 2263 564 2288 eventus
584 2257 759 2299 respondet.
798 2258 894 2300 Fugit

234 2314 267 2336 et
290 2305 326 2342 is,
351 2307 404 2347 qui
428 2306 560 2337 alterum
583 2307 779 2347 proficiscens
802 2308 894 2337 relin-

235 2354 316 2395 quit.
362 2354 523 2395 Virgilius,
540 2355 608 2385 Ecl.
625 2355 646 2386 i.
659 2356 689 2385 4.
707 2355 767 2385 Nos
787 2357 890 2386 dulcia

235 2405 397 2443 linquimus
411 2415 495 2439 arva,
514 2403 574 2434 Nos
591 2406 722 2443 patriam
733 2404 888 2446 fugimus.

235 2452 295 2482 Pro
319 2452 465 2492 navigare
489 2452 610 2488 maluit,
631 2460 730 2483 ventos
751 2455 842 2492 sequi,
859 2460 892 2484 ut

236 2500 344 2531 melior
365 2501 516 2542 oppositio
539 2508 629 2532 esset.
675 2502 814 2532 Duxisses
839 2512 892 2543 per

235 2558 318 2579 mare
334 2549 507 2591 impositam
523 2550 605 2581 navi.

280 2598 351 2627 700.
370 2598 460 2628 Nunc
476 2599 576 2629 absens
588 2610 684 2638 pereo,
697 2599 778 2639 etc.]
807 2599 890 2630 Hac-

235 2652 325 2676 tenus
348 2647 445 2677 bene:
479 2647 534 2678 sed
562 2658 644 2679 nunc
670 2648 742 2679 audi
767 2654 891 2689 argutos

236 2694 482 2726 Nasonislusus:
503 2696 781 2732 quncabsenS,e[C.
805 2698 889 2733 Quo-

965 1770 1049 1802 niam
1066 1770 1160 1801 tristis
1179 1781 1261 1801 mors
1279 1769 1374 1800 amati
1391 1769 1531 1811 conjugis
1552 1778 1621 1799 eam

964 1819 1007 1850 ita
1024 1820 1189 1854 afficiebat,
1201 1824 1234 1849 ut
1247 1819 1315 1860 ipsa
1331 1824 1457 1849 terrores
1473 1819 1539 1859 ejus
1553 1829 1622 1848 sen-

965 1869 1044 1904 tiret,
1056 1874 1219 1910 propterea
1235 1868 1320 1903 dicit,
1337 1878 1369 1898 se
1385 1869 1543 1898 absentem
1555 1867 1623 1908 jac-

963 1917 1031 1952 tari,
1056 1922 1097 1952 et,
1120 1916 1185 1947 sine
1209 1927 1251 1952 se,
1273 1927 1305 1947 se
1325 1917 1357 1946 in
1382 1922 1476 1958 ponto
1501 1920 1620 1945 natare.

963 1966 1129 2006 Comparat
1165 1964 1314 1996 Heinsius
1349 1964 1480 1995 similem
1518 1964 1621 1994 lusum

961 2014 1092 2044 Ausonii
1108 2014 1214 2055 Epigr.
1228 2015 1303 2044 103:
1326 2014 1416 2049 sada,
1429 2015 1476 2044 sed
1488 2015 1550 2044 sine
1565 2023 1619 2048 me,

959 2066 1028 2103 quin
1055 2070 1082 2093 te
1107 2064 1179 2093 sine.
1227 2063 1278 2093 ΜΘ
1301 2072 1409 2102 pontus
1429 2063 1526 2099 hahet,
1542 2068 1577 2092 ut
1599 2061 1620 2092 i.

960 2113 1023 2142 360
1038 2122 1086 2153 sq.
1113 2111 1246 2142 Lenzius
1261 2118 1360 2153 putat,
1377 2111 1438 2152 legi
1455 2121 1544 2152 posse
1558 2113 1620 2141 sine

960 2167 987 2191 te
1017 2171 1070 2196 me,
1100 2165 1131 2190 et
1148 2161 1269 2200 fluctus
1299 2159 1386 2191 intel.
1413 2159 1619 2190 calamitates.

958 2209 1135 2240 Mitscherl.
1165 2209 1373 2250 inter-pungit:
1404 2210 1457 2245 Et,
1477 2211 1540 2240 sine
1565 2220 1619 2244 me,

959 2270 1002 2289 me
1021 2265 1128 2298 pontus
1143 2259 1240 2289 habet.
1286 2258 1419 2289 Plurimi
1434 2259 1543 2299 legunt
1557 2260 1619 2289 sine

961 2319 1004 2338 me
1018 2314 1044 2338 te
1056 2314 1163 2347 pontus
1177 2308 1274 2337 habet.
1321 2308 1414 2338 Hanc
1432 2313 1618 2348 postremam

958 2356 1123 2387 lectionem
1147 2356 1264 2387 habent
1284 2355 1407 2387 codices
1432 2355 1527 2386 nostri
1552 2355 1618 2386 Re-

958 2405 1020 2446 gii;
1044 2405 1098 2436 sed
1122 2405 1195 2440 alia,
1223 2416 1292 2446 quae
1316 2411 1364 2436 est
1385 2411 1522 2446 recepta,
1539 2405 1615 2435 Ovi-

959 2454 1052 2484 diano
1068 2453 1190 2494 ingenio
1204 2453 1450 2491 convenientior,
1466 2454 1544 2484 bene
1558 2453 1614 2494 igi-

959 2508 1008 2533 tur
1031 2513 1099 2533 eam
1123 2502 1264 2533 defendit
1288 2502 1447 2537 Heinsius,
1470 2509 1504 2533 ut
1526 2513 1615 2533 Suum

959 2556 1059 2592 poetae
1085 2561 1217 2581 acumen
1239 2550 1403 2581 reddatur:
1428 2561 1509 2592 saepe
1534 2551 1616 2582 enim

960 2599 991 2629 in
1019 2598 1067 2629 his
1091 2599 1220 2639 argutiis
1248 2598 1361 2629 ludunt
1382 2599 1545 2640 scriptores
1570 2598 1616 2629 in-

959 2648 1075 2678 ferioris
1111 2653 1191 2679 notae
1209 2660 1217 2687 3
1251 2647 1305 2679 sed
1342 2647 1492 2688 Virgilius
1537 2658 1615 2679 nun-

960 2707 1065 2737 quam.
