1779 3130
349 159 968 200 METAMORPHOSEON
1002 159 1121 200 Llss.
1154 159 1290 201 VIII.
1464 164 1518 203 15

133 273 342 328 Clausit,
371 281 422 320 et
448 273 618 320 Aetaeo
655 273 728 320 bis
756 280 953 335 pastum
980 274 1221 335 sanguine
1247 282 1521 322 monstrum

131 349 300 396 Tertia
326 365 430 395 sors
457 349 598 395 annis
624 349 815 395 domuit
841 349 1052 411 repetita
1077 350 1308 407 novenis;
1430 354 1514 397 171

133 425 307 486 thue
333 441 427 487 ope
452 424 686 486 virginea,
715 424 863 470 nullis
890 425 1066 472 iterata
1091 425 1324 487 priorum,

131 500 294 546 Janua
319 501 530 546 difficilis
555 500 636 546 filo
662 506 739 546 est
758 499 958 545 inventa
982 501 1194 557 relecto3

132 575 367 621 Protinus
395 575 615 636 AEgides,
643 582 783 637 rapta
809 575 1048 630 Minoide,
1078 577 1208 622 Dian

130 651 254 697 Vela
278 652 443 708 dedit3
472 652 806 713 comitemque
833 668 972 698 suam
998 652 1212 698 crudelis
1238 653 1287 697 in
1313 653 1394 699 illo
1426 657 1515 700 175

133 726 296 774 Litore
322 728 542 774 deseruit
564 745 573 775 :
613 729 841 783 desertae,
870 736 919 775 et
944 730 1100 776 multa
1120 730 1362 791 querenti,

129 803 408 866 Amplexus
433 811 482 850 et
507 820 652 866 opem
680 804 826 851 Liber
851 805 991 852 tulit:
1033 813 1189 867 utque
1214 806 1418 868 perenni

134 879 309 925 Sidere
334 880 466 926 clara
490 879 631 935 foret,
660 888 908 943 sumptam
934 881 997 927 de
1022 881 1180 927 fronte
1205 897 1436 928 coronam

135 955 349 1001 Immisit
373 955 527 1003 coelo:
570 964 744 1004 tenues
769 958 902 1003 volat
927 958 1010 1003 illa
1034 973 1122 1019 per
1147 973 1317 1013 auras3

136 1031 372 1093 Dumque
386 1032 533 1087 volat,
553 1048 760 1093 gemmae
782 1033 974 1079 subitos
990 1040 1248 1079 vertuntur
1273 1033 1321 1078 in
1347 1032 1486 1094 ignes
1505 1052 1515 1090 ;

137 1107 531 1170 Consistuntque
553 1109 676 1164 loco,
696 1109 863 1172 specie
882 1116 1168 1156 remanente
1181 1108 1406 1163 Coronae,
1431 1112 1516 1156 181

137 1182 234 1237 Qui
256 1185 447 1230 medius
468 1184 673 1248 nixique
695 1202 825 1247 genu
845 1193 936 1241 est,
955 1201 1269 1248 anguemque
1288 1186 1520 1234 tenentis.

204 1259 303 1307 III.
324 1260 560 1308 Daedalus
577 1261 764 1308 interea
776 1261 977 1318 Creten,
994 1262 1300 1323 longumque
1317 1277 1521 1323 perosus

128 1418 220 1459 foras
235 1426 276 1449 est
291 1430 439 1461 egressus5
465 1430 484 1450 a
498 1419 611 1456 Plinio,
630 1421 733 1451 xxxvi.
751 1422 801 1452 19.

138 1469 256 1509 glomus
272 1469 328 1498 lini
346 1474 485 1500 vocatur.

187 1517 256 1548 174.
292 1518 342 1547 De
379 1518 453 1553 Dia,
483 1517 553 1548 vide
588 1517 627 1547 ad
656 1517 699 1548 iii.
728 1519 802 1549 597.

141 1565 237 1606 Apud
268 1566 450 1601 Homerum,
480 1565 564 1596 dicto
594 1567 671 1602 loco,
698 1566 803 1598 Diana

139 1613 260 1644 detinet
277 1614 438 1645 Ariadnen
453 1615 485 1645 in
507 1615 608 1645 insula
628 1615 702 1650 Dia,
720 1616 802 1646 Bac-

140 1662 198 1692 cho
224 1662 269 1692 sic
293 1663 427 1698 volente,
453 1663 505 1704 qui
530 1674 600 1693 eam
626 1663 713 1693 duxit
741 1675 798 1694 ux-

142 1721 237 1741 orem.
261 1711 386 1742 Confer.
405 1712 571 1747 Hesiodus,
585 1712 703 1753 Theog.
719 1714 800 1750 9473

141 1759 265 1795 Noster,
290 1760 417 1790 Heroid.
438 1760 470 1790 ii.
494 1761 558 1798 79,
582 1760 622 1790 iv.
639 1761 702 1798 593
726 1761 800 1791 Plu-

144 1808 282 1843 tarchus,
297 1808 390 1839 Thes.
405 1819 474 1850 cap.
490 1810 541 1839 20.
580 1809 683 1839 Nimis
698 1820 801 1840 rursus

143 1856 280 1892 festinat,
309 1857 496 1898 omittitque,
523 1868 570 1888 me
594 1857 714 1899 judice,
739 1869 800 1888 non

142 1905 326 1937 omittenda.
376 1907 438 1937 Par
467 1906 550 1936 enirn
578 1912 656 1942 erat,
685 1907 801 1937 Ariad-

143 1965 215 1989 nen,
244 1960 277 1984 ut
306 1960 425 1996 partem
454 1955 569 1985 fabulae
600 1955 801 1997 praecipuam,

143 2002 282 2043 pluribus
298 2009 416 2033 notare.

190 2052 260 2082 178.
277 2052 431 2091 Sumptam
453 2054 488 2082 de
505 2052 615 2093 fronte
637 2053 801 2093 coronam]

148 2100 199 2130 De
229 2100 377 2130 Ariadnae
404 2112 512 2131 corona
537 2100 608 2130 vide
632 2101 804 2142 Hyginum,

148 2149 236 2180 Poet.
254 2149 381 2179 Astron.
396 2149 472 2180 ii.5.
511 2150 626 2179 Corona
652 2156 698 2180 est
720 2150 806 2181 sidus

145 2208 255 2228 novem
285 2198 445 2228 stellarum
478 2199 510 2228 in
539 2198 612 2228 orbe
641 2198 805 2240 disposita-

145 2257 224 2282 rum,
241 2246 320 2277 inter
335 2247 514 2287 Engonasin
541 2253 571 2277 et
588 2247 803 2289 Ophiuchum,

146 2296 200 2336 qui
224 2306 350 2336 unguem
376 2302 455 2326 tenet
479 2296 630 2326 ambabus
651 2296 805 2326 manibus.

148 2344 287 2374 Datalem
313 2344 399 2374 illam
425 2356 561 2375 coronam
587 2350 679 2375 vocat
707 2345 803 2375 Clau-

147 2392 268 2428 dianus,
284 2404 315 2423 κ.
331 2394 411 2431 2723
437 2393 468 2423 id
490 2400 548 2428 est,
571 2403 590 2423 a
609 2393 737 2423 Baccho
757 2393 803 2423 illi

147 2441 179 2471 in
195 2441 299 2472 dotem
314 2442 430 2472 datam.
457 2442 635 2472 Secundum
647 2442 723 2472 alios
736 2441 805 2482 ipsa

148 2490 286 2520 Ariadne
311 2490 341 2520 in
371 2491 487 2521 coelum
518 2490 627 2520 relata.
676 2491 805 2531 Proper-

147 2538 221 2575 tius,
246 2539 312 2568 ΙΙΙ.
334 2550 385 2570 xv.
407 2540 439 2569 8.
465 2539 618 2578 Lyncilnts
644 2541 675 2569 in
702 2540 807 2569 coslum

150 2594 234 2618 vecta
258 2589 407 2618 Ariadna.
460 2588 510 2617 Ita
534 2594 565 2618 et
593 2588 717 2623 Noster,
744 2587 807 2618 III.

151 2637 175 2666 F
177 2642 234 2667 ast.
250 2638 310 2667 507
326 2647 394 2677 sqq.
429 2636 511 2667 Vide
527 2636 752 2668 Brouckusium
767 2635 808 2666 ad

152 2684 304 2726 Propertii
319 2684 436 2716 dictum
452 2685 566 2715 locum.

913 1421 1092 1451 183—259.
1109 1421 1262 1455 Doedalus,
1277 1420 1384 1450 Icarus
1399 1425 1430 1451 et
1447 1421 1520 1451 Per-

865 1472 926 1500 dix.
966 1470 1110 1500 Daedalus
1125 1469 1259 1499 Athenis
1274 1479 1311 1499 ex
1328 1469 1414 1510 regia
1429 1469 1522 1511 stirpe

866 1524 960 1554 ortus,
982 1518 1084 1548 occiso
1102 1518 1240 1552 Perdice,
1265 1517 1373 1547 sororis
1395 1517 1469 1553 filio,
1491 1518 1523 1549 in

867 1567 996 1597 Cretam
1020 1565 1100 1606 fugit
1120 1565 1160 1596 ad
1180 1565 1300 1595 Minoa.
1344 1565 1405 1595 Sed
1429 1571 1460 1596 et
1482 1566 1524 1597 ibi

867 1615 977 1656 capitis
999 1614 1177 1649 damnatus,
1195 1623 1211 1644 e
1234 1613 1376 1644 custodia
1402 1613 1525 1655 aufugit

868 1673 939 1693 cum
963 1663 1050 1694 Icaro
1073 1662 1148 1697 filio,
1172 1672 1268 1702 seque
1295 1660 1334 1691 ad
1362 1662 1523 1699 Cocalum,

868 1711 981 1741 Sieiliae
1005 1721 1122 1751 regem,
1149 1710 1292 1745 contulit,
1317 1709 1367 1740 cui
1393 1720 1462 1740 eam
1485 1712 1524 1741 ob

868 1770 996 1790 causam
1017 1759 1135 1789 bellurn
1159 1758 1233 1788 fecit
1256 1757 1379 1787 Minos:
1406 1759 1526 1790 Pausa-

868 1807 947 1842 nias,
968 1807 1050 1838 Ach.
1070 1818 1099 1848 p.
1124 1807 1198 1837 531.
1242 1805 1303 1836 Sed
1323 1806 1457 1841 Servius,
1485 1808 1526 1838 ad

868 1856 992 1896 Virgilii
1004 1855 1131 1886 AEneid.
1143 1855 1183 1886 vi.
1195 1856 1244 1885 14.
1260 1865 1276 1884 e
1293 1854 1431 1884 Sallustii
1447 1855 1526 1887 libro

868 1905 902 1934 II
925 1904 1142 1939 Historiarum,
1174 1908 1335 1938 memorat,
1364 1913 1435 1933 eum
1463 1905 1526 1943 pri-

869 1963 954 1983 mum
970 1952 1156 1988 Sardiniam,
1172 1956 1241 1993 post
1257 1951 1373 1981 Cumas
1388 1951 1526 1992 petiisse,

870 2002 976 2043 ibique
1000 2001 1141 2043 Apollini
1167 2001 1317 2042 templum
1340 2000 1529 2039 condidisse,

871 2051 999 2081 sacratis
1028 2050 1057 2080 ei
1084 2050 1152 2080 alis.
1205 2050 1244 2079 In
1274 2048 1389 2079 foribus
1419 2052 1527 2092 templi

871 2099 959 2129 istius
975 2099 1079 2129 omnia
1100 2098 1160 2129 ista
1183 2103 1375 2138 argumenta,
1391 2108 1460 2138 quae
1477 2100 1527 2131 hic

870 2148 1014 2189 legimus,
1031 2157 1176 2189 expressa
1201 2152 1299 2182 erant,
1318 2157 1388 2186 quae
1412 2146 1526 2179 descri-

870 2196 917 2226 bit
931 2195 1080 2236 Virgilius
1105 2195 1188 2225 dicto
1207 2194 1286 2230 loco,
1302 2204 1438 2235 quocum
1453 2206 1526 2226 con-

870 2245 915 2275 fer
935 2245 1056 2280 Silium,
1071 2243 1126 2274 xii.
1144 2244 1305 2274 89—103.
1350 2243 1460 2273 Totam
1484 2244 1530 2276 fa-

870 2294 978 2324 bulam
990 2293 1104 2323 Noster
1115 2297 1218 2322 narrat
1231 2291 1325 2322 etiam
1338 2291 1407 2322 Art.
1419 2292 1528 2325 Amat.

870 2342 904 2372 ii.
923 2344 960 2372 21
979 2353 1048 2383 sqq.
1093 2341 1218 2373 Confer.
1232 2347 1264 2371 et
1288 2340 1444 2381 Hyginus,
1461 2343 1502 2372 40
1519 2356 1528 2382 3

872 2391 1090 2433 Apollodorus,
1120 2391 1184 2421 III.
1207 2401 1259 2420 xv.
1286 2391 1316 2425 8,
1341 2390 1381 2426 9;
1404 2395 1435 2420 et
1463 2402 1526 2431 prae

873 2439 994 2470 caeteris
1019 2439 1186 2473 Diodorus,
1210 2437 1250 2467 iv.
1267 2438 1318 2468 76.
1341 2437 1392 2468 79.
1437 2439 1529 2475 Quod

873 2488 912 2519 de
935 2490 992 2518 alis
1016 2487 1143 2517 Daedali
1170 2486 1311 2522 traditur,
1336 2485 1367 2516 id
1393 2485 1432 2516 de
1453 2487 1529 2518 velis

872 2536 1108 2577 intelligendum
1133 2541 1190 2570 est,
1212 2545 1282 2576 quae
1306 2534 1423 2575 primus
1445 2535 1533 2566 inve-

875 2585 933 2621 nit,
950 2591 981 2616 et
996 2585 1108 2626 quibus
1131 2584 1257 2625 adjutus
1272 2593 1379 2613 secure
1397 2594 1451 2624 per
1466 2595 1531 2616 me·

875 2634 960 2664 diam
971 2633 1087 2664 Minois
1099 2633 1231 2663 classem
1244 2631 1374 2672 aufugit.
1394 2632 1531 2664 Telorum

876 2684 941 2713 alas
954 2682 1034 2712 dixit
1049 2681 1139 2723 Virg.
1156 2682 1232 2712 AEn.
1248 2680 1292 2711 iii.
1308 2681 1382 2712 520.
