1779 3130
211 178 296 219 360
593 177 642 216 P.
675 174 892 215 OVIDII
926 175 1205 217 NASONIS

212 292 499 353 Primaque,
527 306 625 336 non
652 289 810 336 solum
836 290 973 352 nigro
998 290 1199 337 liventia
1225 306 1391 346 succo,

206 368 394 414 Verum
419 366 568 413 etiam
595 381 850 427 generosa,
880 382 1133 429 novasque
1159 366 1403 413 imitantia
1427 383 1582 415 ceras.

209 445 317 492 Nec
342 445 432 491 tibi
458 451 722 499 castaneae,
752 459 831 490 me
857 445 1085 506 conjuge,
1114 460 1208 491 nec
1233 443 1323 490 tibi
1349 445 1560 491 deerunt

208 521 419 568 Arborei
444 521 603 577 fetus3
645 521 804 567 omnis
830 520 919 567 tibi
947 521 1127 567 serviet
1152 521 1312 568 arbos,
1399 523 1602 582 [errant,

209 598 319 646 Hoc
339 614 493 662 pecus
510 613 656 644 omne
673 614 841 644 meum
857 604 936 644 est
952 616 962 654 3
993 598 1160 643 multae
1179 613 1380 659 quoque
1395 599 1604 646 vallibus
1645 635 1652 639 .

208 675 398 722 Multas
418 675 541 722 silva
555 674 701 736 tegit3
730 675 899 721 multae
920 675 1233 721 stabulantur
1246 674 1296 721 in
1312 676 1464 722 antris
1485 680 1603 723 :822

209 749 336 807 Nec,
364 751 405 798 si
426 751 551 798 forte
578 766 738 812 rogeS,
767 751 953 814 possim
979 751 1068 797 tibi
1095 751 1278 806 dicere,
1307 760 1429 814 quot
1453 752 1567 800 sint.

207 828 452 891 Pauperis
479 835 556 874 est
580 843 838 874 numerare
864 844 1047 891 pecus:
1088 828 1150 875 de
1176 829 1405 875 laudibus
1431 829 1605 876 harum

209 905 294 951 Nil
310 904 430 951 mihi
451 903 743 951 credideris:
774 920 994 967 praesens
1015 912 1159 967 potes
1175 905 1284 968 ipsa
1300 906 1485 962 videre,
1505 909 1599 953 825

208 983 281 1028 Ut
304 983 389 1029 vix
414 981 693 1029 sustineant
715 982 990 1028 distentum
1015 982 1240 1029 cruribus
1266 983 1405 1030 uber.

209 1059 354 1114 Sunt,
381 1058 541 1105 fetura
565 1057 737 1113 minor,
765 1057 950 1121 tepidis
975 1058 1025 1104 in
1051 1058 1263 1105 ovilibus
1291 1059 1405 1121 agni
1427 1078 1437 1116 ;

210 1136 339 1183 Sunt
363 1151 581 1198 quoque,
610 1151 699 1198 par
724 1143 859 1192 aetas,
891 1135 1000 1182 aliis
1027 1135 1076 1181 in
1101 1136 1312 1183 ovilibus
1337 1136 1483 1182 haedi.

209 1213 308 1260 Lac
329 1213 448 1259 mihi
468 1229 665 1276 semper
690 1213 833 1260 adest
857 1213 1054 1260 niveum
1075 1230 1085 1260 :
1115 1229 1228 1276 pars
1250 1213 1365 1260 inde
1384 1213 1604 1260 bibenda

211 1291 468 1346 Servatum
510 1297 701 1353 partem
726 1289 996 1352 liquefacta
1020 1290 1228 1351 coagula
1253 1289 1450 1336 durant.
1507 1292 1602 1336 830

209 1367 318 1416 Nec
344 1367 433 1414 tibi
459 1367 650 1414 deliciae
675 1366 862 1423 faciles,
889 1367 1194 1429 vulgataque
1219 1373 1413 1413 tantum

252 1497 325 1527 817.
351 1496 503 1530 Lirentia,
523 1495 730 1536 nigricantia3
760 1496 870 1525 Horat.

208 1547 252 1577 [I.
267 1545 330 1576 Od.
343 1556 373 1574 v.
389 1546 403 1574 l
414 1546 438 1574 l.
455 1546 558 1574 lividos
574 1555 712 1574 racemos.
747 1544 809 1574 Sed
824 1543 872 1574 his

205 1597 403 1637 generosiora,
426 1592 651 1635 praestantiora,
675 1604 745 1634 quae
770 1593 871 1624 colore

206 1646 286 1676 flavo
310 1651 363 1674 aut
387 1642 572 1673 candicante
596 1653 684 1672 noras
710 1644 872 1673 imitantur

207 1706 300 1729 ceras,
332 1699 363 1724 et
386 1691 531 1733 Virgilio,
552 1691 623 1721 Eel.
650 1691 682 1721 ii.
706 1693 760 1722 53.
787 1703 871 1723 cerea

203 1755 308 1785 pruna
331 1741 495 1779 dicuntur3
518 1739 650 1776 Plinius,
675 1752 726 1771 xv.
757 1742 808 1771 13.
831 1741 870 1772 de

207 1791 331 1835 prunis:
369 1790 449 1820 Sunt
471 1795 499 1819 et
522 1791 613 1831 nigra
639 1800 673 1819 ac
698 1790 871 1820 laudatiora

206 1843 309 1872 cerina
333 1845 420 1879 atque
445 1849 613 1877 purpurea.
659 1837 709 1868 De
739 1839 870 1868 arbuteis

195 1891 316 1931 fetibus
330 1888 402 1918 vide
418 1886 458 1917 ad
475 1886 494 1916 i.
511 1888 581 1917 104.
616 1886 678 1917 Sed
695 1897 752 1927 ego
768 1897 784 1917 e
800 1887 869 1928 plu-

206 1939 292 1970 ribus
306 1937 400 1968 MSS.
417 1937 532 1966 arborei
548 1935 648 1976 (quod
661 1935 756 1966 habet
771 1935 869 1966 codex

207 1994 310 2018 noster
332 1987 414 2026 Reg.
428 1984 487 2022 A.)
507 1983 661 2019 revocavi,
681 1984 755 2025 quia
776 1984 869 2025 Poly-

206 2037 339 2079 phemus
370 2034 521 2065 delicatos
558 2033 677 2063 fructus
705 2033 868 2074 promittit,

207 2096 295 2120 uvas,
311 2093 421 2125 pruna,
439 2088 500 2112 etc.
525 2087 557 2112 et
579 2081 678 2117 addit,
701 2084 794 2112 omnis
814 2081 869 2112 tibi

206 2133 319 2165 serviet
338 2134 443 2168 arbos;
467 2131 520 2160 tibi
538 2132 654 2166 sert-iet,
677 2129 731 2160 tibi
753 2130 870 2161 fructus

206 2184 300 2220 feret3
323 2181 463 2212 similiter
486 2182 597 2210 servire
620 2179 704 2221 apud
731 2179 867 2210 Plinium

206 2234 239 2263 in
254 2231 353 2273 Epist.
369 2236 400 2260 et
414 2230 446 2259 in
463 2229 584 2269 Paneg.

251 2281 325 2311 821.
350 2279 468 2314 Multae,
485 2277 552 2308 scil.
571 2287 653 2312 oves,
667 2287 685 2307 e
705 2286 767 2307 ver.
785 2277 843 2307 781
861 2289 870 2316 3

206 2328 400 2363 Theocritus,
410 2338 474 2357 ver.
487 2328 538 2357 34.
549 2326 633 2366 βοτὰ
646 2326 736 2367 χιλια
747 2325 866 2365 βόσκω·

206 2377 368 2418 Virgilius,
394 2386 460 2406 ver.
484 2376 536 2405 21.
561 2375 650 2404 Mille
670 2386 737 2404 meae
761 2375 871 2404 Siculis

207 2434 313 2457 errant
335 2428 365 2455 z'n
383 2426 529 2455 montibus
550 2436 654 2466 agate:
681 2424 736 2454 sed
757 2423 871 2454 Noster

206 2478 237 2507 in
254 2475 370 2506 talibus
385 2473 528 2504 omnibus
537 2472 687 2514 copiosior
701 2483 766 2503 esse
778 2473 868 2503 solet.

252 2524 327 2554 826.
344 2524 531 2558 Sustineant,
547 2521 622 2551 ferre
638 2521 766 2562 possint.
790 2522 869 2551 Cru-

207 2575 300 2607 ribns,
315 2572 394 2601 inter
407 2580 507 2601 crura.
554 2569 680 2605 Fetum,
697 2568 755 2610 ipsi
777 2569 868 2600 setus.

210 2623 327 2662 Trepidis
341 2622 420 2651 bene
440 2630 456 2650 e
473 2625 584 2650 natura
603 2619 797 2649 stabulorum
813 2619 868 2649 ad-

206 2672 318 2702 ditum.
362 2670 462 2704 Dixit,
489 2680 548 2708 pur
581 2675 661 2703 teins,
699 2678 770 2703 non,
801 2667 867 2709 pari

207 2726 311 2755 aetate,
329 2718 402 2759 quia
421 2725 491 2748 teras
509 2718 603 2748 etiam
623 2718 662 2748 de
679 2717 865 2753 hominibus,

938 1495 1012 1526 hinc
1026 1497 1203 1537 pecoribus,
1221 1501 1313 1526 certae
1329 1495 1439 1530 aetatis,
1454 1494 1605 1536 imprimis

937 1549 1051 1574 tenerae
1067 1544 1194 1575 dicitur.
1222 1545 1300 1574 Aliis
1314 1545 1345 1573 in
1361 1545 1509 1580 orilibns5
1534 1542 1604 1573 dili-

938 1599 1047 1633 genter
1057 1594 1139 1624 enim
1156 1592 1329 1624 secundum
1342 1593 1522 1627 Homerum,
1537 1602 1602 1622 ver.

938 1642 1012 1672 220.
1028 1642 1113 1673 varia
1127 1652 1275 1684 pecorum
1292 1651 1415 1671 suorum
1429 1651 1544 1681 genera
1557 1651 1603 1671 se-

937 1691 1080 1733 parabat,
1097 1692 1286 1732 seorsimque
1303 1689 1497 1721 includebat.
1531 1690 1604 1720 Ple-

937 1751 1068 1782 rumque
1093 1747 1198 1771 tamen
1221 1746 1252 1771 et
1269 1750 1341 1770 oves
1362 1745 1393 1770 et
1416 1749 1518 1781 caprae
1542 1749 1603 1769 uno

937 1795 1025 1830 septo
1046 1789 1290 1828 clauclebantur3
1316 1788 1389 1819 hinc
1414 1789 1489 1818 ovile
1509 1788 1603 1819 etiam

938 1839 1097 1868 stabulum
1118 1837 1289 1873 haedorum,
1310 1842 1437 1867 notante
1457 1837 1602 1868 Bentleio

937 1887 977 1917 ad
994 1888 1102 1917 Horat.
1118 1887 1147 1917 1.
1165 1886 1227 1918 Od.
1245 1886 1318 1916 xvii.
1334 1887 1367 1916 9.

980 1936 1054 1966 829.
1078 1936 1142 1966 Lac
1162 1936 1234 1965 mihi
1254 1946 1375 1974 semper,
1395 1934 1472 1975 etc.]
1497 1935 1599 1965 Tanta

936 1983 1012 2014 mihi
1036 1990 1083 2014 est
1102 1985 1206 2014 ovium
1229 1984 1329 2025 copia,
1353 1989 1387 2014 ut
1406 1984 1455 2014 lac
1479 1994 1602 2023 semper,

937 2033 1046 2074 quovis
1064 2032 1137 2063 anni
1162 2040 1312 2074 tempore,
1336 2038 1506 2074 suppetat3
1530 2033 1603 2064 Vir-

936 2082 1039 2122 gilius,
1069 2092 1132 2112 ver.
1156 2083 1208 2112 22.
1235 2081 1299 2112 Lac
1324 2082 1396 2111 mihi
1417 2093 1476 2112 ozon
1503 2088 1604 2112 (estate

937 2142 1056 2166 nomini,
1080 2142 1135 2160 non
1149 2131 1274 2172 frigore
1294 2131 1377 2170 defit,
1395 2137 1426 2161 et
1445 2130 1603 2162 Theocrit.

938 2190 1000 2210 ver.
1019 2181 1073 2210 36.
1094 2179 1133 2210 de
1155 2189 1257 2214 caseO,
1274 2180 1379 2220 Τυρὸς
1396 2178 1420 2209 δ’
1440 2180 1478 2210 οὐ
1498 2180 1604 2210 λείπει

937 2228 967 2268 μ’
981 2228 1045 2260 οὔτ’
1057 2228 1093 2260 ἐν
1106 2228 1197 2269 Θέρει,
1211 2234 1272 2259 etc.
1298 2229 1376 2258 Pars
1387 2222 1456 2259 inde
1466 2230 1601 2265 bibenda,

937 2283 999 2307 etc.
1021 2289 1059 2308 ex
1077 2278 1224 2313 Homero,
1246 2287 1310 2307 ver.
1328 2278 1402 2308 246.
1423 2278 1522 2318 ἥμισυ
1541 2279 1602 2319 μὲν

936 2326 1058 2368 Ops-«bag
1078 2328 1204 2357 λευκοῖο
1224 2326 1552 2368 γάλακτος-’Ἠμισυ
1572 2326 1601 2358 δ’

937 2376 1004 2406 αὖτ’
1025 2376 1162 2414 ἔστησεν
1181 2375 1217 2407 έν
1231 2377 1379 2417 ἄγγεσιν,
1401 2376 1483 2417 ὄφρα
1505 2375 1533 2406 οὶ
1553 2376 1601 2414 εἴη

938 2425 1051 2456 Πίνειν
1066 2423 1259 2464 δαινυμένῳ.
1280 2424 1425 2465 Caligula,
1439 2424 1601 2465 particulae

936 2473 1102 2503 ventriculi
1126 2472 1249 2502 vitulini
1269 2479 1360 2502 sectae
1382 2478 1413 2502 et
1437 2482 1518 2513 aqua
1535 2483 1600 2502 ma-

937 2527 1060 2557 ceratae,
1082 2521 1197 2562 quibus
1218 2520 1362 2551 immissis
1383 2521 1432 2550 lac
1455 2522 1600 2556 duratur,

937 2570 1058 2611 cogitur
1094 2570 1127 2600 in
1151 2580 1321 2609 'inassam3
1356 2568 1516 2599 Theocrit.
1544 2569 1598 2599 66.

933 2618 1072 2659 τὰμισον
1085 2617 1230 2659 δριμεῖαν
1244 2617 1365 2648 ἐνεῖσα.
1402 2618 1466 2647 Par
1482 2618 1576 2648 colum
1586 2636 1594 2639 -

935 2669 1050 2715 bgrnm,
1075 2667 1230 2697 Theocrit.
1255 2678 1284 2697 v.
1308 2667 1360 2697 96.
1412 2666 1501 2707 Virg.
1528 2665 1598 2696 Ecl.

935 2716 979 2747 iii.
994 2718 1045 2747 68.
