1779 3130
372 155 991 199 METAMORPHOSEON
1023 156 1142 198 LIB.
1175 156 1267 198 XI.

1414 157 1503 199 253

126 270 350 318 Forsitan
368 269 568 317 inferius
593 287 690 317 non
710 270 926 318 Hectore
947 287 1126 318 nomen
1146 271 1381 329 haberet3
1406 273 1505 319 760

124 346 361 399 Quamvis
386 353 463 393 est
485 346 623 392 illum
649 348 810 410 proles
836 347 985 394 enixa
1011 347 1294 410 Dymantis.

124 421 337 469 AEsacon
362 422 594 468 umbrosa
617 421 783 468 furtim
809 423 1061 486 peperisse
1087 424 1179 469 sub
1206 423 1298 470 Ida

125 496 300 543 Fertur
323 496 609 552 Alexirhoe,
638 498 855 545 Granico
880 506 995 546 nata
1019 499 1225 546 bicorni.

126 572 313 619 Oderat
336 572 416 619 hic
440 573 616 630 urbes3
657 574 916 637 nitidaque
940 582 1160 622 remotus
1186 576 1249 621 ab
1275 576 1388 622 aula

128 649 358 696 Secretos
385 657 595 705 montes,
623 657 674 697 et
698 650 1012 698 inambitiosa
1037 651 1236 698 colebat

1409 653 1504 698 765

125 724 289 781 Rura3
330 741 422 772 nec
449 725 627 772 Iliacos
652 734 828 782 coetus,
856 727 950 774 nisi
977 742 1132 782 raruS,
1161 726 1347 774 adibat.

126 799 172 846 N
178 817 240 847 on
265 808 459 863 agreste
484 808 667 858 tamen,
694 818 786 849 nec
817 802 1206 866 inexpugnabile
1231 801 1402 848 Amori

125 985 194 1015 quae
217 974 308 1005 furcae
328 974 462 1005 bicornis
485 974 653 1005 ministerio
677 974 782 1006 levata

124 1022 181 1052 sit:
199 1028 293 1064 atque
310 1023 367 1053 hoc
380 1023 446 1053 vult
461 1022 555 1053 etiam
566 1022 780 1054 Schirachius:

125 1070 179 1101 sed
209 1071 247 1102 de
278 1072 371 1102 verbo
405 1078 511 1101 conata
546 1071 638 1102 silent
666 1082 782 1102 omnes.

126 1118 210 1155 Quid
228 1119 309 1149 enim
324 1119 382 1149 hoc
399 1125 457 1153 est,
473 1119 583 1149 mulier
599 1118 721 1159 pariens
736 1131 782 1149 co-

126 1174 221 1197 natur
240 1168 353 1208 gracili
373 1168 507 1197 bicorni?
552 1167 687 1197 Facilius
707 1167 784 1198 forte

127 1215 265 1257 expediri
281 1221 392 1257 posset,
409 1218 534 1246 conrzz'ia
551 1217 675 1246 bicorni.
721 1216 784 1246 Sed

125 1264 274 1305 praecedit
296 1266 405 1301 ενιίπας
429 1269 460 1295 et
484 1265 592 1299 levata,
609 1263 692 1305 quod
715 1275 783 1306 pro-

127 1313 192 1354 prie
215 1313 254 1344 de
277 1313 469 1355 parientibus
492 1318 665 1354 usurpatur,
683 1323 787 1344 versus

127 1361 255 1402 respuit.
290 1361 437 1392 Heinsius
452 1361 545 1402 igitur
561 1361 689 1402 recepit,
702 1361 786 1402 quod

128 1416 158 1440 et
177 1409 297 1440 Pierius
313 1410 419 1440 Valer.
436 1410 488 1440 lib.
505 1409 548 1440 iii.
564 1409 702 1450 Hierogl.
717 1420 787 1451 cap.

128 1459 161 1489 9.
198 1465 348 1494 suaserat,
384 1459 518 1489 Granico
555 1465 629 1489 mita
666 1460 788 1489 bicorni.

129 1507 221 1544 Quod
243 1518 298 1538 cur
321 1517 438 1538 merum
454 1517 558 1538 versus
578 1507 787 1549 complemen-

130 1561 196 1586 tum
217 1566 235 1586 a
251 1555 429 1586 Schiracliio
449 1555 581 1591 dicatur,
598 1566 659 1586 non
675 1555 783 1586 video:

130 1614 212 1645 saepe
231 1604 313 1634 enim
334 1604 377 1634 ita
397 1603 522 1634 additur
542 1614 655 1634 nomen
670 1603 784 1645 patris:

130 1662 231 1693 neque
253 1653 359 1693 negari
377 1657 489 1693 potest,
506 1652 685 1688 Granicum,
701 1652 787 1682 nobi-

131 1700 193 1732 lem
205 1701 349 1742 Phrygiae
365 1701 504 1737 fluvium,
515 1701 609 1732 etiam
620 1701 652 1731 in
666 1701 787 1742 mytho-

131 1750 214 1790 logia
237 1760 406 1780 occurrere.
453 1750 574 1780 Cornua
596 1760 667 1780 vero
689 1749 790 1781 fluviis

132 1798 225 1829 tribui
241 1798 298 1840 ipsi
311 1798 473 1828 docuimus
488 1798 527 1828 ad
543 1798 587 1828 ix.
602 1800 631 1828 1.
655 1798 717 1829 Sed
731 1798 789 1829 hoc

132 1857 181 1877 me
205 1846 344 1882 offendit,
365 1846 449 1888 quod
472 1857 526 1887 pro
551 1846 686 1882 arbitrio,
704 1847 791 1877 nulla

132 1895 284 1937 probabili
307 1905 401 1925 causa
422 1894 530 1930 allata,
549 1895 634 1926 locus
656 1895 701 1926 ita
722 1906 790 1926 mu-

131 1948 214 1973 tatus
230 1949 286 1973 est.
310 1943 429 1973 Eodem
443 1943 525 1973 enim
535 1944 604 1984 jure
615 1943 695 1974 alius
706 1944 791 1974 aliud

133 1991 219 2022 fluvii
255 2002 368 2022 nomen
406 1991 456 2022 hic
492 1991 648 2022 intrudere
685 1992 791 2033 possit.

134 2040 227 2071 Certe
242 2041 440 2071 Burmannus
458 2040 581 2076 suadet,
598 2040 708 2082 Sagari
722 2052 790 2083 cog-

134 2095 207 2119 ἰιαία
231 2090 364 2126 bicorni3
390 2089 552 2129 Sagarium
575 2094 629 2119 aut
652 2089 791 2130 Sagarim

134 2138 263 2168 fiuvium
278 2138 396 2168 dictum
412 2148 479 2168 esse
495 2148 513 2168 a
525 2138 643 2178 Sagari,
654 2138 791 2179 Myndo-

136 2187 183 2217 nis
211 2192 243 2217 et
266 2186 451 2217 Alexirhoes
479 2186 552 2222 filio,
576 2186 629 2228 qui
657 2187 794 2227 potuerit

136 2235 230 2266 filiam
247 2235 391 2266 habuisse
407 2245 444 2265 ex
464 2235 572 2265 matris
590 2246 653 2265 suae
671 2236 794 2266 nomine

134 2284 324 2315 Alexirhoen
351 2283 479 2314 dictam.
536 2284 674 2324 Sagarim
705 2295 793 2325 porro

136 2334 200 2365 dici
215 2336 371 2369 bicornem,
387 2334 463 2364 forte
479 2333 552 2374 quia
569 2333 690 2364 duobus
709 2333 796 2364 ostiis

138 2383 169 2414 in
185 2393 269 2413 mare
284 2382 404 2412 exierit.
444 2384 644 2423 Quamquam
661 2381 705 2412 vir
721 2381 794 2412 doc-

137 2431 202 2463 tiss.
234 2432 341 2472 Gierig
370 2441 431 2462 non
454 2430 566 2461 viderit
595 2441 649 2461 cur
672 2430 794 2460 Heinsii

138 2480 316 2512 emendatio
330 2490 448 2510 merum
464 2490 568 2510 versus
583 2479 794 2521 complemen-

138 2534 205 2560 tum
222 2539 240 2560 a
254 2528 432 2559 Schirachio
446 2528 538 2559 fuerit
549 2528 644 2563 dicta,
657 2534 795 2559 attamen

139 2578 277 2618 ejusdem
300 2577 396 2619 ipsius
412 2578 520 2619 Gierig
539 2577 724 2608 sententiam
748 2586 794 2607 se-

142 2632 242 2661 cutus,
259 2636 312 2667 pro
335 2625 458 2656 arbitrio
482 2632 514 2656 et
534 2626 621 2656 nulla
642 2624 796 2666 probabili

143 2684 239 2706 causa
267 2674 364 2706 allata
396 2680 550 2706 mutatum
579 2674 662 2706 hunc
691 2674 796 2704 locum

850 981 943 1016 puto;
972 980 1004 1005 et
1027 985 1123 1016 quum
1150 974 1292 1016 plerique
1318 972 1454 1010 codices,
1477 980 1508 1005 et

851 1024 944 1054 nostri
959 1023 1054 1054 etiam
1070 1022 1165 1063 Regii
1182 1022 1214 1052 in
1229 1021 1261 1052 id
1284 1032 1381 1053 unum
1399 1024 1511 1064 gracili

850 1079 957 1102 conata
983 1073 1097 1101 bicorni
1122 1070 1327 1106 consentiant,
1351 1070 1418 1101 haec
1442 1071 1510 1102 sola

851 1120 944 1151 lectio
959 1118 1110 1150 servanda
1126 1118 1201 1148 mihi
1217 1118 1353 1149 videtur.

896 1168 970 1198 764.
990 1168 1103 1197 Oderat
1119 1168 1166 1197 hic
1181 1166 1294 1206 urbes]
1315 1166 1429 1197 Confer
1442 1176 1510 1197 ver-

851 1227 919 1247 sum
937 1216 1008 1246 146.
1056 1215 1175 1245 colebat
1190 1214 1249 1244 hoc
1265 1215 1333 1245 loco
1348 1214 1392 1245 ita
1406 1225 1513 1256 sump-

852 1265 927 1295 sisse
942 1264 1063 1294 videtur
1079 1263 1263 1294 Lactantius
1278 1269 1312 1293 ut
1327 1263 1371 1293 ibi
1389 1264 1511 1302 monui;

853 1324 923 1344 nam
940 1313 971 1343 in
988 1312 1120 1353 Argum.
1134 1312 1202 1342 haec
1216 1311 1330 1342 habet:
1362 1313 1513 1342 urbanum

852 1367 1032 1401 apparatum
1059 1361 1232 1400 cultumque
1257 1371 1348 1400 quum
1376 1361 1457 1390 silvis
1485 1367 1515 1391 et

855 1412 949 1441 labori
966 1411 1183 1450 postposuisset.
1229 1409 1305 1439 Erat
1320 1408 1403 1439 idem
1418 1409 1513 1441 inter·

854 1470 924 1500 pres
939 1458 1138 1493 somniorum,
1156 1456 1210 1499 qui
1226 1457 1371 1487 Paridem
1386 1458 1514 1488 fratrem

852 1506 966 1548 exponi
977 1506 1090 1548 jussit;
1114 1505 1335 1547 Apollodorus,
1374 1505 1512 1537 Nitor-em

853 1555 996 1586 aularum
1015 1561 1084 1596 post
1099 1554 1226 1585 Lucret.
1242 1553 1275 1584 ii.
1290 1554 1331 1584 24
1346 1564 1417 1595 sqq.
1433 1566 1513 1596 prae-

853 1604 936 1634 clare
965 1602 1113 1634 describit
1139 1602 1303 1644 Virgilius,
1332 1603 1450 1644 Georg.
1479 1602 1515 1634 ii.

854 1653 929 1683 463.
951 1657 982 1683 et
1005 1652 1077 1683 Cul.
1097 1652 1149 1682 61.
1196 1652 1303 1682 Nitere
1330 1651 1445 1693 passim
1474 1652 1514 1684 de

854 1708 964 1733 ornatu
994 1701 1107 1732 aedium
1139 1706 1171 1731 et
1198 1700 1334 1739 divitiis3
1359 1700 1515 1738 Tibullus,

856 1751 917 1781 IV.
935 1750 956 1781 i.
973 1751 1045 1781 183.
1063 1761 1154 1790 quum
1168 1751 1284 1791 magnis
1298 1751 1399 1789 opibus
1413 1751 1516 1781 domus

857 1801 923 1830 alta
948 1802 1071 1830 niteret.
1119 1798 1322 1834 Inambitiosa,
1346 1798 1401 1829 ubi
1424 1809 1516 1830 nemo

857 1849 954 1880 ambit
978 1848 1109 1878 honores
1131 1847 1309 1888 gratiasque
1329 1852 1514 1888 potentum:

857 1908 918 1939 quo
933 1907 1001 1928 voc.
1017 1896 1101 1938 quod
1121 1897 1160 1926 ab
1180 1896 1246 1937 ipso
1262 1896 1376 1927 Ovidio
1398 1897 1513 1927 sactum

857 1947 1035 1980 observant,
1053 1945 1132 1975 bene
1155 1949 1266 1974 natura
1284 1950 1315 1975 et
1335 1944 1517 1986 simplicitas

857 1993 1061 2035 agricolarum
1098 1997 1222 2023 notatur
1236 2004 1244 2030 ;
1282 1992 1441 2029 Horatius,
1470 1994 1516 2025 II.

857 2043 955 2073 Serm.
970 2041 1014 2072 vi.
1031 2042 1080 2072 16.
1097 2041 1180 2082 Ergo
1195 2042 1247 2071 ubi
1261 2051 1306 2071 me
1320 2043 1351 2071 iu
1367 2048 1476 2072 montes
1488 2049 1518 2072 et

857 2093 890 2121 in
905 2102 1003 2121 arcem
1017 2101 1050 2120 eu:
1069 2090 1143 2119 urbe
1157 2091 1276 2125 removi,
1293 2089 1363 2119 Non
1376 2091 1459 2120 mala
1473 2101 1517 2121 me

857 2141 977 2170 ambitio
990 2141 1100 2179 perdit.

903 2189 978 2219 767.
1009 2189 1143 2229 Agreste,
1172 2187 1283 2217 durum
1312 2192 1343 2217 et
1371 2186 1517 2219 invenus-

858 2243 938 2267 tum.
987 2237 1116 2275 Copten-e
1138 2235 1286 2277 puellam,
1308 2245 1377 2265 eam
1399 2236 1517 2277 ubique

860 2296 1008 2327 quaerere,
1024 2295 1146 2315 omnem
1161 2294 1283 2326 operam
1297 2284 1382 2319 dare,
1400 2292 1433 2315 ut
1448 2295 1518 2316 eam

860 2333 976 2369 videre,
986 2339 1018 2364 et
1030 2344 1101 2364 cum
1117 2343 1155 2363 ea
1167 2332 1303 2373 colloqui
1316 2332 1429 2373 possis:
1447 2333 1518 2364 vide

862 2382 946 2412 Fast.
974 2382 1015 2411 vi.
1039 2382 1102 2412 334
1130 2391 1200 2422 sqq.
1246 2380 1420 2419 Hesperien.
1464 2382 1516 2414 Sic

860 2431 973 2470 vulgo;
1007 2429 1168 2460 Planudes
1194 2428 1366 2469 Ἠπερίην.
1424 2430 1518 2471 Regii

861 2479 955 2510 nostri
971 2480 1119 2518 Eperien,·
1135 2478 1178 2508 ita
1190 2484 1221 2508 et
1233 2476 1357 2519 plurimi
1369 2483 1431 2508 vet.
1440 2483 1520 2511 teste

861 2527 1002 2558 Heinsio.
1050 2528 1204 2562 Cebrenia,
1216 2536 1288 2568 pars
1300 2526 1440 2567 Trojanae
1458 2533 1518 2559 ter-

861 2576 983 2612 rae,ubi
1006 2575 1118 2606 fluvius
1143 2575 1294 2605 Cebrenis.
1340 2575 1519 2607 Secundum

862 2625 1085 2665 Apollodorum
1105 2623 1196 2654 duxit
1210 2624 1384 2665 Asteropen
1405 2630 1469 2661 aut,
1486 2631 1520 2657 ut

863 2671 1521 2714 aliiexhibent,Steropen‚Cebrenisfiliam.
