1779 3130
354 164 972 206 METAMORPHOSEON
996 165 1114 206 LIB.
1147 165 1282 206 VIII.
1451 167 1502 206 11

124 275 356 323 Officium
381 278 471 324 tibi
496 279 588 326 sit:
628 286 677 326 te
700 294 813 326 vere
832 280 1043 341 conjuge
1069 278 1219 341 digna
1242 286 1333 334 est,
1412 283 1498 326 131

125 351 248 405 Quae
274 360 464 400 torvum
487 355 619 417 ligno
644 356 844 419 decepit
867 356 1090 403 adultera
1112 362 1334 412 taurum;

125 426 520 493 Discordemque
545 438 683 478 utero
708 431 879 477 foetum
899 432 1037 478 tulit:
1067 432 1246 494 ecquid
1273 432 1336 478 ad
1361 447 1503 479 aures

125 503 426 553 Perveniunt
449 523 560 554 mea
577 508 711 554 dicta
734 508 876 554 tuas?
913 523 975 553 an
999 507 1165 554 inania
1188 507 1320 555 venti

125 579 292 627 Verba
314 581 502 638 ferunt;
531 583 763 646 idemque
787 591 914 637 ωδε,
942 584 1148 644 ingrate,
1166 584 1390 630 carinas?
1413 587 1503 631 135

124 656 154 702 J
160 673 233 703 am
255 659 360 720 jam
388 659 670 722 Pasiphaen
693 676 790 706 non
817 666 894 706 est
916 659 1137 706 mirabile
1162 667 1356 706 taurum

126 733 466 797 Praeposuisse
491 736 608 783 tibi:
649 743 703 782 tu
728 736 839 798 plus
864 735 1072 781 feritatis
1098 735 1336 781 habebas,

126 808 213 856 Me
238 811 492 857 miseram!
520 827 781 874 properare
799 812 967 873 juvat:
1006 811 1299 873 divulsaque
1325 813 1472 858 remis

128 884 278 932 Unda
301 894 471 934 sonat:
500 904 695 934 mecum
722 888 865 934 simul
892 888 979 934 ah!
1010 904 1121 934 mea
1146 895 1276 934 terra
1301 890 1503 936 recedit.

125 961 210 1007 Nil
235 963 355 1024 agis,
383 980 411 1009 O
435 963 614 1010 frustra
640 964 926 1010 meritorum
951 964 1103 1010 oblite
1129 980 1378 1012 meorum:
1414 968 1505 1011 140

125 1037 368 1101 Insequar
390 1040 624 1096 invitum3
654 1042 962 1104 puppimque
988 1042 1219 1104 amplexa
1235 1057 1503 1098 recurvam,

125 1113 223 1161 Per
233 1114 356 1162 freta
370 1116 517 1178 longa
532 1117 744 1163 trahar.''
781 1117 879 1163 Vix
896 1117 1089 1164 dixerat
1106 1136 1115 1173 3
1146 1117 1299 1164 insilit
1314 1119 1472 1165 undas
1491 1137 1501 1175 ;

124 1223 176 1254 via
190 1224 275 1254 verbi
299 1224 533 1264 significatione,
554 1231 680 1256 notante
702 1227 782 1256 Bur-

125 1283 251 1303 manno.
289 1273 370 1304 Vide
397 1285 451 1304 nos
474 1274 513 1304 ad
535 1274 683 1310 Plinium,
708 1276 782 1306 VII.

126 1322 182 1355 1⁴21).
218 1322 279 1353 ³4³³.
304 1325 334 1353 5.
382 1323 533 1363 Officium,
573 1323 647 1364 quia
680 1325 782 1354 sceleri

126 1371 301 1412 oppositum
330 1377 377 1402 est
404 1372 603 1402 beneficium.
662 1372 782 1409 Cicero,

128 1419 167 1449 ad
198 1420 272 1450 Her.
301 1420 333 1450 ii.
366 1422 414 1451 17.
442 1423 533 1460 plura
563 1421 672 1461 officia,
696 1434 782 1461 quum

128 1470 286 1509 vrialqficIa.

174 1519 243 1548 132.
260 1519 332 1552 Quae
349 1526 462 1549 torvum
480 1520 572 1560 ligno,
589 1519 667 1559 εἶα]
684 1520 781 1550 Acer-

128 1566 254 1598 bissima
282 1568 478 1609 exprobratio
507 1567 545 1598 de
574 1568 726 1598 horrendo
753 1573 784 1598 et

130 1617 264 1647 nefando
284 1617 455 1658 Pasiphaes
469 1616 601 1658 flagitio.
629 1616 784 1657 Pasiphae

128 1666 222 1702 enim,
260 1665 375 1696 Minois
408 1666 531 1706 conjux,
569 1675 665 1705 quum
699 1670 786 1695 tauro

131 1721 281 1750 ureretur,
298 1715 351 1756 qui
367 1724 494 1744 vaccam
516 1713 637 1744 mulieri
661 1714 786 1754 praefer-

131 1770 189 1800 ret,
220 1764 371 1794 Daedalus
398 1763 470 1793 fecit
494 1773 621 1793 vaccam
648 1763 787 1803 ligneum,

131 1815 212 1845 corio
232 1813 402 1848 inductam,
419 1813 449 1842 in
467 1823 528 1853 qua
549 1811 701 1852 Pasiphae
716 1821 787 1841 cum

129 1869 217 1894 tauro
239 1863 417 1897 concubuit,
440 1872 478 1891 ex
498 1871 597 1901 eoque
619 1859 787 1890 concubitu

131 1912 345 1942 Minotaurum
368 1909 498 1952 peperit,
528 1908 630 1950 capite
658 1909 786 1944 bubulo,

131 1967 219 2003 parte
241 1960 382 1990 inferiore
407 1959 564 1995 humana;
587 1958 659 1988 hinc
679 1959 788 1988 discors

121 2010 232 2050 foetus.
276 2008 495 2050 Apollodorus,
523 2008 586 2037 ΙΙΙ.
608 2007 629 2037 i.
653 2008 694 2044 43
719 2007 786 2047 Hy-

130 2059 232 2100 ginus,
255 2059 318 2089 fab.
337 2059 389 2088 40.
436 2057 647 2098 Palaephatus,
669 2066 740 2097 cap.
757 2057 788 2086 2.

133 2108 271 2139 fabulam
301 2107 470 2143 examinat,
504 2111 667 2148 putatque,
704 2105 786 2136 hunc

135 2157 269 2187 Taurum
297 2156 390 2186 fuisse
414 2155 578 2185 formosum
606 2153 786 2184 adolescen-

134 2205 246 2241 tulum,
266 2205 333 2246 qui,
356 2215 452 2245 quum
474 2203 579 2234 Minos
600 2202 788 2244 genitalibus

131 2254 301 2294 aliquando
310 2252 649 2288 laboraret‚officiosum
663 2262 695 2282 se
710 2262 785 2292 prae-

131 2302 246 2333 stiterit
275 2302 341 2343 ejus
370 2301 505 2342 conjugi.
551 2300 692 2341 Heynius
716 2310 788 2330 vero

134 2351 175 2382 ad
191 2351 370 2391 Virgilium,
397 2350 524 2380 AEneid.
543 2349 586 2379 vi.
611 2350 664 2379 26.
689 2348 788 2389 suspi-

134 2405 234 2435 catur,
253 2399 389 2429 fabulam
406 2409 443 2428 ex
460 2404 530 2428 noto
546 2398 659 2432 Cretae,
675 2396 788 2427 Siciliae

134 2454 166 2479 et
194 2448 294 2479 Italiae
329 2447 513 2477 emblemate
539 2447 677 2482 ductam,
707 2445 789 2486 quod

136 2498 266 2539 figuram
291 2497 371 2528 tauri
394 2507 465 2527 cum
484 2495 584 2537 capite
600 2495 655 2526 viri
670 2493 791 2525 barbati

136 2546 324 2581 exhibuerit,
350 2545 414 2576 sive
441 2544 473 2574 id
502 2544 592 2585 patrii
618 2542 704 2573 fluvii
731 2542 791 2582 sig-

137 2606 213 2626 num
243 2595 344 2629 fuerit,
376 2594 439 2624 sive
466 2594 557 2624 Solis.
604 2593 724 2623 Discors
753 2591 792 2621 ad

137 2644 295 2685 duplicem
309 2642 477 2673 Minotauri
493 2647 605 2672 natura
620 2652 637 2670 n
659 2641 791 2671 referen-

137 2692 223 2728 dum,
244 2703 298 2734 pro
317 2703 379 2733 quo
396 2702 458 2722 ver.
477 2692 547 2722 156.
563 2696 725 2720 monstrum
751 2691 791 2718 bi-

841 1227 954 1267 forme,
982 1232 1013 1257 et
1038 1227 1108 1257 169.
1133 1229 1251 1267 gemina
1267 1227 1389 1267 figura.
1438 1227 1508 1257 Dis-

851 1279 966 1307 cordem
992 1282 1106 1311 autem,
1136 1275 1219 1316 quod
1248 1275 1397 1306 Heinsius
1423 1275 1511 1305 nulla

851 1324 1034 1355 auctoritate
1072 1324 1103 1354 in
1139 1326 1289 1354 dissui-tem
1325 1329 1510 1360 mutaverat,

846 1373 916 1414 jure
933 1372 1103 1403 restituisse
1119 1372 1194 1402 mihi
1211 1372 1316 1402 videor
1330 1383 1336 1401 τ
1362 1382 1380 1402 a
1395 1373 1509 1403 Lucre-

851 1422 903 1457 tio,
920 1433 949 1452 v.
965 1423 1038 1452 892.
1066 1421 1232 1451 Centauris
1256 1426 1287 1451 et
1313 1421 1428 1461 Scyllae
1449 1423 1508 1451 ‹lis-

850 1473 952 1500 curdia
977 1472 1104 1500 membra
1128 1470 1327 1507 tribuuntur3
1352 1469 1436 1511 apud
1454 1471 1509 1500 Se-

851 1530 973 1555 necam,
1000 1519 1087 1549 Med.
1114 1520 1189 1549 773.
1219 1519 1363 1559 Typhoeus
1388 1520 1510 1555 discors,

852 1567 925 1608 quia
945 1568 1063 1609 corpori
1089 1568 1224 1598 humano
1247 1567 1392 1608 anguinei
1416 1567 1513 1609 pedes

852 1616 960 1646 additi.
1008 1616 1111 1646 Etiam
1137 1615 1281 1651 Sabinus,
1305 1615 1326 1645 i.
1341 1616 1393 1646 35.
1416 1616 1510 1646 MSS.

852 1675 969 1700 omnes,
986 1668 1017 1695 in
1041 1677 1100 1695 uno
1120 1675 1238 1704 corpore
1257 1666 1367 1694 discors
1385 1664 1513 1694 Parthe-

853 1725 936 1753 nope.
977 1715 1094 1745 Contra
1115 1716 1218 1744 dissors
1238 1714 1329 1749 foret,
1348 1713 1428 1744 alius
1449 1724 1512 1744 sor-

856 1763 906 1798 tis,
924 1769 1041 1794 naturae
1058 1774 1118 1793 non
1134 1763 1292 1792 humanae.

901 1813 972 1842 134.
998 1811 1119 1846 luania,
1144 1822 1213 1851 quae
1244 1821 1305 1841 non
1332 1809 1512 1845 audiuntur,

855 1863 952 1897 verba,
974 1861 1048 1891 item
1064 1866 1137 1890 vota
1158 1859 1245 1890 irrita
1267 1859 1412 1890 dicuntur
1425 1859 1514 1900 ferri

854 1921 872 1938 α
901 1911 994 1940 ventis
1023 1915 1053 1940 et
1082 1910 1163 1939 tradi
1201 1910 1320 1938 ventis:
1357 1907 1512 1943 Tibullus,

855 1958 881 1988 Ι.
901 1970 932 1989 v.
955 1959 1019 1995 35;
1044 1958 1107 1988 III.
1131 1957 1173 1987 iv.
1196 1957 1248 1988 96.
1294 1957 1333 1986 Et
1361 1956 1419 1986 hoc
1444 1956 1513 1987 loco

853 2012 942 2037 tanto
966 2008 1079 2048 aptius,
1096 2006 1169 2047 quia
1186 2005 1323 2046 loquitur
1343 2004 1384 2035 ad
1404 2015 1511 2041 naves,

854 2067 924 2098 quae
942 2056 1114 2096 agebantur
1130 2065 1148 2085 a
1163 2054 1274 2085 ventis.

899 2105 971 2135 139.
998 2104 1066 2134 Mea
1091 2110 1173 2134 terra
1198 2103 1341 2143 recedit]
1369 2102 1514 2133 Suaviter

854 2163 891 2183 ex
907 2152 1051 2183 illusione
1065 2154 1180 2194 optica,
1196 2162 1258 2193 qua
1273 2157 1354 2182 terra
1370 2151 1513 2182 recedere

854 2202 943 2233 nobis
970 2202 1103 2237 videtur,
1130 2212 1148 2232 a
1178 2211 1242 2242 qua
1270 2210 1366 2231 naves
1396 2201 1513 2231 abeunt

855 2251 948 2282 celeri
979 2261 1080 2281 cursu.
1139 2249 1230 2281 Cons.
1262 2249 1303 2280 xi.
1333 2249 1415 2287 466;
1440 2249 1514 2278 AEn.

856 2299 900 2330 iii.
917 2300 970 2329 72.

902 2349 972 2378 140.
988 2348 1044 2378 Nil
1058 2349 1134 2388 agit,
1150 2347 1202 2388 qui
1217 2345 1408 2388 propositum
1423 2355 1514 2376 suum

857 2408 917 2428 non
935 2397 1119 2438 assequitur.
1167 2396 1406 2438 Perfreta,etc.
1431 2394 1514 2426 Vide

859 2445 897 2476 ad
914 2445 967 2476 vii.
985 2446 1037 2476 67.

906 2495 975 2524 142.
1006 2494 1109 2523 Unclas
1136 2492 1253 2523 habent
1279 2491 1408 2532 quidem
1438 2501 1514 2521 non-

858 2542 917 2572 nisi
933 2542 1041 2573 tertius
1054 2541 1219 2571 Mediceus
1235 2546 1266 2571 et
1281 2546 1343 2570 tres
1361 2539 1434 2577 alii;
1459 2538 1513 2570 sed

858 2592 986 2627 insilire,
1023 2589 1171 2625 incidere,
1201 2595 1263 2620 etc.
1292 2588 1407 2631 passim
1442 2598 1514 2619 cum

861 2645 971 2681 quarto
997 2649 1090 2670 casu:
1123 2637 1194 2669 vide
1228 2637 1405 2668 Heinsium.
1453 2636 1513 2666 Fa-

861 2691 966 2724 ciente,
982 2693 1042 2718 etc.
1081 2686 1196 2717 Confer
1211 2686 1251 2717 iv.
1267 2685 1342 2716 527.
