1779 3130
364 148 979 192 METAMORPHOSEON
1012 152 1131 193 LIB.
1163 154 1273 196 XV.
1429 157 1511 197 461

134 261 366 308 Membra
388 262 492 324 rapi
518 263 711 324 partim,
739 266 917 326 partim
943 281 1177 329 reprensa
1201 268 1431 331 relinqui,

136 336 267 383 Ossa
287 353 484 398 gravem
504 338 620 384 dare
640 337 796 385 fracta
816 357 1008 396 sonum,
1025 342 1307 406 fessamque
1326 346 1517 394 videres

136 411 372 459 Exhalari
398 414 626 469 animam,
653 415 917 478 nullasque
943 417 992 463 in
1017 434 1220 481 corpore
1245 429 1427 483 partes,

135 488 356 535 Noscere
378 504 502 550 quas
525 505 720 551 posses:
746 507 1000 555 unumque
1021 503 1125 541 erat
1142 496 1305 543 omnia
1320 498 1515 545 vulnus.

136 564 269 611 Num
285 572 442 627 potes,
465 572 550 611 aut
567 567 721 613 audes
737 568 867 614 cladi
888 585 1183 632 componere
1203 579 1396 627 nostrae,
1421 576 1517 620 530

134 640 388 704 Nympha,
417 643 586 688 tuam?
621 643 719 689 vidi
746 660 946 707 quoque
971 647 1080 693 luce
1106 648 1327 695 carentia
1350 664 1515 710 regna,

133 717 199 763 Et
221 718 438 765 lacerum
462 718 557 765 fovi
584 719 1002 782 Phlegethontide
1028 738 1206 785 corpus
1232 724 1281 770 in
1309 725 1466 771 unda:

133 794 258 850 Nec,
286 794 378 841 nisi
403 795 678 858 Apollineae
703 798 864 845 valido
890 799 1215 846 medicamine
1240 801 1408 862 prolis,

134 870 354 918 Reddita
370 872 470 918 vita
486 872 632 919 foret:
654 889 804 935 quam
824 882 1091 937 postquam
1111 874 1318 922 fortibus
1334 876 1514 932 herbis,

130 946 298 1010 Atque
324 964 418 1011 ope
443 948 659 1004 Paeonia,
688 949 806 997 Dite
832 950 1138 1012 indignante,
1167 952 1348 1014 recepi,
1419 955 1514 999 535

129 1023 256 1070 Tum
283 1024 418 1079 mihi,
446 1041 507 1072 ne
532 1042 751 1088 praesens
778 1043 1011 1089 augerem
1037 1028 1252 1074 muneris
1278 1029 1424 1090 hujus

133 1099 390 1156 Invidiam,
418 1102 598 1148 densas
624 1102 810 1164 objecit
836 1103 1055 1165 Cynthia
1080 1104 1264 1150 nubes:

134 1176 305 1239 thue
329 1177 481 1224 forem
508 1185 661 1234 tutus,
691 1194 991 1241 possemque
1016 1179 1217 1242 impune
1241 1179 1410 1236 videri,

131 1252 340 1300 Addidit
364 1261 579 1309 aetatem,
608 1270 699 1301 nec
725 1255 1073 1316 cognoscenda
1099 1255 1299 1316 reliquit

133 1327 236 1376 Ora
258 1330 377 1376 mihi
399 1347 409 1377 ;
440 1330 726 1393 Cretenque
748 1331 832 1378 diu
852 1331 1095 1378 dubitavit
1118 1332 1398 1378 habendam
1418 1335 1514 1379 540

131 1403 384 1460 Traderet,
412 1422 473 1452 an
502 1406 694 1453 Delon:
738 1407 881 1463 Delo,
911 1407 1165 1470 Cretaque
1191 1408 1374 1455 relictis

173 1600 248 1631 529.
278 1600 434 1640 Unumque
455 1608 517 1631 crat
535 1604 632 1631 omnia
650 1604 784 1643 [ultrum]

131 1647 236 1684 Silius,
252 1660 283 1679 x.
298 1650 371 1680 519.
386 1654 483 1680 “toto
498 1660 621 1691 corpore
641 1652 789 1683 vulnus.''

129 1697 248 1727 Lucan.
262 1697 305 1727 ix.
319 1698 392 1728 814.
410 1703 430 1715 ‘¹
445 1699 559 1728 Omnia
571 1699 670 1740 plenis
686 1701 786 1730 Mem-

128 1746 184 1776 bra
202 1746 302 1777 fluunt
322 1747 429 1777 venis:
456 1753 554 1778 totum
577 1755 623 1778 est
643 1760 698 1790 pro
721 1750 787 1779 vul—

129 1805 200 1826 nere
216 1796 360 1836 corpus.‘’

171 1845 246 1875 532.
272 1844 311 1874 Et
328 1846 546 1885 lacerumfiwi,
561 1847 639 1885 etc.]
667 1847 707 1876 Et
723 1856 787 1876 cor—

128 1903 187 1934 pus
212 1893 364 1924 laniatum
389 1893 420 1924 in
450 1894 664 1924 ardentissima
695 1895 787 1926 Phle-

128 1942 284 1982 gethontis
299 1952 380 1983 aqua
396 1942 470 1972 lavi.
508 1943 618 1973 Favere
634 1943 787 1974 notionem

129 1990 223 2021 habet
237 1992 361 2021 omuino
377 1996 473 2032 gratae
495 1991 671 2022 resectionis
688 2004 695 2029 3
722 1992 786 2022 Pli-

128 2038 209 2075 nius,
226 2051 254 2070 v.
271 2040 329 2080 Ep.
346 2039 386 2070 vi.
401 2040 454 2069 20.
468 2041 604 2079 platanos
621 2042 788 2081 dispergine

118 2089 216 2127 fovet.
261 2089 330 2118 Hoc
366 2088 433 2119 loco
463 2089 619 2120 abluendo
652 2089 787 2120 reficere.

128 2137 190 2167 Sed
201 2136 335 2167 Ovidius
351 2137 475 2178 ingenio
491 2138 606 2168 abusus
618 2145 677 2169 est.
694 2140 786 2178 Apol-

129 2187 208 2215 linea
243 2187 350 2224 proles,
388 2186 590 2227 AEsculapius
632 2186 789 2228 Apollinis

128 2233 220 2269 filius,
242 2244 335 2274 quem
356 2234 394 2264 ob
418 2234 622 2276 Hippolytum
642 2234 674 2265 in
694 2235 788 2265 vitam

127 2287 305 2312 revocatum
325 2282 454 2312 fulmine
471 2283 623 2323 percussit
643 2283 788 2324 Jupiter3

128 2330 199 2360 vide
215 2330 254 2360 ad
270 2330 301 2361 ii.
317 2331 391 2361 643.
437 2332 498 2371 Ope
516 2332 636 2362 Paeonia
651 2331 786 2373 simplic.

127 2390 185 2420 ope
213 2379 346 2415 medica,
369 2386 403 2410 ut
426 2380 589 2421 Virgilius,
620 2391 684 2411 ver.
716 2381 788 2412 769.

129 2428 257 2459 Paeoniis
268 2430 375 2459 herbis.
392 2429 499 2459 Alium
510 2429 652 2470 mythum
663 2436 788 2461 secutus

129 2483 176 2508 est
197 2478 355 2514 Horatius,
376 2479 435 2509 IV.
452 2479 513 2508 Od.
529 2479 582 2509 vii.
599 2480 652 2509 25.
671 2489 709 2508 ex
728 2489 788 2519 quo

128 2526 277 2567 pudicum
289 2527 437 2568 juvenem
454 2527 565 2558 frustra
580 2527 611 2557 in
627 2526 722 2557 vitam
739 2537 785 2558 re-

131 2585 240 2605 vocare
261 2580 373 2606 conata
393 2582 439 2606 est
461 2576 577 2606 Diana.
624 2576 716 2605 Pmm
735 2585 789 2605 110-

130 2633 200 2653 men
224 2624 338 2654 medici
369 2624 452 2665 apud
479 2625 659 2660 Homerum,
684 2634 703 2654 a
728 2635 789 2665 quo

129 2678 254 2703 curatus
270 2673 362 2704 Pluto
378 2685 383 2702 :
410 2673 485 2715 quin
501 2679 531 2704 et
552 2673 648 2703 Paean
664 2680 790 2703 vocatur

856 1605 979 1646 Apollo,
996 1604 1159 1635 medicina:
1182 1605 1333 1635 inventor.
1381 1605 1453 1635 Dite
1467 1607 1514 1636 in-

855 1655 1001 1695 dignante
1020 1653 1117 1683 minui
1134 1653 1192 1683 sibi
1214 1653 1389 1694 imperium,
1408 1653 1516 1684 violari

855 1701 942 1742 regni
960 1702 1089 1736 foedera,
1108 1712 1203 1742 quum
1227 1700 1266 1730 ad
1286 1701 1387 1731 lucem
1411 1707 1518 1732 contra

856 1750 902 1780 fas
915 1751 1130 1784 retraheretur,
1139 1749 1191 1790 qui
1203 1750 1299 1790 Styga
1310 1750 1374 1790 jam
1384 1750 1514 1786 viderat,

856 1804 887 1828 et
903 1798 1049 1839 paludem
1073 1799 1264 1828 irremeabilis
1282 1800 1368 1828 unda:
1384 1798 1513 1830 transie-

856 1853 913 1878 rat.
1307 1879 1313 1885 ,

899 1897 973 1926 5236.
1001 1897 1134 1927 Prtesens
1162 1896 1193 1926 in
1218 1895 1318 1934 coelo;
1349 1895 1513 1936 Virgilius,

856 1949 876 1961 “
892 1945 971 1975 Tum
989 1950 1074 1986 pater
1088 1944 1292 1985 omnipotens,
1309 1944 1444 1984 aliquem
1463 1944 1512 1974 in-

855 1993 1001 2034 dignatus
1020 1994 1059 2023 ab
1075 1993 1191 2024 umbris
1206 1993 1371 2024 Mortalem
1388 1992 1516 2023 infernis

856 2042 895 2072 ad
911 2042 1030 2072 lumina
1045 2052 1169 2082 surgere
1184 2040 1289 2077 vitae‚''
1307 2048 1367 2072 etc.
1395 2041 1516 2071 Aricini

855 2091 1032 2126 narrabant,
1059 2090 1263 2132 Hippolytum
1288 2090 1320 2120 in
1350 2090 1445 2119 vitam
1469 2100 1516 2120 re-

856 2144 1010 2174 vocatum,
1027 2149 1124 2179 quum
1140 2139 1298 2178 ignoscere
1314 2137 1392 2179 patri
1409 2138 1516 2174 nollet,

856 2186 888 2216 in
911 2186 1035 2216 Italiam
1057 2186 1191 2221 venisse,
1208 2185 1313 2227 ibique
1337 2192 1516 2216 consecrato

856 2235 990 2266 Aricinae
1003 2236 1115 2265 Dianae
1126 2234 1241 2276 templo
1253 2235 1416 2275 regnh>se3
1432 2235 1514 2266 Pau·

855 2284 970 2320 sanias,
987 2284 1127 2315 Corinth.
1143 2295 1174 2325 p.
1194 2285 1262 2314 173.
1310 2283 1405 2324 Apud
1425 2284 1516 2314 Euri—

856 2332 974 2374 pidem,
1004 2334 1084 2362 1423
1110 2343 1180 2373 sqq.
1205 2333 1309 2362 Diana
1334 2332 1514 2363 morientem

855 2381 1031 2411 consolatur
1046 2380 1223 2416 honoribus,
1241 2391 1317 2421 quos
1333 2381 1412 2410 inter
1426 2381 1514 2411 Troe-

855 2429 956 2460 zenios
991 2435 1214 2460 consecuturus
1250 2429 1301 2459 sit.
1357 2430 1486 2469 Cynthia
1502 2441 1514 2466 ,-

856 2478 971 2514 Diana,
989 2484 1022 2508 ut
1039 2478 1153 2519 Apollo
1174 2478 1338 2518 Cynthius,
1356 2488 1373 2507 a
1389 2477 1514 2518 Cyntho

855 2533 959 2557 monte
975 2526 1059 2562 Deli,
1076 2527 1128 2556 ubi
1142 2526 1205 2556 nati
1219 2532 1300 2556 sunt.

898 2576 971 2605 539.
996 2576 1122 2605 Addidit
1137 2580 1248 2605 (statem
1262 2586 1272 2611 5
1296 2585 1345 2605 nie
1362 2579 1437 2605 natu
1447 2585 1512 2605 ma-

852 2624 949 2665 jorem
975 2623 1060 2659 fecit,
1089 2633 1183 2664 quam
1212 2634 1322 2660 essem,
1351 2634 1446 2664 quum
1473 2624 1512 2654 ab

857 2672 944 2713 equis
958 2672 999 2703 fui
1014 2672 1209 2703 dilaceratus.
