<?xml version="1.0" encoding="UTF-8"?>
<!DOCTYPE html PUBLIC "-//W3C//DTD XHTML 1.0 Transitional//EN"
    "http://www.w3.org/TR/xhtml1/DTD/xhtml1-transitional.dtd">
<html xmlns="http://www.w3.org/1999/xhtml" xml:lang="en" lang="en">
 <head>
  <title>
</title>
<meta http-equiv="Content-Type" content="text/html;charset=utf-8" />
  <meta name='ocr-system' content='tesseract 3.04.00' />
  <meta name='ocr-capabilities' content='ocr_page ocr_carea ocr_par ocr_line ocrx_word'/>
</head>
<body>
  <div class='ocr_page' id='page_1' title='image "./povidiinasonisop04oviduoft_0217.png"; bbox 0 0 1779 3130; ppageno 0'>
   <div class='ocr_carea' id='block_1_1' title="bbox 383 156 1525 200">
    <p class='ocr_par' dir='ltr' id='par_1_1' title="bbox 383 156 1525 200">
     <span class='ocr_line' id='line_1_1' title="bbox 383 156 1525 200; baseline 0.003 -3"><span class='ocrx_word' id='word_1_1' title='bbox 383 156 1000 199; x_wconf 81' lang='lat' dir='ltr'><strong>METAMORPHOSEON</strong></span> <span class='ocrx_word' id='word_1_2' title='bbox 1033 156 1152 197; x_wconf 88' lang='lat' dir='ltr'>LIB.</span> <span class='ocrx_word' id='word_1_3' title='bbox 1185 158 1272 199; x_wconf 90' lang='lat' dir='ltr'>XI.</span> <span class='ocrx_word' id='word_1_4' title='bbox 1439 159 1525 200; x_wconf 82' lang='lat'>205</span> 
     </span>
    </p>
   </div>
   <div class='ocr_carea' id='block_1_2' title="bbox 143 270 1589 562">
    <p class='ocr_par' dir='ltr' id='par_1_2' title="bbox 143 270 1589 409">
     <span class='ocr_line' id='line_1_2' title="bbox 145 270 1589 334; baseline 0.001 -18"><span class='ocrx_word' id='word_1_5' title='bbox 145 270 317 318; x_wconf 83' lang='lat' dir='ltr'>Subde</span> <span class='ocrx_word' id='word_1_6' title='bbox 336 278 502 334; x_wconf 83' lang='lat' dir='ltr'>caput,</span> <span class='ocrx_word' id='word_1_7' title='bbox 520 286 801 334; x_wconf 82' lang='lat' dir='ltr'>corpusque</span> <span class='ocrx_word' id='word_1_8' title='bbox 821 271 981 327; x_wconf 88' lang='lat' dir='ltr'>simul,</span> <span class='ocrx_word' id='word_1_9' title='bbox 1000 271 1144 318; x_wconf 88' lang='lat' dir='ltr'>simul</span> <span class='ocrx_word' id='word_1_10' title='bbox 1161 271 1270 318; x_wconf 92' lang='lat' dir='ltr'>elue</span> <span class='ocrx_word' id='word_1_11' title='bbox 1289 271 1525 319; x_wconf 84' lang='lat' dir='ltr'>crimen.&#39;’</span> <span class='ocrx_word' id='word_1_12' title='bbox 1586 298 1589 301; x_wconf 43' lang='lat'><strong>⁴</strong></span> 
     </span>
     <span class='ocr_line' id='line_1_3' title="bbox 143 346 1327 409; baseline 0.001 -16"><span class='ocrx_word' id='word_1_13' title='bbox 143 346 256 393; x_wconf 87' lang='lat' dir='ltr'>Rex</span> <span class='ocrx_word' id='word_1_14' title='bbox 275 348 428 409; x_wconf 76' lang='lat' dir='ltr'>jussae</span> <span class='ocrx_word' id='word_1_15' title='bbox 454 347 676 394; x_wconf 81' lang='lat' dir='ltr'>succedit</span> <span class='ocrx_word' id='word_1_16' title='bbox 702 362 871 408; x_wconf 79' lang='lat' dir='ltr'>aquae:</span> <span class='ocrx_word' id='word_1_17' title='bbox 910 347 982 393; x_wconf 89' lang='lat' dir='ltr'>vis</span> <span class='ocrx_word' id='word_1_18' title='bbox 1008 363 1156 394; x_wconf 88' lang='lat' dir='ltr'>aurea</span> <span class='ocrx_word' id='word_1_19' title='bbox 1180 348 1327 394; x_wconf 84' lang='lat' dir='ltr'>tinxit</span> 
     </span>
    </p>

    <p class='ocr_par' dir='ltr' id='par_1_3' title="bbox 143 423 1486 562">
     <span class='ocr_line' id='line_1_4' title="bbox 143 423 1486 486; baseline 0.001 -18"><span class='ocrx_word' id='word_1_20' title='bbox 143 423 366 478; x_wconf 89' lang='lat' dir='ltr'>Flumen,</span> <span class='ocrx_word' id='word_1_21' title='bbox 395 431 445 470; x_wconf 87' lang='lat' dir='ltr'>et</span> <span class='ocrx_word' id='word_1_22' title='bbox 468 424 681 470; x_wconf 85' lang='lat' dir='ltr'>humano</span> <span class='ocrx_word' id='word_1_23' title='bbox 706 424 767 470; x_wconf 91' lang='lat' dir='ltr'>de</span> <span class='ocrx_word' id='word_1_24' title='bbox 794 440 997 486; x_wconf 84' lang='lat' dir='ltr'>corpore</span> <span class='ocrx_word' id='word_1_25' title='bbox 1022 424 1174 470; x_wconf 79' lang='lat' dir='ltr'>cessit</span> <span class='ocrx_word' id='word_1_26' title='bbox 1198 424 1247 469; x_wconf 86' lang='lat' dir='ltr'>in</span> <span class='ocrx_word' id='word_1_27' title='bbox 1273 440 1486 470; x_wconf 85' lang='lat' dir='ltr'>amnem.</span> 
     </span>
     <span class='ocr_line' id='line_1_5' title="bbox 143 499 1479 562; baseline 0.001 -17"><span class='ocrx_word' id='word_1_28' title='bbox 143 499 291 545; x_wconf 88' lang='lat' dir='ltr'>Nunc</span> <span class='ocrx_word' id='word_1_29' title='bbox 317 514 518 561; x_wconf 90' lang='lat' dir='ltr'>quoque</span> <span class='ocrx_word' id='word_1_30' title='bbox 538 500 641 561; x_wconf 85' lang='lat' dir='ltr'>jam</span> <span class='ocrx_word' id='word_1_31' title='bbox 666 499 842 544; x_wconf 81' lang='lat' dir='ltr'>veteris</span> <span class='ocrx_word' id='word_1_32' title='bbox 871 507 1106 562; x_wconf 85' lang='lat' dir='ltr'>percepto</span> <span class='ocrx_word' id='word_1_33' title='bbox 1132 499 1319 546; x_wconf 89' lang='lat' dir='ltr'>semiue</span> <span class='ocrx_word' id='word_1_34' title='bbox 1344 516 1479 546; x_wconf 83' lang='lat' dir='ltr'>venae</span> 
     </span>
    </p>
   </div>
   <div class='ocr_carea' id='block_1_3' title="bbox 141 574 1316 637">
    <p class='ocr_par' dir='ltr' id='par_1_4' title="bbox 141 574 1316 637">
     <span class='ocr_line' id='line_1_6' title="bbox 141 574 1316 637; baseline -0.001 -16"><span class='ocrx_word' id='word_1_35' title='bbox 141 575 273 621; x_wconf 85' lang='lat' dir='ltr'>Arva</span> <span class='ocrx_word' id='word_1_36' title='bbox 298 575 473 636; x_wconf 78' lang='lat' dir='ltr'>rigent,</span> <span class='ocrx_word' id='word_1_37' title='bbox 502 590 619 621; x_wconf 90' lang='lat' dir='ltr'>auro</span> <span class='ocrx_word' id='word_1_38' title='bbox 644 574 853 620; x_wconf 81' lang='lat' dir='ltr'>madidis</span> <span class='ocrx_word' id='word_1_39' title='bbox 880 575 1118 637; x_wconf 83' lang='lat' dir='ltr'>pallentia</span> <span class='ocrx_word' id='word_1_40' title='bbox 1141 575 1316 636; x_wconf 83' lang='lat' dir='ltr'>glebis.</span> 
     </span>
    </p>
   </div>
   <div class='ocr_carea' id='block_1_4' title="bbox 1434 578 1526 623">
    <p class='ocr_par' dir='ltr' id='par_1_5' title="bbox 1434 578 1526 623">
     <span class='ocr_line' id='line_1_7' title="bbox 1434 578 1526 623; baseline 0.022 -2"><span class='ocrx_word' id='word_1_41' title='bbox 1434 578 1526 623; x_wconf 76' lang='lat'>145</span> 
     </span>
    </p>
   </div>
   <div class='ocr_carea' id='block_1_5' title="bbox 208 650 1460 713">
    <p class='ocr_par' dir='ltr' id='par_1_6' title="bbox 208 650 1460 713">
     <span class='ocr_line' id='line_1_8' title="bbox 208 650 1460 713; baseline 0.002 -17"><span class='ocrx_word' id='word_1_42' title='bbox 208 650 296 696; x_wconf 88' lang='lat' dir='ltr'>IV.</span> <span class='ocrx_word' id='word_1_43' title='bbox 338 650 445 705; x_wconf 89' lang='lat' dir='ltr'>llle,</span> <span class='ocrx_word' id='word_1_44' title='bbox 472 666 677 713; x_wconf 87' lang='lat' dir='ltr'>perosus</span> <span class='ocrx_word' id='word_1_45' title='bbox 703 665 840 712; x_wconf 91' lang='lat' dir='ltr'>opes,</span> <span class='ocrx_word' id='word_1_46' title='bbox 868 650 1015 696; x_wconf 90' lang='lat' dir='ltr'>silvas</span> <span class='ocrx_word' id='word_1_47' title='bbox 1040 657 1091 697; x_wconf 87' lang='lat' dir='ltr'>et</span> <span class='ocrx_word' id='word_1_48' title='bbox 1114 666 1226 696; x_wconf 87' lang='lat' dir='ltr'>rura</span> <span class='ocrx_word' id='word_1_49' title='bbox 1250 650 1460 706; x_wconf 84' lang='lat' dir='ltr'>colebat,</span> 
     </span>
    </p>
   </div>
   <div class='ocr_carea' id='block_1_6' title="bbox 140 780 809 2724">
    <p class='ocr_par' dir='ltr' id='par_1_7' title="bbox 140 780 803 1798">
     <span class='ocr_line' id='line_1_9' title="bbox 185 780 798 816; baseline 0 -6"><span class='ocrx_word' id='word_1_50' title='bbox 185 781 256 811; x_wconf 83' lang='lat'>142.</span> <span class='ocrx_word' id='word_1_51' title='bbox 281 781 454 816; x_wconf 73' lang='lat' dir='ltr'>Sur-cedere,</span> <span class='ocrx_word' id='word_1_52' title='bbox 469 780 632 811; x_wconf 75' lang='lat' dir='ltr'>accedere.</span> <span class='ocrx_word' id='word_1_53' title='bbox 660 780 743 811; x_wconf 81' lang='lat' dir='ltr'>Vide</span> <span class='ocrx_word' id='word_1_54' title='bbox 759 780 798 810; x_wconf 87' lang='lat' dir='ltr'>ad</span> 
     </span>
     <span class='ocr_line' id='line_1_10' title="bbox 140 829 800 870; baseline -0.002 -11"><span class='ocrx_word' id='word_1_55' title='bbox 140 829 184 860; x_wconf 83' lang='lat' dir='ltr'>iii.</span> <span class='ocrx_word' id='word_1_56' title='bbox 204 831 274 860; x_wconf 83' lang='lat'>165.</span> <span class='ocrx_word' id='word_1_57' title='bbox 323 829 372 859; x_wconf 68' lang='lat' dir='ltr'>Vis</span> <span class='ocrx_word' id='word_1_58' title='bbox 387 840 491 865; x_wconf 75' lang='lat' dir='ltr'>aurea,</span> <span class='ocrx_word' id='word_1_59' title='bbox 507 829 562 865; x_wconf 82' lang='lat' dir='ltr'>vis,</span> <span class='ocrx_word' id='word_1_60' title='bbox 580 835 715 870; x_wconf 77' lang='lat' dir='ltr'>potestas</span> <span class='ocrx_word' id='word_1_61' title='bbox 734 839 800 859; x_wconf 83' lang='lat' dir='ltr'>orn-</span> 
     </span>
     <span class='ocr_line' id='line_1_11' title="bbox 141 878 799 919; baseline 0 -11"><span class='ocrx_word' id='word_1_62' title='bbox 141 879 194 908; x_wconf 91' lang='lat' dir='ltr'>nia</span> <span class='ocrx_word' id='word_1_63' title='bbox 207 879 239 909; x_wconf 85' lang='lat' dir='ltr'>in</span> <span class='ocrx_word' id='word_1_64' title='bbox 251 888 359 908; x_wconf 85' lang='lat' dir='ltr'>aurum</span> <span class='ocrx_word' id='word_1_65' title='bbox 377 878 528 913; x_wconf 86' lang='lat' dir='ltr'>mutandi,</span> <span class='ocrx_word' id='word_1_66' title='bbox 541 889 610 918; x_wconf 62' lang='lat' dir='ltr'>qua*</span> <span class='ocrx_word' id='word_1_67' title='bbox 624 878 717 919; x_wconf 89' lang='lat' dir='ltr'>paulo</span> <span class='ocrx_word' id='word_1_68' title='bbox 728 884 799 908; x_wconf 86' lang='lat' dir='ltr'>ante</span> 
     </span>
     <span class='ocr_line' id='line_1_12' title="bbox 141 926 798 968; baseline -0.002 -11"><span class='ocrx_word' id='word_1_69' title='bbox 141 930 251 957; x_wconf 78' lang='lat' dir='ltr'>crimen</span> <span class='ocrx_word' id='word_1_70' title='bbox 280 933 418 962; x_wconf 76' lang='lat' dir='ltr'>vocatur,</span> <span class='ocrx_word' id='word_1_71' title='bbox 450 928 523 968; x_wconf 87' lang='lat' dir='ltr'>quia</span> <span class='ocrx_word' id='word_1_72' title='bbox 553 938 606 968; x_wconf 86' lang='lat' dir='ltr'>per</span> <span class='ocrx_word' id='word_1_73' title='bbox 636 926 798 957; x_wconf 82' lang='lat' dir='ltr'>stultitiam</span> 
     </span>
     <span class='ocr_line' id='line_1_13' title="bbox 141 975 800 1017; baseline 0 -12"><span class='ocrx_word' id='word_1_74' title='bbox 141 987 228 1006; x_wconf 83' lang='lat' dir='ltr'>suam</span> <span class='ocrx_word' id='word_1_75' title='bbox 244 986 311 1006; x_wconf 84' lang='lat' dir='ltr'>eam</span> <span class='ocrx_word' id='word_1_76' title='bbox 328 976 548 1017; x_wconf 80' lang='lat' dir='ltr'>impetraverat</span> <span class='ocrx_word' id='word_1_77' title='bbox 566 975 682 1005; x_wconf 86' lang='lat' dir='ltr'>Midas.</span> <span class='ocrx_word' id='word_1_78' title='bbox 719 976 800 1005; x_wconf 88' lang='lat' dir='ltr'>Len-</span> 
     </span>
     <span class='ocr_line' id='line_1_14' title="bbox 142 1024 799 1065; baseline 0 -12"><span class='ocrx_word' id='word_1_79' title='bbox 142 1024 206 1054; x_wconf 88' lang='lat' dir='ltr'>zius</span> <span class='ocrx_word' id='word_1_80' title='bbox 227 1028 338 1054; x_wconf 79' lang='lat' dir='ltr'>crimen</span> <span class='ocrx_word' id='word_1_81' title='bbox 367 1024 513 1064; x_wconf 74' lang='lat' dir='ltr'>intelligit</span> <span class='ocrx_word' id='word_1_82' title='bbox 536 1034 642 1065; x_wconf 75' lang='lat' dir='ltr'>preces</span> <span class='ocrx_word' id='word_1_83' title='bbox 670 1030 799 1054; x_wconf 84' lang='lat' dir='ltr'>temera-</span> 
     </span>
     <span class='ocr_line' id='line_1_15' title="bbox 142 1071 799 1113; baseline -0.002 -11"><span class='ocrx_word' id='word_1_84' title='bbox 142 1072 214 1107; x_wconf 84' lang='lat' dir='ltr'>rias,</span> <span class='ocrx_word' id='word_1_85' title='bbox 229 1082 299 1113; x_wconf 71' lang='lat' dir='ltr'>qua:</span> <span class='ocrx_word' id='word_1_86' title='bbox 316 1071 463 1107; x_wconf 79' lang='lat' dir='ltr'>lavando,</span> <span class='ocrx_word' id='word_1_87' title='bbox 478 1078 512 1102; x_wconf 90' lang='lat' dir='ltr'>ut</span> <span class='ocrx_word' id='word_1_88' title='bbox 525 1072 619 1112; x_wconf 83' lang='lat' dir='ltr'>culpa</span> <span class='ocrx_word' id='word_1_89' title='bbox 630 1072 799 1107; x_wconf 81' lang='lat' dir='ltr'>lustrando,</span> 
     </span>
     <span class='ocr_line' id='line_1_16' title="bbox 142 1120 800 1162; baseline 0 -12"><span class='ocrx_word' id='word_1_90' title='bbox 142 1120 226 1151; x_wconf 89' lang='lat' dir='ltr'>ablui</span> <span class='ocrx_word' id='word_1_91' title='bbox 242 1120 407 1162; x_wconf 88' lang='lat' dir='ltr'>potuerint.</span> <span class='ocrx_word' id='word_1_92' title='bbox 434 1121 545 1150; x_wconf 54' lang='lat' dir='ltr'>Tiniic.</span> <span class='ocrx_word' id='word_1_93' title='bbox 568 1121 651 1150; x_wconf 85' lang='lat' dir='ltr'>Hinc</span> <span class='ocrx_word' id='word_1_94' title='bbox 667 1121 800 1150; x_wconf 88' lang='lat' dir='ltr'>Lactan-</span> 
     </span>
     <span class='ocr_line' id='line_1_17' title="bbox 143 1169 802 1210; baseline 0.003 -12"><span class='ocrx_word' id='word_1_95' title='bbox 143 1169 203 1199; x_wconf 84' lang='lat' dir='ltr'>tius</span> <span class='ocrx_word' id='word_1_96' title='bbox 222 1170 253 1199; x_wconf 89' lang='lat' dir='ltr'>in</span> <span class='ocrx_word' id='word_1_97' title='bbox 270 1169 402 1210; x_wconf 85' lang='lat' dir='ltr'>Argum.</span> <span class='ocrx_word' id='word_1_98' title='bbox 419 1182 495 1209; x_wconf 73' lang='lat' dir='ltr'>aqna</span> <span class='ocrx_word' id='word_1_99' title='bbox 515 1172 601 1199; x_wconf 78' lang='lat' dir='ltr'>aurei</span> <span class='ocrx_word' id='word_1_100' title='bbox 621 1171 726 1199; x_wconf 73' lang='lat' dir='ltr'>coluris</span> <span class='ocrx_word' id='word_1_101' title='bbox 745 1180 802 1200; x_wconf 81' lang='lat' dir='ltr'>esse</span> 
     </span>
     <span class='ocr_line' id='line_1_18' title="bbox 141 1217 800 1259; baseline 0 -11"><span class='ocrx_word' id='word_1_102' title='bbox 141 1221 227 1258; x_wconf 74' lang='lat' dir='ltr'>caerpit</span> <span class='ocrx_word' id='word_1_103' title='bbox 244 1230 251 1255; x_wconf 88' lang='lat'>;</span> <span class='ocrx_word' id='word_1_104' title='bbox 277 1218 482 1253; x_wconf 76' lang='lat' dir='ltr'>Claudianus,</span> <span class='ocrx_word' id='word_1_105' title='bbox 498 1217 530 1247; x_wconf 92' lang='lat' dir='ltr'>in</span> <span class='ocrx_word' id='word_1_106' title='bbox 540 1219 668 1259; x_wconf 80' lang='lat' dir='ltr'>Eutrop.</span> <span class='ocrx_word' id='word_1_107' title='bbox 680 1217 714 1247; x_wconf 88' lang='lat' dir='ltr'>ii.</span> <span class='ocrx_word' id='word_1_108' title='bbox 727 1218 800 1248; x_wconf 79' lang='lat'>260.</span> 
     </span>
     <span class='ocr_line' id='line_1_19' title="bbox 143 1266 801 1306; baseline -0.002 -10"><span class='ocrx_word' id='word_1_109' title='bbox 143 1277 195 1297; x_wconf 74' lang='lat' dir='ltr'>uec</span> <span class='ocrx_word' id='word_1_110' title='bbox 214 1269 306 1296; x_wconf 80' lang='lat' dir='ltr'>miror</span> <span class='ocrx_word' id='word_1_111' title='bbox 326 1278 417 1306; x_wconf 78' lang='lat' dir='ltr'>aquas</span> <span class='ocrx_word' id='word_1_112' title='bbox 437 1268 559 1296; x_wconf 73' lang='lat' dir='ltr'>radiare</span> <span class='ocrx_word' id='word_1_113' title='bbox 578 1268 706 1301; x_wconf 75' lang='lat' dir='ltr'>metullo,</span> <span class='ocrx_word' id='word_1_114' title='bbox 729 1266 801 1300; x_wconf 70' lang='lat' dir='ltr'>Quae</span> 
     </span>
     <span class='ocr_line' id='line_1_20' title="bbox 146 1315 801 1350; baseline -0.003 -4"><span class='ocrx_word' id='word_1_115' title='bbox 146 1318 229 1346; x_wconf 80' lang='lat' dir='ltr'>toties</span> <span class='ocrx_word' id='word_1_116' title='bbox 245 1318 342 1346; x_wconf 69' lang='lat' dir='ltr'>lavere</span> <span class='ocrx_word' id='word_1_117' title='bbox 364 1316 492 1346; x_wconf 80' lang='lat' dir='ltr'>Midum.</span> <span class='ocrx_word' id='word_1_118' title='bbox 536 1315 579 1345; x_wconf 88' lang='lat' dir='ltr'>At</span> <span class='ocrx_word' id='word_1_119' title='bbox 596 1315 649 1345; x_wconf 90' lang='lat' dir='ltr'>ille</span> <span class='ocrx_word' id='word_1_120' title='bbox 669 1320 801 1350; x_wconf 90' lang='lat' dir='ltr'>tantum,</span> 
     </span>
     <span class='ocr_line' id='line_1_21' title="bbox 143 1363 802 1404; baseline -0.003 -9"><span class='ocrx_word' id='word_1_121' title='bbox 143 1369 178 1395; x_wconf 86' lang='lat' dir='ltr'>ut</span> <span class='ocrx_word' id='word_1_122' title='bbox 189 1364 280 1394; x_wconf 84' lang='lat' dir='ltr'>hodie</span> <span class='ocrx_word' id='word_1_123' title='bbox 293 1364 385 1394; x_wconf 85' lang='lat' dir='ltr'>etiam</span> <span class='ocrx_word' id='word_1_124' title='bbox 401 1363 530 1393; x_wconf 83' lang='lat' dir='ltr'>Rhenus</span> <span class='ocrx_word' id='word_1_125' title='bbox 547 1368 578 1393; x_wconf 89' lang='lat' dir='ltr'>et</span> <span class='ocrx_word' id='word_1_126' title='bbox 592 1363 707 1404; x_wconf 84' lang='lat' dir='ltr'>Tagus,</span> <span class='ocrx_word' id='word_1_127' title='bbox 724 1375 802 1404; x_wconf 81' lang='grc' dir='ltr'>χρυ-</span> 
     </span>
     <span class='ocr_line' id='line_1_22' title="bbox 143 1413 803 1454; baseline 0 -11"><span class='ocrx_word' id='word_1_128' title='bbox 143 1415 200 1443; x_wconf 87' lang='grc' dir='ltr'>σοῦ</span> <span class='ocrx_word' id='word_1_129' title='bbox 216 1413 335 1454; x_wconf 71' lang='grc' dir='ltr'><em>ῲῆγμα</em></span> <span class='ocrx_word' id='word_1_130' title='bbox 352 1413 451 1448; x_wconf 74' lang='grc' dir='ltr'><strong>πολὺ,</strong></span> <span class='ocrx_word' id='word_1_131' title='bbox 467 1413 565 1442; x_wconf 85' lang='lat' dir='ltr'>multa</span> <span class='ocrx_word' id='word_1_132' title='bbox 588 1418 727 1442; x_wconf 76' lang='lat' dir='ltr'>ramenta</span> <span class='ocrx_word' id='word_1_133' title='bbox 748 1423 803 1443; x_wconf 80' lang='lat' dir='ltr'>au-</span> 
     </span>
     <span class='ocr_line' id='line_1_23' title="bbox 143 1461 802 1501; baseline -0.005 -8"><span class='ocrx_word' id='word_1_134' title='bbox 143 1472 206 1498; x_wconf 86' lang='lat' dir='ltr'>rea,</span> <span class='ocrx_word' id='word_1_135' title='bbox 222 1472 328 1492; x_wconf 83' lang='lat' dir='ltr'>secum</span> <span class='ocrx_word' id='word_1_136' title='bbox 345 1462 473 1497; x_wconf 85' lang='lat' dir='ltr'>ferebat,</span> <span class='ocrx_word' id='word_1_137' title='bbox 490 1461 563 1491; x_wconf 87' lang='lat' dir='ltr'>inde</span> <span class='ocrx_word' id='word_1_138' title='bbox 585 1461 687 1491; x_wconf 89' lang='lat' dir='ltr'>dictus</span> <span class='ocrx_word' id='word_1_139' title='bbox 705 1462 802 1501; x_wconf 71' lang='lat' dir='ltr'>Chry-</span> 
     </span>
     <span class='ocr_line' id='line_1_24' title="bbox 143 1509 801 1546; baseline -0.003 -5"><span class='ocrx_word' id='word_1_140' title='bbox 143 1512 287 1546; x_wconf 80' lang='lat' dir='ltr'>sorrhoas,</span> <span class='ocrx_word' id='word_1_141' title='bbox 324 1516 450 1540; x_wconf 86' lang='lat' dir='ltr'>notante</span> <span class='ocrx_word' id='word_1_142' title='bbox 479 1509 592 1540; x_wconf 85' lang='lat' dir='ltr'>Plinio.</span> <span class='ocrx_word' id='word_1_143' title='bbox 639 1509 748 1539; x_wconf 60' lang='lat' dir='ltr'>Rutila</span> <span class='ocrx_word' id='word_1_144' title='bbox 775 1511 801 1540; x_wconf 81' lang='lat' dir='ltr'>ei</span> 
     </span>
     <span class='ocr_line' id='line_1_25' title="bbox 143 1558 800 1594; baseline 0 -4"><span class='ocrx_word' id='word_1_145' title='bbox 143 1571 236 1591; x_wconf 84' lang='lat' dir='ltr'>arena</span> <span class='ocrx_word' id='word_1_146' title='bbox 255 1560 400 1590; x_wconf 80' lang='lat' dir='ltr'>tribuitur</span> <span class='ocrx_word' id='word_1_147' title='bbox 419 1570 436 1589; x_wconf 86' lang='lat' dir='ltr'>a</span> <span class='ocrx_word' id='word_1_148' title='bbox 455 1559 623 1594; x_wconf 89' lang='lat' dir='ltr'>Juvenale,</span> <span class='ocrx_word' id='word_1_149' title='bbox 647 1558 708 1590; x_wconf 80' lang='lat' dir='ltr'>xiv.</span> <span class='ocrx_word' id='word_1_150' title='bbox 728 1560 800 1590; x_wconf 83' lang='lat'>112.</span> 
     </span>
     <span class='ocr_line' id='line_1_26' title="bbox 145 1608 802 1649; baseline -0.002 -10"><span class='ocrx_word' id='word_1_151' title='bbox 145 1610 228 1640; x_wconf 88' lang='lat' dir='ltr'>Hinc</span> <span class='ocrx_word' id='word_1_152' title='bbox 240 1609 373 1649; x_wconf 66' lang='lat' dir='ltr'>Lydium</span> <span class='ocrx_word' id='word_1_153' title='bbox 387 1619 496 1638; x_wconf 72' lang='lat' dir='ltr'>aarum</span> <span class='ocrx_word' id='word_1_154' title='bbox 509 1613 540 1638; x_wconf 89' lang='lat' dir='ltr'>et</span> <span class='ocrx_word' id='word_1_155' title='bbox 555 1608 674 1637; x_wconf 80' lang='lat' dir='ltr'>Pactoli</span> <span class='ocrx_word' id='word_1_156' title='bbox 689 1610 802 1639; x_wconf 64' lang='lat' dir='ltr'>divitiae</span> 
     </span>
     <span class='ocr_line' id='line_1_27' title="bbox 144 1656 801 1700; baseline -0.002 -12"><span class='ocrx_word' id='word_1_157' title='bbox 144 1657 378 1700; x_wconf 86' lang='lat' dir='ltr'>proverbialiter</span> <span class='ocrx_word' id='word_1_158' title='bbox 413 1656 475 1687; x_wconf 89' lang='lat' dir='ltr'>dici</span> <span class='ocrx_word' id='word_1_159' title='bbox 505 1663 667 1697; x_wconf 87' lang='lat' dir='ltr'>coeperunt</span> <span class='ocrx_word' id='word_1_160' title='bbox 702 1656 741 1687; x_wconf 88' lang='lat' dir='ltr'>de</span> <span class='ocrx_word' id='word_1_161' title='bbox 769 1667 801 1687; x_wconf 90' lang='lat' dir='ltr'>re</span> 
     </span>
     <span class='ocr_line' id='line_1_28' title="bbox 144 1705 802 1748; baseline 0 -11"><span class='ocrx_word' id='word_1_162' title='bbox 144 1707 277 1748; x_wconf 82' lang='lat' dir='ltr'>pretiosa</span> <span class='ocrx_word' id='word_1_163' title='bbox 306 1712 336 1736; x_wconf 89' lang='lat' dir='ltr'>et</span> <span class='ocrx_word' id='word_1_164' title='bbox 362 1705 490 1736; x_wconf 89' lang='lat' dir='ltr'>summis</span> <span class='ocrx_word' id='word_1_165' title='bbox 518 1705 646 1736; x_wconf 85' lang='lat' dir='ltr'>divitiis.</span> <span class='ocrx_word' id='word_1_166' title='bbox 693 1706 802 1737; x_wconf 84' lang='lat' dir='ltr'><strong>Horat.</strong></span> 
     </span>
     <span class='ocr_line' id='line_1_29' title="bbox 144 1755 711 1798; baseline -0.002 -12"><span class='ocrx_word' id='word_1_167' title='bbox 144 1756 244 1798; x_wconf 82' lang='lat' dir='ltr'>Epod.</span> <span class='ocrx_word' id='word_1_168' title='bbox 260 1767 312 1786; x_wconf 87' lang='lat' dir='ltr'>xv.</span> <span class='ocrx_word' id='word_1_169' title='bbox 328 1757 379 1786; x_wconf 82' lang='lat'>20.</span> <span class='ocrx_word' id='word_1_170' title='bbox 399 1755 538 1785; x_wconf 73' lang='lat' dir='ltr'>Pactolus</span> <span class='ocrx_word' id='word_1_171' title='bbox 554 1756 711 1795; x_wconf 77' lang='lat' dir='ltr'>tibifluat.</span> 
     </span>
    </p>

    <p class='ocr_par' dir='ltr' id='par_1_8' title="bbox 144 1803 807 2518">
     <span class='ocr_line' id='line_1_30' title="bbox 193 1803 802 1844; baseline -0.002 -9"><span class='ocrx_word' id='word_1_172' title='bbox 193 1806 264 1836; x_wconf 74' lang='grc'><strong>144.</strong></span> <span class='ocrx_word' id='word_1_173' title='bbox 288 1805 380 1835; x_wconf 72' lang='lat' dir='ltr'>Nunc</span> <span class='ocrx_word' id='word_1_174' title='bbox 395 1815 515 1844; x_wconf 74' lang='lat' dir='ltr'>quoqne,</span> <span class='ocrx_word' id='word_1_175' title='bbox 532 1804 609 1844; x_wconf 82' lang='lat' dir='ltr'>etc.]</span> <span class='ocrx_word' id='word_1_176' title='bbox 636 1803 674 1833; x_wconf 84' lang='lat' dir='ltr'>Id</span> <span class='ocrx_word' id='word_1_177' title='bbox 690 1803 802 1834; x_wconf 84' lang='lat' dir='ltr'>falsum</span> 
     </span>
     <span class='ocr_line' id='line_1_31' title="bbox 144 1852 802 1894; baseline -0.003 -10"><span class='ocrx_word' id='word_1_178' title='bbox 144 1860 192 1885; x_wconf 90' lang='lat' dir='ltr'>est</span> <span class='ocrx_word' id='word_1_179' title='bbox 206 1866 214 1892; x_wconf 81' lang='lat'>3</span> <span class='ocrx_word' id='word_1_180' title='bbox 239 1864 310 1884; x_wconf 85' lang='lat' dir='ltr'>nam</span> <span class='ocrx_word' id='word_1_181' title='bbox 327 1854 448 1889; x_wconf 85' lang='lat' dir='ltr'>Strabo,</span> <span class='ocrx_word' id='word_1_182' title='bbox 464 1852 516 1893; x_wconf 88' lang='lat' dir='ltr'>qui</span> <span class='ocrx_word' id='word_1_183' title='bbox 539 1858 570 1882; x_wconf 90' lang='lat' dir='ltr'>et</span> <span class='ocrx_word' id='word_1_184' title='bbox 585 1852 651 1894; x_wconf 83' lang='lat' dir='ltr'>ipse</span> <span class='ocrx_word' id='word_1_185' title='bbox 667 1852 802 1892; x_wconf 81' lang='lat' dir='ltr'>Augusti</span> 
     </span>
     <span class='ocr_line' id='line_1_32' title="bbox 146 1900 802 1944; baseline -0.003 -11"><span class='ocrx_word' id='word_1_186' title='bbox 146 1908 284 1944; x_wconf 87' lang='lat' dir='ltr'>tempore</span> <span class='ocrx_word' id='word_1_187' title='bbox 301 1902 415 1937; x_wconf 84' lang='lat' dir='ltr'>floruit,</span> <span class='ocrx_word' id='word_1_188' title='bbox 432 1902 549 1937; x_wconf 78' lang='lat' dir='ltr'>scribit,</span> <span class='ocrx_word' id='word_1_189' title='bbox 571 1903 645 1932; x_wconf 75' lang='grc' dir='ltr'>’Νῦν</span> <span class='ocrx_word' id='word_1_190' title='bbox 665 1900 697 1931; x_wconf 76' lang='grc' dir='ltr'>δὲ</span> <span class='ocrx_word' id='word_1_191' title='bbox 717 1900 802 1932; x_wconf 75' lang='grc' dir='ltr'>ἐκλέ-</span> 
     </span>
     <span class='ocr_line' id='line_1_33' title="bbox 144 1949 803 1992; baseline -0.003 -10"><span class='ocrx_word' id='word_1_192' title='bbox 144 1952 237 1982; x_wconf 76' lang='grc' dir='ltr'>λοιπε</span> <span class='ocrx_word' id='word_1_193' title='bbox 257 1952 294 1982; x_wconf 88' lang='grc' dir='ltr'>τὸ</span> <span class='ocrx_word' id='word_1_194' title='bbox 308 1950 439 1992; x_wconf 76' lang='grc' dir='ltr'>ψῆγμα.</span> <span class='ocrx_word' id='word_1_195' title='bbox 486 1949 590 1980; x_wconf 86' lang='lat' dir='ltr'>Multo</span> <span class='ocrx_word' id='word_1_196' title='bbox 609 1950 711 1980; x_wconf 87' lang='lat' dir='ltr'>miuus</span> <span class='ocrx_word' id='word_1_197' title='bbox 728 1961 803 1980; x_wconf 80' lang='lat' dir='ltr'>arva</span> 
     </span>
     <span class='ocr_line' id='line_1_34' title="bbox 147 1998 803 2041; baseline -0.002 -11"><span class='ocrx_word' id='word_1_198' title='bbox 147 2010 285 2041; x_wconf 85' lang='lat' dir='ltr'>unquam</span> <span class='ocrx_word' id='word_1_199' title='bbox 306 1999 410 2030; x_wconf 89' lang='lat' dir='ltr'>vicina</span> <span class='ocrx_word' id='word_1_200' title='bbox 431 1998 591 2040; x_wconf 84' lang='lat' dir='ltr'>riguerunt</span> <span class='ocrx_word' id='word_1_201' title='bbox 610 2009 696 2029; x_wconf 92' lang='lat' dir='ltr'>auro.</span> <span class='ocrx_word' id='word_1_202' title='bbox 742 1999 803 2030; x_wconf 87' lang='lat' dir='ltr'>Sed</span> 
     </span>
     <span class='ocr_line' id='line_1_35' title="bbox 145 2046 802 2089; baseline -0.002 -10"><span class='ocrx_word' id='word_1_203' title='bbox 145 2047 190 2079; x_wconf 83' lang='lat' dir='ltr'>ita</span> <span class='ocrx_word' id='word_1_204' title='bbox 209 2054 240 2079; x_wconf 90' lang='lat' dir='ltr'>et</span> <span class='ocrx_word' id='word_1_205' title='bbox 258 2047 311 2078; x_wconf 91' lang='lat' dir='ltr'>alii</span> <span class='ocrx_word' id='word_1_206' title='bbox 333 2053 444 2089; x_wconf 85' lang='lat' dir='ltr'>poetae.</span> <span class='ocrx_word' id='word_1_207' title='bbox 490 2046 652 2087; x_wconf 84' lang='lat' dir='ltr'>Virgilius,</span> <span class='ocrx_word' id='word_1_208' title='bbox 673 2048 748 2077; x_wconf 82' lang='lat' dir='ltr'>AEn.</span> <span class='ocrx_word' id='word_1_209' title='bbox 769 2059 802 2078; x_wconf 85' lang='lat' dir='ltr'>x.</span> 
     </span>
     <span class='ocr_line' id='line_1_36' title="bbox 151 2097 803 2137; baseline 0 -10"><span class='ocrx_word' id='word_1_210' title='bbox 151 2098 223 2128; x_wconf 85' lang='grc'><strong>142.</strong></span> <span class='ocrx_word' id='word_1_211' title='bbox 238 2098 374 2128; x_wconf 70' lang='lat' dir='ltr'>Pactolos</span> <span class='ocrx_word' id='word_1_212' title='bbox 388 2097 471 2127; x_wconf 80' lang='lat' dir='ltr'>culta</span> <span class='ocrx_word' id='word_1_213' title='bbox 483 2098 593 2137; x_wconf 75' lang='lat' dir='ltr'>irrigat</span> <span class='ocrx_word' id='word_1_214' title='bbox 609 2107 704 2133; x_wconf 72' lang='grc' dir='ltr'>αυτ-0,·</span> <span class='ocrx_word' id='word_1_215' title='bbox 729 2097 803 2127; x_wconf 89' lang='lat' dir='ltr'>Pro-</span> 
     </span>
     <span class='ocr_line' id='line_1_37' title="bbox 147 2145 802 2188; baseline -0.002 -11"><span class='ocrx_word' id='word_1_216' title='bbox 147 2146 275 2188; x_wconf 87' lang='lat' dir='ltr'>pertius,</span> <span class='ocrx_word' id='word_1_217' title='bbox 295 2147 322 2176; x_wconf 92' lang='grc' dir='ltr'>Ι.</span> <span class='ocrx_word' id='word_1_218' title='bbox 343 2145 384 2176; x_wconf 90' lang='grc' dir='ltr'>ν1.</span> <span class='ocrx_word' id='word_1_219' title='bbox 407 2147 460 2176; x_wconf 88' lang='lat'>31.</span> <span class='ocrx_word' id='word_1_220' title='bbox 482 2145 580 2185; x_wconf 76' lang='lat' dir='ltr'>Lydia</span> <span class='ocrx_word' id='word_1_221' title='bbox 605 2145 723 2175; x_wconf 79' lang='lat' dir='ltr'>Pactoli</span> <span class='ocrx_word' id='word_1_222' title='bbox 744 2148 802 2176; x_wconf 83' lang='lat' dir='ltr'>tin·</span> 
     </span>
     <span class='ocr_line' id='line_1_38' title="bbox 147 2194 802 2237; baseline 0 -12"><span class='ocrx_word' id='word_1_223' title='bbox 147 2197 216 2237; x_wconf 71' lang='lat' dir='ltr'>guil</span> <span class='ocrx_word' id='word_1_224' title='bbox 238 2202 343 2225; x_wconf 80' lang='lat' dir='ltr'>aratra</span> <span class='ocrx_word' id='word_1_225' title='bbox 373 2196 490 2235; x_wconf 80' lang='lat' dir='ltr'>liquor,·</span> <span class='ocrx_word' id='word_1_226' title='bbox 529 2195 658 2230; x_wconf 84' lang='lat' dir='ltr'>Seneca,</span> <span class='ocrx_word' id='word_1_227' title='bbox 686 2194 802 2225; x_wconf 85' lang='lat' dir='ltr'>Phoen.</span> 
     </span>
     <span class='ocr_line' id='line_1_39' title="bbox 149 2244 806 2282; baseline 0 -8"><span class='ocrx_word' id='word_1_228' title='bbox 149 2245 223 2274; x_wconf 84' lang='grc'>604.</span> <span class='ocrx_word' id='word_1_229' title='bbox 249 2244 399 2282; x_wconf 74' lang='lat' dir='ltr'>Opulenta</span> <span class='ocrx_word' id='word_1_230' title='bbox 422 2244 563 2273; x_wconf 74' lang='lat' dir='ltr'>Pactolus</span> <span class='ocrx_word' id='word_1_231' title='bbox 581 2244 710 2273; x_wconf 73' lang='lat' dir='ltr'>inundat</span> <span class='ocrx_word' id='word_1_232' title='bbox 731 2255 806 2274; x_wconf 82' lang='lat' dir='ltr'>auro</span> 
     </span>
     <span class='ocr_line' id='line_1_40' title="bbox 147 2292 806 2333; baseline 0.002 -11"><span class='ocrx_word' id='word_1_233' title='bbox 147 2304 235 2323; x_wconf 78' lang='lat' dir='ltr'>rura.</span> <span class='ocrx_word' id='word_1_234' title='bbox 259 2292 316 2322; x_wconf 81' lang='lat' dir='ltr'>Vis</span> <span class='ocrx_word' id='word_1_235' title='bbox 331 2302 423 2322; x_wconf 88' lang='lat' dir='ltr'>aurea</span> <span class='ocrx_word' id='word_1_236' title='bbox 438 2297 632 2333; x_wconf 88' lang='lat' dir='ltr'>comparatur</span> <span class='ocrx_word' id='word_1_237' title='bbox 644 2302 716 2322; x_wconf 87' lang='lat' dir='ltr'>cum</span> <span class='ocrx_word' id='word_1_238' title='bbox 732 2304 806 2323; x_wconf 79' lang='lat' dir='ltr'>vena</span> 
     </span>
     <span class='ocr_line' id='line_1_41' title="bbox 148 2340 807 2380; baseline 0.002 -9"><span class='ocrx_word' id='word_1_239' title='bbox 148 2341 180 2371; x_wconf 91' lang='lat' dir='ltr'>in</span> <span class='ocrx_word' id='word_1_240' title='bbox 197 2340 441 2372; x_wconf 88' lang='lat' dir='ltr'>metallifodinis.</span> <span class='ocrx_word' id='word_1_241' title='bbox 468 2341 597 2380; x_wconf 79' lang='lat' dir='ltr'>Projam</span> <span class='ocrx_word' id='word_1_242' title='bbox 610 2341 807 2372; x_wconf 79' lang='lat' dir='ltr'>Burmannus</span> 
     </span>
     <span class='ocr_line' id='line_1_42' title="bbox 148 2389 807 2430; baseline 0 -10"><span class='ocrx_word' id='word_1_243' title='bbox 148 2389 238 2420; x_wconf 84' lang='lat' dir='ltr'>malit</span> <span class='ocrx_word' id='word_1_244' title='bbox 266 2396 326 2419; x_wconf 79' lang='lat' dir='ltr'>tam</span> <span class='ocrx_word' id='word_1_245' title='bbox 355 2391 480 2425; x_wconf 78' lang='lat' dir='ltr'>receris;</span> <span class='ocrx_word' id='word_1_246' title='bbox 518 2389 562 2419; x_wconf 85' lang='lat' dir='ltr'>ita</span> <span class='ocrx_word' id='word_1_247' title='bbox 591 2389 673 2419; x_wconf 85' lang='lat' dir='ltr'>euim</span> <span class='ocrx_word' id='word_1_248' title='bbox 702 2390 807 2430; x_wconf 84' lang='lat' dir='ltr'>augeri</span> 
     </span>
     <span class='ocr_line' id='line_1_43' title="bbox 149 2439 807 2480; baseline 0 -11"><span class='ocrx_word' id='word_1_249' title='bbox 149 2439 333 2469; x_wconf 83' lang='lat' dir='ltr'>miraculum</span> <span class='ocrx_word' id='word_1_250' title='bbox 363 2449 399 2468; x_wconf 81' lang='lat' dir='ltr'>ex</span> <span class='ocrx_word' id='word_1_251' title='bbox 430 2444 492 2468; x_wconf 87' lang='lat' dir='ltr'>tam</span> <span class='ocrx_word' id='word_1_252' title='bbox 522 2439 648 2479; x_wconf 84' lang='lat' dir='ltr'>antiquo</span> <span class='ocrx_word' id='word_1_253' title='bbox 672 2443 807 2480; x_wconf 81' lang='lat' dir='ltr'>tempore</span> 
     </span>
     <span class='ocr_line' id='line_1_44' title="bbox 152 2487 691 2518; baseline 0 0"><span class='ocrx_word' id='word_1_254' title='bbox 152 2487 255 2518; x_wconf 89' lang='lat' dir='ltr'>adhuc</span> <span class='ocrx_word' id='word_1_255' title='bbox 270 2497 382 2518; x_wconf 89' lang='lat' dir='ltr'>venam</span> <span class='ocrx_word' id='word_1_256' title='bbox 398 2498 524 2518; x_wconf 85' lang='lat' dir='ltr'>auream</span> <span class='ocrx_word' id='word_1_257' title='bbox 540 2488 691 2518; x_wconf 86' lang='lat' dir='ltr'>sufficere.</span> 
     </span>
    </p>

    <p class='ocr_par' dir='ltr' id='par_1_9' title="bbox 152 2535 809 2724">
     <span class='ocr_line' id='line_1_45' title="bbox 197 2535 809 2568; baseline 0.002 -2"><span class='ocrx_word' id='word_1_258' title='bbox 197 2537 267 2566; x_wconf 86' lang='lat'>146.</span> <span class='ocrx_word' id='word_1_259' title='bbox 291 2535 350 2566; x_wconf 83' lang='lat' dir='ltr'>Ille</span> <span class='ocrx_word' id='word_1_260' title='bbox 372 2537 521 2566; x_wconf 83' lang='lat' dir='ltr'>Burman.</span> <span class='ocrx_word' id='word_1_261' title='bbox 545 2542 697 2567; x_wconf 86' lang='lat' dir='ltr'>mutatum</span> <span class='ocrx_word' id='word_1_262' title='bbox 722 2537 809 2568; x_wconf 89' lang='lat' dir='ltr'>malit</span> 
     </span>
     <span class='ocr_line' id='line_1_46' title="bbox 152 2584 809 2627; baseline 0.002 -12"><span class='ocrx_word' id='word_1_263' title='bbox 152 2585 183 2616; x_wconf 87' lang='lat' dir='ltr'>in</span> <span class='ocrx_word' id='word_1_264' title='bbox 196 2584 283 2620; x_wconf 79' lang='lat' dir='ltr'>Inde,</span> <span class='ocrx_word' id='word_1_265' title='bbox 299 2584 330 2615; x_wconf 88' lang='lat' dir='ltr'>id</span> <span class='ocrx_word' id='word_1_266' title='bbox 343 2592 400 2621; x_wconf 88' lang='lat' dir='ltr'>est,</span> <span class='ocrx_word' id='word_1_267' title='bbox 412 2585 494 2621; x_wconf 88' lang='lat' dir='ltr'>ideo,</span> <span class='ocrx_word' id='word_1_268' title='bbox 506 2585 554 2616; x_wconf 88' lang='lat' dir='ltr'>vel</span> <span class='ocrx_word' id='word_1_269' title='bbox 566 2586 604 2616; x_wconf 89' lang='lat' dir='ltr'>ab</span> <span class='ocrx_word' id='word_1_270' title='bbox 614 2595 649 2616; x_wconf 94' lang='lat' dir='ltr'>eo</span> <span class='ocrx_word' id='word_1_271' title='bbox 661 2591 809 2627; x_wconf 87' lang='lat' dir='ltr'>tempore.</span> 
     </span>
     <span class='ocr_line' id='line_1_47' title="bbox 154 2633 807 2675; baseline 0.002 -12"><span class='ocrx_word' id='word_1_272' title='bbox 154 2633 278 2664; x_wconf 82' lang='lat' dir='ltr'>Relicto</span> <span class='ocrx_word' id='word_1_273' title='bbox 296 2633 374 2663; x_wconf 85' lang='lat' dir='ltr'>aulae</span> <span class='ocrx_word' id='word_1_274' title='bbox 395 2633 557 2675; x_wconf 85' lang='lat' dir='ltr'>splendore</span> <span class='ocrx_word' id='word_1_275' title='bbox 574 2635 662 2664; x_wconf 82' lang='lat' dir='ltr'>silvas</span> <span class='ocrx_word' id='word_1_276' title='bbox 679 2641 706 2665; x_wconf 80' lang='lat' dir='ltr'>et</span> <span class='ocrx_word' id='word_1_277' title='bbox 722 2645 807 2670; x_wconf 81' lang='lat' dir='ltr'>rura,</span> 
     </span>
     <span class='ocr_line' id='line_1_48' title="bbox 155 2681 807 2724; baseline 0.003 -13"><span class='ocrx_word' id='word_1_278' title='bbox 155 2681 250 2712; x_wconf 76' lang='lat' dir='ltr'>vitam</span> <span class='ocrx_word' id='word_1_279' title='bbox 266 2681 422 2719; x_wconf 84' lang='lat' dir='ltr'>rusticam,</span> <span class='ocrx_word' id='word_1_280' title='bbox 433 2682 632 2724; x_wconf 69' lang='lat' dir='ltr'>praei&#39;erebat.</span> <span class='ocrx_word' id='word_1_281' title='bbox 659 2683 711 2713; x_wconf 85' lang='lat' dir='ltr'>Ita</span> <span class='ocrx_word' id='word_1_282' title='bbox 726 2682 807 2714; x_wconf 87' lang='lat' dir='ltr'>enim</span> 
     </span>
    </p>
   </div>
   <div class='ocr_carea' id='block_1_7' title="bbox 865 781 1576 2724">
    <p class='ocr_par' dir='ltr' id='par_1_10' title="bbox 865 781 1527 1554">
     <span class='ocr_line' id='line_1_49' title="bbox 865 781 1524 823; baseline 0.002 -12"><span class='ocrx_word' id='word_1_283' title='bbox 865 783 958 812; x_wconf 74' lang='lat' dir='ltr'>colere</span> <span class='ocrx_word' id='word_1_284' title='bbox 968 781 1016 812; x_wconf 85' lang='lat' dir='ltr'>hic</span> <span class='ocrx_word' id='word_1_285' title='bbox 1030 781 1128 823; x_wconf 86' lang='lat' dir='ltr'>accipi</span> <span class='ocrx_word' id='word_1_286' title='bbox 1138 787 1248 823; x_wconf 81' lang='lat' dir='ltr'>potest,</span> <span class='ocrx_word' id='word_1_287' title='bbox 1260 782 1413 823; x_wconf 80' lang='lat' dir='ltr'>praeferre,</span> <span class='ocrx_word' id='word_1_288' title='bbox 1426 781 1524 823; x_wconf 89' lang='lat' dir='ltr'>priore</span> 
     </span>
     <span class='ocr_line' id='line_1_50' title="bbox 865 829 1523 871; baseline 0.002 -11"><span class='ocrx_word' id='word_1_289' title='bbox 865 829 1106 865; x_wconf 87' lang='lat' dir='ltr'>locohabere,ut</span> <span class='ocrx_word' id='word_1_290' title='bbox 1119 830 1201 871; x_wconf 86' lang='lat' dir='ltr'>apud</span> <span class='ocrx_word' id='word_1_291' title='bbox 1212 830 1392 870; x_wconf 70' lang='lat' dir='ltr'>Virgilium,</span> <span class='ocrx_word' id='word_1_292' title='bbox 1407 832 1523 871; x_wconf 77' lang='lat' dir='ltr'>Georg.</span> 
     </span>
     <span class='ocr_line' id='line_1_51' title="bbox 865 878 1523 920; baseline 0 -12"><span class='ocrx_word' id='word_1_293' title='bbox 865 878 897 909; x_wconf 88' lang='lat' dir='ltr'>ii.</span> <span class='ocrx_word' id='word_1_294' title='bbox 913 880 986 910; x_wconf 81' lang='lat'>413.</span> <span class='ocrx_word' id='word_1_295' title='bbox 1006 880 1068 909; x_wconf 77' lang='lat' dir='ltr'>Rus</span> <span class='ocrx_word' id='word_1_296' title='bbox 1082 882 1221 920; x_wconf 56' lang='lat' dir='ltr'>&amp;riguum</span> <span class='ocrx_word' id='word_1_297' title='bbox 1235 881 1332 910; x_wconf 76' lang='lat' dir='ltr'>colito.</span> <span class='ocrx_word' id='word_1_298' title='bbox 1370 879 1457 909; x_wconf 83' lang='lat' dir='ltr'>Idem</span> <span class='ocrx_word' id='word_1_299' title='bbox 1475 892 1523 910; x_wconf 76' lang='lat' dir='ltr'>co-</span> 
     </span>
     <span class='ocr_line' id='line_1_52' title="bbox 867 929 1525 970; baseline 0.003 -12"><span class='ocrx_word' id='word_1_300' title='bbox 867 929 954 964; x_wconf 62' lang='lat' dir='ltr'>lebat,</span> <span class='ocrx_word' id='word_1_301' title='bbox 970 929 1185 964; x_wconf 71' lang='lat' dir='ltr'>venerabatur,</span> <span class='ocrx_word' id='word_1_302' title='bbox 1208 929 1307 958; x_wconf 80' lang='lat' dir='ltr'>Pana.</span> <span class='ocrx_word' id='word_1_303' title='bbox 1353 929 1390 959; x_wconf 90' lang='lat' dir='ltr'>In</span> <span class='ocrx_word' id='word_1_304' title='bbox 1407 929 1525 970; x_wconf 70' lang='lat' dir='ltr'>dilogia</span> 
     </span>
     <span class='ocr_line' id='line_1_53' title="bbox 866 977 1525 1018; baseline 0.003 -11"><span class='ocrx_word' id='word_1_305' title='bbox 866 987 939 1016; x_wconf 71' lang='lat' dir='ltr'>ergo</span> <span class='ocrx_word' id='word_1_306' title='bbox 954 978 1081 1007; x_wconf 90' lang='lat' dir='ltr'>verbum</span> <span class='ocrx_word' id='word_1_307' title='bbox 1099 977 1231 1018; x_wconf 84' lang='lat' dir='ltr'>positum</span> <span class='ocrx_word' id='word_1_308' title='bbox 1249 988 1331 1007; x_wconf 91' lang='lat' dir='ltr'>more</span> <span class='ocrx_word' id='word_1_309' title='bbox 1353 983 1525 1018; x_wconf 86' lang='lat' dir='ltr'>poetarum.</span> 
     </span>
     <span class='ocr_line' id='line_1_54' title="bbox 867 1025 1525 1058; baseline 0.005 -3"><span class='ocrx_word' id='word_1_310' title='bbox 867 1026 918 1056; x_wconf 87' lang='lat' dir='ltr'>De</span> <span class='ocrx_word' id='word_1_311' title='bbox 947 1028 1044 1056; x_wconf 75' lang='lat' dir='ltr'>mitris</span> <span class='ocrx_word' id='word_1_312' title='bbox 1071 1025 1162 1056; x_wconf 81' lang='lat' dir='ltr'>Panis</span> <span class='ocrx_word' id='word_1_313' title='bbox 1190 1026 1261 1056; x_wconf 87' lang='lat' dir='ltr'>vide</span> <span class='ocrx_word' id='word_1_314' title='bbox 1288 1026 1327 1056; x_wconf 89' lang='lat' dir='ltr'>ad</span> <span class='ocrx_word' id='word_1_315' title='bbox 1350 1027 1371 1056; x_wconf 89' lang='lat' dir='ltr'>i.</span> <span class='ocrx_word' id='word_1_316' title='bbox 1395 1028 1468 1057; x_wconf 79' lang='lat'>699.</span> <span class='ocrx_word' id='word_1_317' title='bbox 1494 1033 1525 1058; x_wconf 80' lang='lat' dir='ltr'>ct</span> 
     </span>
     <span class='ocr_line' id='line_1_55' title="bbox 867 1074 1524 1116; baseline 0.005 -12"><span class='ocrx_word' id='word_1_318' title='bbox 867 1074 1050 1104; x_wconf 80' lang='lat' dir='ltr'>Barnesium</span> <span class='ocrx_word' id='word_1_319' title='bbox 1074 1074 1112 1104; x_wconf 91' lang='lat' dir='ltr'>ad</span> <span class='ocrx_word' id='word_1_320' title='bbox 1143 1074 1333 1116; x_wconf 85' lang='lat' dir='ltr'>Euripidem,</span> <span class='ocrx_word' id='word_1_321' title='bbox 1360 1076 1426 1106; x_wconf 90' lang='lat' dir='ltr'>lon.</span> <span class='ocrx_word' id='word_1_322' title='bbox 1451 1078 1524 1107; x_wconf 78' lang='lat'>402.</span> 
     </span>
     <span class='ocr_line' id='line_1_56' title="bbox 868 1124 1523 1164; baseline 0.003 -11"><span class='ocrx_word' id='word_1_323' title='bbox 868 1124 1001 1164; x_wconf 76' lang='lat' dir='ltr'>Pingue,</span> <span class='ocrx_word' id='word_1_324' title='bbox 1023 1124 1168 1154; x_wconf 86' lang='lat' dir='ltr'>stolidum</span> <span class='ocrx_word' id='word_1_325' title='bbox 1187 1130 1221 1153; x_wconf 88' lang='lat' dir='ltr'>ut</span> <span class='ocrx_word' id='word_1_326' title='bbox 1244 1124 1327 1164; x_wconf 84' lang='lat' dir='ltr'>apud</span> <span class='ocrx_word' id='word_1_327' title='bbox 1348 1125 1523 1161; x_wconf 84' lang='lat' dir='ltr'>Horatium,</span> 
     </span>
     <span class='ocr_line' id='line_1_57' title="bbox 868 1172 1526 1214; baseline 0.002 -11"><span class='ocrx_word' id='word_1_328' title='bbox 868 1174 931 1203; x_wconf 84' lang='lat' dir='ltr'>Sat.</span> <span class='ocrx_word' id='word_1_329' title='bbox 956 1173 982 1203; x_wconf 93' lang='grc'>1.</span> <span class='ocrx_word' id='word_1_330' title='bbox 1000 1172 1047 1202; x_wconf 90' lang='lat' dir='ltr'>iii.</span> <span class='ocrx_word' id='word_1_331' title='bbox 1072 1174 1124 1203; x_wconf 80' lang='lat'>58.</span> <span class='ocrx_word' id='word_1_332' title='bbox 1172 1172 1342 1203; x_wconf 76' lang='lat' dir='ltr'>Proecordia</span> <span class='ocrx_word' id='word_1_333' title='bbox 1370 1180 1526 1214; x_wconf 84' lang='lat' dir='ltr'>ponuntur</span> 
     </span>
     <span class='ocr_line' id='line_1_58' title="bbox 868 1220 1520 1262; baseline 0.003 -12"><span class='ocrx_word' id='word_1_334' title='bbox 868 1232 921 1262; x_wconf 90' lang='lat' dir='ltr'>pro</span> <span class='ocrx_word' id='word_1_335' title='bbox 934 1221 1036 1255; x_wconf 86' lang='lat' dir='ltr'>corde,</span> <span class='ocrx_word' id='word_1_336' title='bbox 1048 1220 1160 1251; x_wconf 87' lang='lat' dir='ltr'>deinde</span> <span class='ocrx_word' id='word_1_337' title='bbox 1173 1231 1226 1262; x_wconf 91' lang='lat' dir='ltr'>pro</span> <span class='ocrx_word' id='word_1_338' title='bbox 1238 1221 1340 1251; x_wconf 88' lang='lat' dir='ltr'>animo</span> <span class='ocrx_word' id='word_1_339' title='bbox 1353 1228 1383 1251; x_wconf 88' lang='lat' dir='ltr'>et</span> <span class='ocrx_word' id='word_1_340' title='bbox 1395 1229 1497 1252; x_wconf 88' lang='lat' dir='ltr'>mente</span> <span class='ocrx_word' id='word_1_341' title='bbox 1512 1234 1520 1260; x_wconf 83' lang='lat'><em>3</em></span> 
     </span>
     <span class='ocr_line' id='line_1_59' title="bbox 866 1269 1522 1309; baseline 0.003 -10"><span class='ocrx_word' id='word_1_342' title='bbox 866 1269 938 1299; x_wconf 90' lang='lat' dir='ltr'>hinc</span> <span class='ocrx_word' id='word_1_343' title='bbox 964 1279 1044 1300; x_wconf 90' lang='lat' dir='ltr'>nunc</span> <span class='ocrx_word' id='word_1_344' title='bbox 1079 1271 1241 1309; x_wconf 76' lang='lat' dir='ltr'>proecordia</span> <span class='ocrx_word' id='word_1_345' title='bbox 1277 1271 1394 1305; x_wconf 79' lang='lat' dir='ltr'>mentis,</span> <span class='ocrx_word' id='word_1_346' title='bbox 1423 1281 1522 1307; x_wconf 83' lang='lat' dir='ltr'>mens,</span> 
     </span>
     <span class='ocr_line' id='line_1_60' title="bbox 868 1317 1524 1360; baseline 0.005 -13"><span class='ocrx_word' id='word_1_347' title='bbox 868 1317 944 1348; x_wconf 86' lang='lat' dir='ltr'>forte</span> <span class='ocrx_word' id='word_1_348' title='bbox 960 1318 1000 1348; x_wconf 87' lang='lat' dir='ltr'>ad</span> <span class='ocrx_word' id='word_1_349' title='bbox 1019 1318 1231 1353; x_wconf 84' lang='lat' dir='ltr'>Homericum,</span> <span class='ocrx_word' id='word_1_350' title='bbox 1248 1318 1282 1349; x_wconf 77' lang='grc' dir='ltr'>ἐν</span> <span class='ocrx_word' id='word_1_351' title='bbox 1301 1319 1391 1359; x_wconf 79' lang='grc' dir='ltr'><em>φρεσὶ</em></span> <span class='ocrx_word' id='word_1_352' title='bbox 1414 1319 1524 1360; x_wconf 86' lang='grc' dir='ltr'><strong><em>Θυμός.</em></strong></span> 
     </span>
     <span class='ocr_line' id='line_1_61' title="bbox 870 1367 1527 1399; baseline 0.005 -3"><span class='ocrx_word' id='word_1_353' title='bbox 870 1367 956 1397; x_wconf 81' lang='lat' dir='ltr'>Mens</span> <span class='ocrx_word' id='word_1_354' title='bbox 978 1369 1071 1397; x_wconf 76' lang='lat' dir='ltr'>animi</span> <span class='ocrx_word' id='word_1_355' title='bbox 1094 1367 1238 1397; x_wconf 79' lang='lat' dir='ltr'>dixerunt</span> <span class='ocrx_word' id='word_1_356' title='bbox 1261 1368 1391 1398; x_wconf 77' lang='lat' dir='ltr'>Plautus</span> <span class='ocrx_word' id='word_1_357' title='bbox 1414 1374 1445 1398; x_wconf 88' lang='lat' dir='ltr'>et</span> <span class='ocrx_word' id='word_1_358' title='bbox 1464 1369 1527 1399; x_wconf 88' lang='lat' dir='ltr'>Ca-</span> 
     </span>
     <span class='ocr_line' id='line_1_62' title="bbox 868 1416 1523 1453; baseline 0.002 -7"><span class='ocrx_word' id='word_1_359' title='bbox 868 1416 979 1447; x_wconf 87' lang='lat' dir='ltr'>tullus:</span> <span class='ocrx_word' id='word_1_360' title='bbox 1014 1416 1084 1446; x_wconf 85' lang='lat' dir='ltr'>vide</span> <span class='ocrx_word' id='word_1_361' title='bbox 1110 1416 1273 1446; x_wconf 83' lang='lat' dir='ltr'>Schrader.</span> <span class='ocrx_word' id='word_1_362' title='bbox 1293 1416 1332 1446; x_wconf 90' lang='lat' dir='ltr'>ad</span> <span class='ocrx_word' id='word_1_363' title='bbox 1355 1417 1523 1453; x_wconf 68' lang='lat' dir='ltr'>Musaeum,</span> 
     </span>
     <span class='ocr_line' id='line_1_63' title="bbox 869 1464 1525 1506; baseline 0.006 -12"><span class='ocrx_word' id='word_1_364' title='bbox 869 1475 940 1506; x_wconf 83' lang='lat' dir='ltr'>pag.</span> <span class='ocrx_word' id='word_1_365' title='bbox 974 1465 1044 1494; x_wconf 83' lang='lat'>192.</span> <span class='ocrx_word' id='word_1_366' title='bbox 1088 1464 1225 1495; x_wconf 87' lang='lat' dir='ltr'>Sosibius</span> <span class='ocrx_word' id='word_1_367' title='bbox 1254 1465 1282 1494; x_wconf 93' lang='lat' dir='ltr'>ei</span> <span class='ocrx_word' id='word_1_368' title='bbox 1310 1465 1416 1496; x_wconf 85' lang='lat' dir='ltr'>tribuit</span> <span class='ocrx_word' id='word_1_369' title='bbox 1444 1468 1525 1498; x_wconf 76' lang='grc' dir='ltr'>νοῦν</span> 
     </span>
     <span class='ocr_line' id='line_1_64' title="bbox 869 1513 1129 1554; baseline 0 -12"><span class='ocrx_word' id='word_1_370' title='bbox 869 1513 972 1554; x_wconf 81' lang='grc' dir='ltr'>φωτὸς</span> <span class='ocrx_word' id='word_1_371' title='bbox 985 1513 1129 1550; x_wconf 77' lang='grc' dir='ltr'>εὐὴθους.</span> 
     </span>
    </p>

    <p class='ocr_par' dir='ltr' id='par_1_11' title="bbox 868 1562 1576 2724">
     <span class='ocr_line' id='line_1_65' title="bbox 916 1562 1527 1602; baseline 0.007 -12"><span class='ocrx_word' id='word_1_372' title='bbox 916 1562 1092 1592; x_wconf 80' lang='grc'><strong>146-193.</strong></span> <span class='ocrx_word' id='word_1_373' title='bbox 1131 1562 1223 1591; x_wconf 64' lang='lat' dir='ltr'>Midae</span> <span class='ocrx_word' id='word_1_374' title='bbox 1259 1562 1373 1602; x_wconf 65' lang='lat' dir='ltr'>aures]</span> <span class='ocrx_word' id='word_1_375' title='bbox 1413 1563 1527 1594; x_wconf 83' lang='lat' dir='ltr'>Confer</span> 
     </span>
     <span class='ocr_line' id='line_1_66' title="bbox 868 1610 1525 1653; baseline 0.006 -14"><span class='ocrx_word' id='word_1_376' title='bbox 868 1610 1024 1651; x_wconf 84' lang='lat' dir='ltr'>Hyginus,</span> <span class='ocrx_word' id='word_1_377' title='bbox 1041 1611 1104 1642; x_wconf 84' lang='lat' dir='ltr'>fab.</span> <span class='ocrx_word' id='word_1_378' title='bbox 1123 1611 1179 1640; x_wconf 88' lang='grc'>191</span> <span class='ocrx_word' id='word_1_379' title='bbox 1202 1622 1210 1648; x_wconf 81' lang='lat'><em>3</em></span> <span class='ocrx_word' id='word_1_380' title='bbox 1242 1611 1435 1651; x_wconf 82' lang='lat' dir='ltr'>FulgentiuS‚</span> <span class='ocrx_word' id='word_1_381' title='bbox 1450 1614 1525 1653; x_wconf 88' lang='lat' dir='ltr'>My-</span> 
     </span>
     <span class='ocr_line' id='line_1_67' title="bbox 869 1658 1526 1701; baseline 0.005 -12"><span class='ocrx_word' id='word_1_382' title='bbox 869 1658 985 1700; x_wconf 84' lang='lat' dir='ltr'>tholog.</span> <span class='ocrx_word' id='word_1_383' title='bbox 1029 1659 1073 1689; x_wconf 89' lang='lat' dir='ltr'>iii.</span> <span class='ocrx_word' id='word_1_384' title='bbox 1111 1661 1151 1697; x_wconf 84' lang='lat'>93</span> <span class='ocrx_word' id='word_1_385' title='bbox 1197 1659 1365 1701; x_wconf 86' lang='lat' dir='ltr'>Nicephor.</span> <span class='ocrx_word' id='word_1_386' title='bbox 1411 1668 1526 1693; x_wconf 84' lang='lat' dir='ltr'>narrat.</span> 
     </span>
     <span class='ocr_line' id='line_1_68' title="bbox 869 1706 1526 1746; baseline 0.006 -9"><span class='ocrx_word' id='word_1_387' title='bbox 869 1706 914 1737; x_wconf 88' lang='lat' dir='ltr'>iii.</span> <span class='ocrx_word' id='word_1_388' title='bbox 953 1709 992 1738; x_wconf 87' lang='lat' dir='ltr'>ab</span> <span class='ocrx_word' id='word_1_389' title='bbox 1026 1708 1141 1738; x_wconf 86' lang='lat' dir='ltr'>Allatio</span> <span class='ocrx_word' id='word_1_390' title='bbox 1178 1708 1301 1746; x_wconf 81' lang='lat' dir='ltr'>editus3</span> <span class='ocrx_word' id='word_1_391' title='bbox 1345 1708 1457 1740; x_wconf 90' lang='lat' dir='ltr'>Suidas</span> <span class='ocrx_word' id='word_1_392' title='bbox 1493 1710 1526 1741; x_wconf 88' lang='lat' dir='ltr'>in</span> 
     </span>
     <span class='ocr_line' id='line_1_69' title="bbox 871 1756 1528 1794; baseline 0.003 -7"><span class='ocrx_word' id='word_1_393' title='bbox 871 1756 988 1794; x_wconf 74' lang='grc' dir='ltr'><em>Μίδας.</em></span> <span class='ocrx_word' id='word_1_394' title='bbox 1032 1758 1215 1788; x_wconf 86' lang='lat' dir='ltr'>Tractarant</span> <span class='ocrx_word' id='word_1_395' title='bbox 1252 1757 1318 1787; x_wconf 86' lang='lat' dir='ltr'>haec</span> <span class='ocrx_word' id='word_1_396' title='bbox 1356 1763 1387 1788; x_wconf 93' lang='lat' dir='ltr'>et</span> <span class='ocrx_word' id='word_1_397' title='bbox 1417 1759 1528 1789; x_wconf 83' lang='lat' dir='ltr'>Hesio-</span> 
     </span>
     <span class='ocr_line' id='line_1_70' title="bbox 869 1805 1576 1848; baseline 0.004 -12"><span class='ocrx_word' id='word_1_398' title='bbox 869 1805 938 1842; x_wconf 88' lang='lat' dir='ltr'>dus,</span> <span class='ocrx_word' id='word_1_399' title='bbox 968 1817 1061 1848; x_wconf 91' lang='lat' dir='ltr'>quem</span> <span class='ocrx_word' id='word_1_400' title='bbox 1097 1806 1270 1837; x_wconf 87' lang='lat' dir='ltr'>consentire</span> <span class='ocrx_word' id='word_1_401' title='bbox 1306 1817 1376 1837; x_wconf 87' lang='lat' dir='ltr'>cum</span> <span class='ocrx_word' id='word_1_402' title='bbox 1412 1808 1527 1839; x_wconf 87' lang='lat' dir='ltr'>Nostro</span> <span class='ocrx_word' id='word_1_403' title='bbox 1574 1819 1576 1825; x_wconf 73' lang='grc'>’</span> 
     </span>
     <span class='ocr_line' id='line_1_71' title="bbox 869 1854 1527 1895; baseline 0.005 -11"><span class='ocrx_word' id='word_1_404' title='bbox 869 1855 1053 1886; x_wconf 85' lang='lat' dir='ltr'>Lactantius</span> <span class='ocrx_word' id='word_1_405' title='bbox 1080 1854 1112 1885; x_wconf 89' lang='lat' dir='ltr'>in</span> <span class='ocrx_word' id='word_1_406' title='bbox 1140 1855 1216 1895; x_wconf 85' lang='lat' dir='ltr'>Arg.</span> <span class='ocrx_word' id='word_1_407' title='bbox 1252 1855 1305 1890; x_wconf 87' lang='lat' dir='ltr'>ait,</span> <span class='ocrx_word' id='word_1_408' title='bbox 1335 1861 1366 1885; x_wconf 90' lang='lat' dir='ltr'>et</span> <span class='ocrx_word' id='word_1_409' title='bbox 1390 1856 1527 1887; x_wconf 85' lang='lat' dir='ltr'>Sosibius</span> 
     </span>
     <span class='ocr_line' id='line_1_72' title="bbox 869 1903 1525 1944; baseline 0.003 -11"><span class='ocrx_word' id='word_1_410' title='bbox 869 1903 1017 1944; x_wconf 86' lang='lat' dir='ltr'>tragicus.</span> <span class='ocrx_word' id='word_1_411' title='bbox 1064 1903 1159 1934; x_wconf 80' lang='lat' dir='ltr'>Varie</span> <span class='ocrx_word' id='word_1_412' title='bbox 1177 1904 1306 1934; x_wconf 86' lang='lat' dir='ltr'>Veteres</span> <span class='ocrx_word' id='word_1_413' title='bbox 1329 1903 1409 1934; x_wconf 88' lang='lat' dir='ltr'>hanc</span> <span class='ocrx_word' id='word_1_414' title='bbox 1435 1905 1525 1936; x_wconf 85' lang='lat' dir='ltr'>fabu-</span> 
     </span>
     <span class='ocr_line' id='line_1_73' title="bbox 869 1952 1527 1993; baseline 0.003 -11"><span class='ocrx_word' id='word_1_415' title='bbox 869 1952 932 1982; x_wconf 85' lang='lat' dir='ltr'>lam</span> <span class='ocrx_word' id='word_1_416' title='bbox 962 1952 1154 1993; x_wconf 82' lang='lat' dir='ltr'>interpretati</span> <span class='ocrx_word' id='word_1_417' title='bbox 1191 1957 1274 1982; x_wconf 84' lang='lat' dir='ltr'>sunt.</span> <span class='ocrx_word' id='word_1_418' title='bbox 1318 1952 1400 1982; x_wconf 89' lang='lat' dir='ltr'>Vide</span> <span class='ocrx_word' id='word_1_419' title='bbox 1422 1953 1527 1984; x_wconf 89' lang='lat' dir='ltr'>Schol.</span> 
     </span>
     <span class='ocr_line' id='line_1_74' title="bbox 869 2000 1525 2042; baseline 0.003 -12"><span class='ocrx_word' id='word_1_420' title='bbox 869 2001 1086 2042; x_wconf 88' lang='lat' dir='ltr'>Aristophanis</span> <span class='ocrx_word' id='word_1_421' title='bbox 1113 2000 1152 2031; x_wconf 90' lang='lat' dir='ltr'>ad</span> <span class='ocrx_word' id='word_1_422' title='bbox 1172 2001 1256 2032; x_wconf 87' lang='lat' dir='ltr'>Plut.</span> <span class='ocrx_word' id='word_1_423' title='bbox 1285 2011 1346 2031; x_wconf 89' lang='lat' dir='ltr'>ver.</span> <span class='ocrx_word' id='word_1_424' title='bbox 1372 2002 1446 2032; x_wconf 80' lang='lat'>287.</span> <span class='ocrx_word' id='word_1_425' title='bbox 1472 2002 1525 2033; x_wconf 89' lang='lat' dir='ltr'>ubi</span> 
     </span>
     <span class='ocr_line' id='line_1_75' title="bbox 870 2050 1528 2091; baseline 0.003 -11"><span class='ocrx_word' id='word_1_426' title='bbox 870 2051 1043 2091; x_wconf 88' lang='lat' dir='ltr'>complures</span> <span class='ocrx_word' id='word_1_427' title='bbox 1066 2050 1237 2080; x_wconf 85' lang='lat' dir='ltr'>sententias</span> <span class='ocrx_word' id='word_1_428' title='bbox 1263 2056 1412 2087; x_wconf 88' lang='lat' dir='ltr'>recenset,</span> <span class='ocrx_word' id='word_1_429' title='bbox 1437 2062 1468 2081; x_wconf 93' lang='lat' dir='ltr'>v.</span> <span class='ocrx_word' id='word_1_430' title='bbox 1498 2062 1528 2082; x_wconf 88' lang='lat' dir='ltr'>c.</span> 
     </span>
     <span class='ocr_line' id='line_1_76' title="bbox 871 2098 1527 2135; baseline 0.005 -7"><span class='ocrx_word' id='word_1_431' title='bbox 871 2109 941 2129; x_wconf 78' lang='lat' dir='ltr'>eum</span> <span class='ocrx_word' id='word_1_432' title='bbox 959 2098 1101 2129; x_wconf 86' lang='lat' dir='ltr'>habuisse</span> <span class='ocrx_word' id='word_1_433' title='bbox 1118 2099 1336 2135; x_wconf 80' lang='grc' dir='ltr'><em>ὠτακουστὰς,</em></span> <span class='ocrx_word' id='word_1_434' title='bbox 1353 2098 1384 2129; x_wconf 89' lang='lat' dir='ltr'>id</span> <span class='ocrx_word' id='word_1_435' title='bbox 1400 2104 1456 2135; x_wconf 89' lang='lat' dir='ltr'>est,</span> <span class='ocrx_word' id='word_1_436' title='bbox 1472 2100 1527 2131; x_wconf 87' lang='lat' dir='ltr'>de—</span> 
     </span>
     <span class='ocr_line' id='line_1_77' title="bbox 870 2147 1526 2188; baseline 0.005 -12"><span class='ocrx_word' id='word_1_437' title='bbox 870 2147 994 2183; x_wconf 86' lang='lat' dir='ltr'>latores,</span> <span class='ocrx_word' id='word_1_438' title='bbox 1018 2147 1083 2188; x_wconf 89' lang='lat' dir='ltr'>qui,</span> <span class='ocrx_word' id='word_1_439' title='bbox 1103 2157 1297 2188; x_wconf 84' lang='lat' dir='ltr'>quaecunque</span> <span class='ocrx_word' id='word_1_440' title='bbox 1324 2147 1526 2185; x_wconf 88' lang='lat' dir='ltr'>audivissent,</span> 
     </span>
     <span class='ocr_line' id='line_1_78' title="bbox 873 2195 1527 2232; baseline 0.003 -6"><span class='ocrx_word' id='word_1_441' title='bbox 873 2195 910 2226; x_wconf 91' lang='lat' dir='ltr'>ad</span> <span class='ocrx_word' id='word_1_442' title='bbox 937 2206 1006 2226; x_wconf 89' lang='lat' dir='ltr'>eum</span> <span class='ocrx_word' id='word_1_443' title='bbox 1025 2195 1191 2232; x_wconf 74' lang='lat' dir='ltr'>deferrent,</span> <span class='ocrx_word' id='word_1_444' title='bbox 1215 2201 1269 2225; x_wconf 90' lang='lat' dir='ltr'>aut</span> <span class='ocrx_word' id='word_1_445' title='bbox 1291 2206 1361 2226; x_wconf 86' lang='lat' dir='ltr'>eum</span> <span class='ocrx_word' id='word_1_446' title='bbox 1383 2196 1527 2228; x_wconf 86' lang='lat' dir='ltr'>habuisse</span> 
     </span>
     <span class='ocr_line' id='line_1_79' title="bbox 871 2243 1528 2280; baseline 0.002 -6"><span class='ocrx_word' id='word_1_447' title='bbox 871 2244 973 2274; x_wconf 87' lang='lat' dir='ltr'>vicum</span> <span class='ocrx_word' id='word_1_448' title='bbox 990 2254 1079 2274; x_wconf 84' lang='lat' dir='ltr'>aures</span> <span class='ocrx_word' id='word_1_449' title='bbox 1097 2243 1174 2274; x_wconf 79' lang='lat' dir='ltr'>asini</span> <span class='ocrx_word' id='word_1_450' title='bbox 1192 2243 1320 2280; x_wconf 87' lang='lat' dir='ltr'>dictum,</span> <span class='ocrx_word' id='word_1_451' title='bbox 1336 2249 1397 2274; x_wconf 85' lang='lat' dir='ltr'>etc.</span> <span class='ocrx_word' id='word_1_452' title='bbox 1441 2245 1528 2276; x_wconf 63' lang='lat' dir='ltr'>Aris&lt;</span> 
     </span>
     <span class='ocr_line' id='line_1_80' title="bbox 872 2293 1526 2334; baseline 0.005 -12"><span class='ocrx_word' id='word_1_453' title='bbox 872 2293 1015 2334; x_wconf 84' lang='lat' dir='ltr'>toplianis</span> <span class='ocrx_word' id='word_1_454' title='bbox 1039 2303 1109 2323; x_wconf 91' lang='lat' dir='ltr'>vero</span> <span class='ocrx_word' id='word_1_455' title='bbox 1133 2293 1281 2334; x_wconf 88' lang='lat' dir='ltr'>interpres</span> <span class='ocrx_word' id='word_1_456' title='bbox 1304 2298 1406 2323; x_wconf 83' lang='lat' dir='ltr'>narrat</span> <span class='ocrx_word' id='word_1_457' title='bbox 1428 2294 1526 2325; x_wconf 76' lang='lat' dir='ltr'>Midae</span> 
     </span>
     <span class='ocr_line' id='line_1_81' title="bbox 874 2341 1528 2383; baseline 0.006 -13"><span class='ocrx_word' id='word_1_458' title='bbox 874 2348 984 2372; x_wconf 86' lang='lat' dir='ltr'>natura</span> <span class='ocrx_word' id='word_1_459' title='bbox 1011 2342 1183 2383; x_wconf 62' lang='lat' dir='ltr'>praelongas</span> <span class='ocrx_word' id='word_1_460' title='bbox 1210 2341 1303 2372; x_wconf 87' lang='lat' dir='ltr'>fuisse</span> <span class='ocrx_word' id='word_1_461' title='bbox 1334 2352 1441 2380; x_wconf 84' lang='lat' dir='ltr'>aures;</span> <span class='ocrx_word' id='word_1_462' title='bbox 1477 2344 1528 2374; x_wconf 92' lang='lat' dir='ltr'>vel</span> 
     </span>
     <span class='ocr_line' id='line_1_82' title="bbox 874 2389 1527 2431; baseline 0.003 -11"><span class='ocrx_word' id='word_1_463' title='bbox 874 2389 968 2420; x_wconf 85' lang='lat' dir='ltr'>etiam</span> <span class='ocrx_word' id='word_1_464' title='bbox 984 2390 1066 2431; x_wconf 90' lang='lat' dir='ltr'>quod</span> <span class='ocrx_word' id='word_1_465' title='bbox 1089 2390 1206 2420; x_wconf 83' lang='lat' dir='ltr'>Bacchi</span> <span class='ocrx_word' id='word_1_466' title='bbox 1229 2389 1329 2419; x_wconf 85' lang='lat' dir='ltr'>asinos</span> <span class='ocrx_word' id='word_1_467' title='bbox 1349 2391 1527 2430; x_wconf 87' lang='lat' dir='ltr'>praeteriens</span> 
     </span>
     <span class='ocr_line' id='line_1_83' title="bbox 874 2438 1528 2479; baseline 0.006 -11"><span class='ocrx_word' id='word_1_468' title='bbox 874 2438 987 2479; x_wconf 90' lang='lat' dir='ltr'>injuria</span> <span class='ocrx_word' id='word_1_469' title='bbox 1007 2439 1171 2474; x_wconf 84' lang='lat' dir='ltr'>affecisset,</span> <span class='ocrx_word' id='word_1_470' title='bbox 1193 2438 1302 2468; x_wconf 84' lang='lat' dir='ltr'>affixas</span> <span class='ocrx_word' id='word_1_471' title='bbox 1321 2438 1366 2468; x_wconf 89' lang='lat' dir='ltr'>illi</span> <span class='ocrx_word' id='word_1_472' title='bbox 1389 2440 1428 2469; x_wconf 93' lang='lat' dir='ltr'>ab</span> <span class='ocrx_word' id='word_1_473' title='bbox 1449 2439 1528 2472; x_wconf 85' lang='lat' dir='ltr'>irato</span> 
     </span>
     <span class='ocr_line' id='line_1_84' title="bbox 875 2487 1528 2521; baseline 0.008 -5"><span class='ocrx_word' id='word_1_474' title='bbox 875 2488 1000 2518; x_wconf 89' lang='lat' dir='ltr'>numine</span> <span class='ocrx_word' id='word_1_475' title='bbox 1012 2498 1101 2518; x_wconf 90' lang='lat' dir='ltr'>aures</span> <span class='ocrx_word' id='word_1_476' title='bbox 1113 2487 1261 2517; x_wconf 84' lang='lat' dir='ltr'>asininas.</span> <span class='ocrx_word' id='word_1_477' title='bbox 1285 2487 1410 2518; x_wconf 84' lang='lat' dir='ltr'>Tzetzes</span> <span class='ocrx_word' id='word_1_478' title='bbox 1424 2496 1528 2521; x_wconf 84' lang='lat' dir='ltr'>autem</span> 
     </span>
     <span class='ocr_line' id='line_1_85' title="bbox 875 2535 1527 2577; baseline 0.005 -11"><span class='ocrx_word' id='word_1_479' title='bbox 875 2536 914 2566; x_wconf 89' lang='lat' dir='ltr'>ad</span> <span class='ocrx_word' id='word_1_480' title='bbox 953 2536 1103 2577; x_wconf 80' lang='lat' dir='ltr'>Lycoplir.</span> <span class='ocrx_word' id='word_1_481' title='bbox 1137 2536 1239 2572; x_wconf 86' lang='lat' dir='ltr'>refert,</span> <span class='ocrx_word' id='word_1_482' title='bbox 1268 2535 1345 2566; x_wconf 88' lang='lat' dir='ltr'>duos</span> <span class='ocrx_word' id='word_1_483' title='bbox 1376 2535 1467 2568; x_wconf 85' lang='lat' dir='ltr'>fuisse</span> <span class='ocrx_word' id='word_1_484' title='bbox 1495 2538 1527 2570; x_wconf 91' lang='lat' dir='ltr'>in</span> 
     </span>
     <span class='ocr_line' id='line_1_86' title="bbox 875 2584 1527 2625; baseline 0.006 -11"><span class='ocrx_word' id='word_1_485' title='bbox 875 2584 1012 2625; x_wconf 81' lang='lat' dir='ltr'>Phrygia</span> <span class='ocrx_word' id='word_1_486' title='bbox 1030 2584 1136 2620; x_wconf 85' lang='lat' dir='ltr'>colles,</span> <span class='ocrx_word' id='word_1_487' title='bbox 1156 2585 1209 2625; x_wconf 89' lang='lat' dir='ltr'>qui</span> <span class='ocrx_word' id='word_1_488' title='bbox 1232 2595 1318 2614; x_wconf 73' lang='lat' dir='ltr'>aures</span> <span class='ocrx_word' id='word_1_489' title='bbox 1340 2587 1416 2615; x_wconf 80' lang='lat' dir='ltr'>asini</span> <span class='ocrx_word' id='word_1_490' title='bbox 1437 2597 1527 2618; x_wconf 91' lang='lat' dir='ltr'>voca-</span> 
     </span>
     <span class='ocr_line' id='line_1_87' title="bbox 875 2633 1526 2674; baseline 0.003 -10"><span class='ocrx_word' id='word_1_491' title='bbox 875 2640 989 2669; x_wconf 82' lang='lat' dir='ltr'>rentur,</span> <span class='ocrx_word' id='word_1_492' title='bbox 1002 2643 1078 2674; x_wconf 87' lang='lat' dir='ltr'>quos</span> <span class='ocrx_word' id='word_1_493' title='bbox 1089 2644 1183 2674; x_wconf 82' lang='lat' dir='ltr'>quum</span> <span class='ocrx_word' id='word_1_494' title='bbox 1193 2633 1400 2674; x_wconf 60' lang='lat' dir='ltr'>expugnasset</span> <span class='ocrx_word' id='word_1_495' title='bbox 1413 2634 1526 2673; x_wconf 86' lang='lat' dir='ltr'>Midas,</span> 
     </span>
     <span class='ocr_line' id='line_1_88' title="bbox 875 2682 1527 2724; baseline 0.006 -12"><span class='ocrx_word' id='word_1_496' title='bbox 875 2682 1069 2724; x_wconf 83' lang='lat' dir='ltr'>latronesque</span> <span class='ocrx_word' id='word_1_497' title='bbox 1091 2682 1162 2714; x_wconf 86' lang='lat' dir='ltr'>inde</span> <span class='ocrx_word' id='word_1_498' title='bbox 1179 2682 1364 2718; x_wconf 80' lang='lat' dir='ltr'>sustulisset,</span> <span class='ocrx_word' id='word_1_499' title='bbox 1389 2683 1527 2716; x_wconf 84' lang='lat' dir='ltr'>fabulose</span> 
     </span>
    </p>
   </div>
  </div>
 </body>
</html>
