<?xml version="1.0" encoding="UTF-8"?>
<!DOCTYPE html PUBLIC "-//W3C//DTD XHTML 1.0 Transitional//EN"
    "http://www.w3.org/TR/xhtml1/DTD/xhtml1-transitional.dtd">
<html xmlns="http://www.w3.org/1999/xhtml" xml:lang="en" lang="en">
 <head>
  <title>
</title>
<meta http-equiv="Content-Type" content="text/html;charset=utf-8" />
  <meta name='ocr-system' content='tesseract 3.04.00' />
  <meta name='ocr-capabilities' content='ocr_page ocr_carea ocr_par ocr_line ocrx_word'/>
</head>
<body>
  <div class='ocr_page' id='page_1' title='image "./povidiinasonisop04oviduoft_0472.png"; bbox 0 0 1779 3130; ppageno 0'>
   <div class='ocr_carea' id='block_1_1' title="bbox 252 161 1248 206">
    <p class='ocr_par' dir='ltr' id='par_1_1' title="bbox 252 161 1248 206">
     <span class='ocr_line' id='line_1_1' title="bbox 252 161 1248 206; baseline -0.004 0"><span class='ocrx_word' id='word_1_1' title='bbox 252 165 337 206; x_wconf 77' lang='lat'>460</span> <span class='ocrx_word' id='word_1_2' title='bbox 640 163 689 201; x_wconf 88' lang='grc' dir='ltr'>Ρ.</span> <span class='ocrx_word' id='word_1_3' title='bbox 723 161 934 200; x_wconf 84' lang='lat' dir='ltr'>OVIDH</span> <span class='ocrx_word' id='word_1_4' title='bbox 968 161 1248 202; x_wconf 82' lang='lat' dir='ltr'><strong>NASONIS</strong></span> 
     </span>
    </p>
   </div>
   <div class='ocr_carea' id='block_1_2' title="bbox 254 274 1642 565">
    <p class='ocr_par' dir='ltr' id='par_1_2' title="bbox 254 274 1440 339">
     <span class='ocr_line' id='line_1_2' title="bbox 254 274 1440 339; baseline -0.002 -16"><span class='ocrx_word' id='word_1_5' title='bbox 254 278 470 339; x_wconf 78' lang='lat' dir='ltr'>Jamque</span> <span class='ocrx_word' id='word_1_6' title='bbox 497 274 803 322; x_wconf 81' lang='lat' dir='ltr'>Corinthiaci</span> <span class='ocrx_word' id='word_1_7' title='bbox 826 275 1092 337; x_wconf 80' lang='lat' dir='ltr'>carpebam</span> <span class='ocrx_word' id='word_1_8' title='bbox 1116 274 1262 321; x_wconf 89' lang='lat' dir='ltr'>litora</span> <span class='ocrx_word' id='word_1_9' title='bbox 1284 276 1440 338; x_wconf 89' lang='lat' dir='ltr'>ponti,</span> 
     </span>
    </p>

    <p class='ocr_par' dir='ltr' id='par_1_3' title="bbox 255 350 1642 565">
     <span class='ocr_line' id='line_1_3' title="bbox 256 350 1640 414; baseline 0 -16"><span class='ocrx_word' id='word_1_10' title='bbox 256 352 423 406; x_wconf 85' lang='lat' dir='ltr'>Quum</span> <span class='ocrx_word' id='word_1_11' title='bbox 450 367 584 398; x_wconf 86' lang='lat' dir='ltr'>mare</span> <span class='ocrx_word' id='word_1_12' title='bbox 615 350 844 406; x_wconf 84' lang='lat' dir='ltr'>surrexit,</span> <span class='ocrx_word' id='word_1_13' title='bbox 871 351 1201 413; x_wconf 81' lang='lat' dir='ltr'>cumulusque</span> <span class='ocrx_word' id='word_1_14' title='bbox 1233 351 1460 398; x_wconf 87' lang='lat' dir='ltr'>immanis</span> <span class='ocrx_word' id='word_1_15' title='bbox 1487 367 1640 414; x_wconf 84' lang='lat' dir='ltr'>aqua-</span> 
     </span>
     <span class='ocr_line' id='line_1_4' title="bbox 255 427 1641 490; baseline 0 -16"><span class='ocrx_word' id='word_1_16' title='bbox 255 428 315 474; x_wconf 91' lang='lat' dir='ltr'>In</span> <span class='ocrx_word' id='word_1_17' title='bbox 340 428 520 475; x_wconf 86' lang='lat' dir='ltr'>montis</span> <span class='ocrx_word' id='word_1_18' title='bbox 545 427 765 490; x_wconf 88' lang='lat' dir='ltr'>speciem</span> <span class='ocrx_word' id='word_1_19' title='bbox 791 427 997 481; x_wconf 87' lang='lat' dir='ltr'>curvari,</span> <span class='ocrx_word' id='word_1_20' title='bbox 1019 435 1069 474; x_wconf 91' lang='lat' dir='ltr'>et</span> <span class='ocrx_word' id='word_1_21' title='bbox 1092 443 1316 475; x_wconf 86' lang='lat' dir='ltr'>crescere</span> <span class='ocrx_word' id='word_1_22' title='bbox 1337 428 1484 483; x_wconf 85' lang='lat' dir='ltr'>visus,</span> <span class='ocrx_word' id='word_1_23' title='bbox 1511 430 1641 490; x_wconf 88' lang='lat' dir='ltr'>[rum</span> 
     </span>
     <span class='ocr_line' id='line_1_5' title="bbox 256 503 1642 565; baseline 0 -15"><span class='ocrx_word' id='word_1_24' title='bbox 256 503 322 550; x_wconf 90' lang='lat' dir='ltr'>Et</span> <span class='ocrx_word' id='word_1_25' title='bbox 345 503 463 551; x_wconf 88' lang='lat' dir='ltr'>dare</span> <span class='ocrx_word' id='word_1_26' title='bbox 487 504 722 565; x_wconf 81' lang='lat' dir='ltr'>mugitus,</span> <span class='ocrx_word' id='word_1_27' title='bbox 749 519 1044 565; x_wconf 89' lang='lat' dir='ltr'>summoque</span> <span class='ocrx_word' id='word_1_28' title='bbox 1066 504 1323 550; x_wconf 87' lang='lat' dir='ltr'>cacumine</span> <span class='ocrx_word' id='word_1_29' title='bbox 1348 503 1485 550; x_wconf 88' lang='lat' dir='ltr'>findi.</span> <span class='ocrx_word' id='word_1_30' title='bbox 1547 507 1642 551; x_wconf 88' lang='lat'>510</span> 
     </span>
    </p>
   </div>
   <div class='ocr_carea' id='block_1_3' title="bbox 257 580 1641 873">
    <p class='ocr_par' dir='ltr' id='par_1_4' title="bbox 257 580 1641 873">
     <span class='ocr_line' id='line_1_6' title="bbox 258 580 1495 643; baseline 0 -17"><span class='ocrx_word' id='word_1_31' title='bbox 258 581 499 642; x_wconf 84' lang='lat' dir='ltr'>Corniger</span> <span class='ocrx_word' id='word_1_32' title='bbox 523 580 638 626; x_wconf 90' lang='lat' dir='ltr'>hinc</span> <span class='ocrx_word' id='word_1_33' title='bbox 665 587 834 626; x_wconf 86' lang='lat' dir='ltr'>taurus</span> <span class='ocrx_word' id='word_1_34' title='bbox 859 580 1016 642; x_wconf 87' lang='lat' dir='ltr'>ruptis</span> <span class='ocrx_word' id='word_1_35' title='bbox 1043 580 1308 643; x_wconf 84' lang='lat' dir='ltr'>expellitur</span> <span class='ocrx_word' id='word_1_36' title='bbox 1332 580 1495 635; x_wconf 86' lang='lat' dir='ltr'>undis,</span> 
     </span>
     <span class='ocr_line' id='line_1_7' title="bbox 257 656 1506 719; baseline -0.001 -16"><span class='ocrx_word' id='word_1_37' title='bbox 257 656 655 719; x_wconf 88' lang='lat' dir='ltr'>Pectoribusque</span> <span class='ocrx_word' id='word_1_38' title='bbox 680 664 825 704; x_wconf 90' lang='lat' dir='ltr'>tenus</span> <span class='ocrx_word' id='word_1_39' title='bbox 851 657 1023 703; x_wconf 89' lang='lat' dir='ltr'>molles</span> <span class='ocrx_word' id='word_1_40' title='bbox 1050 663 1243 703; x_wconf 88' lang='lat' dir='ltr'>erectus</span> <span class='ocrx_word' id='word_1_41' title='bbox 1271 656 1320 702; x_wconf 93' lang='lat' dir='ltr'>in</span> <span class='ocrx_word' id='word_1_42' title='bbox 1345 672 1506 711; x_wconf 88' lang='lat' dir='ltr'>auras,</span> 
     </span>
     <span class='ocr_line' id='line_1_8' title="bbox 257 733 1483 797; baseline 0 -17"><span class='ocrx_word' id='word_1_43' title='bbox 257 733 492 788; x_wconf 80' lang='lat' dir='ltr'>NaribuS,</span> <span class='ocrx_word' id='word_1_44' title='bbox 519 740 568 780; x_wconf 92' lang='lat' dir='ltr'>et</span> <span class='ocrx_word' id='word_1_45' title='bbox 592 734 761 796; x_wconf 89' lang='lat' dir='ltr'>patulo</span> <span class='ocrx_word' id='word_1_46' title='bbox 787 740 980 797; x_wconf 89' lang='lat' dir='ltr'>partem</span> <span class='ocrx_word' id='word_1_47' title='bbox 1004 735 1152 780; x_wconf 86' lang='lat' dir='ltr'>maris</span> <span class='ocrx_word' id='word_1_48' title='bbox 1178 733 1360 781; x_wconf 90' lang='lat' dir='ltr'>evomit</span> <span class='ocrx_word' id='word_1_49' title='bbox 1383 749 1483 780; x_wconf 87' lang='lat' dir='ltr'>ore.</span> 
     </span>
     <span class='ocr_line' id='line_1_9' title="bbox 257 809 1641 873; baseline -0.001 -17"><span class='ocrx_word' id='word_1_50' title='bbox 257 810 423 857; x_wconf 89' lang='lat' dir='ltr'>Corda</span> <span class='ocrx_word' id='word_1_51' title='bbox 437 818 620 873; x_wconf 85' lang='lat' dir='ltr'>pavent</span> <span class='ocrx_word' id='word_1_52' title='bbox 634 811 890 868; x_wconf 89' lang='lat' dir='ltr'>comitum,</span> <span class='ocrx_word' id='word_1_53' title='bbox 906 811 1026 858; x_wconf 91' lang='lat' dir='ltr'>mihi</span> <span class='ocrx_word' id='word_1_54' title='bbox 1047 827 1186 858; x_wconf 88' lang='lat' dir='ltr'>mens</span> <span class='ocrx_word' id='word_1_55' title='bbox 1202 811 1425 857; x_wconf 87' lang='lat' dir='ltr'>interrita</span> <span class='ocrx_word' id='word_1_56' title='bbox 1443 809 1641 865; x_wconf 87' lang='lat' dir='ltr'>mansit,</span> 
     </span>
    </p>
   </div>
   <div class='ocr_carea' id='block_1_4' title="bbox 255 886 1389 951">
    <p class='ocr_par' dir='ltr' id='par_1_5' title="bbox 255 886 1389 951">
     <span class='ocr_line' id='line_1_10' title="bbox 255 886 1389 951; baseline 0 -18"><span class='ocrx_word' id='word_1_57' title='bbox 255 886 435 933; x_wconf 84' lang='lat' dir='ltr'>Exiliis</span> <span class='ocrx_word' id='word_1_58' title='bbox 460 894 696 935; x_wconf 88' lang='lat' dir='ltr'>contenta</span> <span class='ocrx_word' id='word_1_59' title='bbox 720 888 840 944; x_wconf 88' lang='lat' dir='ltr'>suis,</span> <span class='ocrx_word' id='word_1_60' title='bbox 869 904 1025 951; x_wconf 90' lang='lat' dir='ltr'>quum</span> <span class='ocrx_word' id='word_1_61' title='bbox 1049 888 1177 935; x_wconf 88' lang='lat' dir='ltr'>colla</span> <span class='ocrx_word' id='word_1_62' title='bbox 1199 887 1389 934; x_wconf 89' lang='lat' dir='ltr'>feroces</span> 
     </span>
    </p>
   </div>
   <div class='ocr_carea' id='block_1_5' title="bbox 1547 888 1643 933">
    <p class='ocr_par' dir='ltr' id='par_1_6' title="bbox 1547 888 1643 933">
     <span class='ocr_line' id='line_1_11' title="bbox 1547 888 1643 933; baseline 0 0"><span class='ocrx_word' id='word_1_63' title='bbox 1547 888 1643 933; x_wconf 87' lang='lat'>515</span> 
     </span>
    </p>
   </div>
   <div class='ocr_carea' id='block_1_6' title="bbox 252 963 1644 1257">
    <p class='ocr_par' dir='ltr' id='par_1_7' title="bbox 252 963 1644 1257">
     <span class='ocr_line' id='line_1_12' title="bbox 253 963 1606 1027; baseline -0.001 -18"><span class='ocrx_word' id='word_1_64' title='bbox 253 963 334 1010; x_wconf 88' lang='lat' dir='ltr'>Ad</span> <span class='ocrx_word' id='word_1_65' title='bbox 359 963 486 1010; x_wconf 84' lang='lat' dir='ltr'>freta</span> <span class='ocrx_word' id='word_1_66' title='bbox 510 971 820 1020; x_wconf 89' lang='lat' dir='ltr'>convertunt,</span> <span class='ocrx_word' id='word_1_67' title='bbox 849 965 1153 1027; x_wconf 71' lang='lat' dir='ltr'>arrectisque</span> <span class='ocrx_word' id='word_1_68' title='bbox 1179 963 1379 1010; x_wconf 87' lang='lat' dir='ltr'>auribus</span> <span class='ocrx_word' id='word_1_69' title='bbox 1404 963 1606 1010; x_wconf 87' lang='lat' dir='ltr'>horrent</span> 
     </span>
     <span class='ocr_line' id='line_1_13' title="bbox 254 1039 1644 1104; baseline -0.001 -18"><span class='ocrx_word' id='word_1_70' title='bbox 254 1039 635 1104; x_wconf 78' lang='lat' dir='ltr'>Quadrupedes,</span> <span class='ocrx_word' id='word_1_71' title='bbox 663 1043 970 1104; x_wconf 88' lang='lat' dir='ltr'>monstrique</span> <span class='ocrx_word' id='word_1_72' title='bbox 996 1049 1131 1088; x_wconf 90' lang='lat' dir='ltr'>metu</span> <span class='ocrx_word' id='word_1_73' title='bbox 1155 1041 1434 1097; x_wconf 88' lang='lat' dir='ltr'>turbantur,</span> <span class='ocrx_word' id='word_1_74' title='bbox 1456 1047 1507 1086; x_wconf 93' lang='lat' dir='ltr'>et</span> <span class='ocrx_word' id='word_1_75' title='bbox 1531 1039 1644 1087; x_wconf 88' lang='lat' dir='ltr'>altis</span> 
     </span>
     <span class='ocr_line' id='line_1_14' title="bbox 252 1116 1544 1180; baseline 0.001 -18"><span class='ocrx_word' id='word_1_76' title='bbox 252 1116 582 1179; x_wconf 73' lang='lat' dir='ltr'>Praecipitant</span> <span class='ocrx_word' id='word_1_77' title='bbox 605 1133 777 1164; x_wconf 89' lang='lat' dir='ltr'>currus</span> <span class='ocrx_word' id='word_1_78' title='bbox 803 1118 1021 1180; x_wconf 89' lang='lat' dir='ltr'>scopulis</span> <span class='ocrx_word' id='word_1_79' title='bbox 1045 1135 1054 1165; x_wconf 75' lang='grc' dir='ltr'><strong><em>ε</em></strong></span> <span class='ocrx_word' id='word_1_80' title='bbox 1095 1133 1188 1179; x_wconf 84' lang='lat' dir='ltr'>ego</span> <span class='ocrx_word' id='word_1_81' title='bbox 1212 1117 1393 1164; x_wconf 91' lang='lat' dir='ltr'>ducere</span> <span class='ocrx_word' id='word_1_82' title='bbox 1417 1132 1544 1163; x_wconf 84' lang='lat' dir='ltr'>vana</span> 
     </span>
     <span class='ocr_line' id='line_1_15' title="bbox 254 1193 1538 1257; baseline 0 -18"><span class='ocrx_word' id='word_1_83' title='bbox 254 1193 415 1240; x_wconf 88' lang='lat' dir='ltr'>Frena</span> <span class='ocrx_word' id='word_1_84' title='bbox 439 1209 604 1249; x_wconf 88' lang='lat' dir='ltr'>manu,</span> <span class='ocrx_word' id='word_1_85' title='bbox 633 1194 820 1257; x_wconf 88' lang='lat' dir='ltr'>spumis</span> <span class='ocrx_word' id='word_1_86' title='bbox 845 1194 1125 1241; x_wconf 88' lang='lat' dir='ltr'>albentibus</span> <span class='ocrx_word' id='word_1_87' title='bbox 1152 1193 1321 1250; x_wconf 90' lang='lat' dir='ltr'>oblita,</span> <span class='ocrx_word' id='word_1_88' title='bbox 1348 1194 1538 1250; x_wconf 81' lang='lat' dir='ltr'>luctor3</span> 
     </span>
    </p>
   </div>
   <div class='ocr_carea' id='block_1_7' title="bbox 254 1269 1402 1334">
    <p class='ocr_par' dir='ltr' id='par_1_8' title="bbox 254 1269 1402 1334">
     <span class='ocr_line' id='line_1_16' title="bbox 254 1269 1402 1334; baseline 0.001 -18"><span class='ocrx_word' id='word_1_89' title='bbox 254 1269 320 1316; x_wconf 92' lang='lat' dir='ltr'>Et</span> <span class='ocrx_word' id='word_1_90' title='bbox 344 1277 474 1316; x_wconf 89' lang='lat' dir='ltr'>retro</span> <span class='ocrx_word' id='word_1_91' title='bbox 500 1270 662 1318; x_wconf 88' lang='lat' dir='ltr'>lentas</span> <span class='ocrx_word' id='word_1_92' title='bbox 687 1271 837 1317; x_wconf 88' lang='lat' dir='ltr'>tendo</span> <span class='ocrx_word' id='word_1_93' title='bbox 863 1271 1126 1334; x_wconf 87' lang='lat' dir='ltr'>resupinus</span> <span class='ocrx_word' id='word_1_94' title='bbox 1152 1271 1402 1317; x_wconf 88' lang='lat' dir='ltr'>habenas:</span> 
     </span>
    </p>
   </div>
   <div class='ocr_carea' id='block_1_8' title="bbox 1548 1272 1645 1316">
    <p class='ocr_par' dir='ltr' id='par_1_9' title="bbox 1548 1272 1645 1316">
     <span class='ocr_line' id='line_1_17' title="bbox 1548 1272 1645 1316; baseline 0 -1"><span class='ocrx_word' id='word_1_95' title='bbox 1548 1272 1645 1316; x_wconf 83' lang='lat'>520</span> 
     </span>
    </p>
   </div>
   <div class='ocr_carea' id='block_1_9' title="bbox 253 1345 1610 1639">
    <p class='ocr_par' dir='ltr' id='par_1_10' title="bbox 253 1345 1610 1639">
     <span class='ocr_line' id='line_1_18' title="bbox 253 1345 1610 1410; baseline 0 -18"><span class='ocrx_word' id='word_1_96' title='bbox 253 1345 362 1393; x_wconf 92' lang='lat' dir='ltr'>Nec</span> <span class='ocrx_word' id='word_1_97' title='bbox 388 1346 515 1394; x_wconf 87' lang='lat' dir='ltr'>vires</span> <span class='ocrx_word' id='word_1_98' title='bbox 541 1354 707 1394; x_wconf 87' lang='lat' dir='ltr'>tamen</span> <span class='ocrx_word' id='word_1_99' title='bbox 732 1347 821 1394; x_wconf 85' lang='lat' dir='ltr'>has</span> <span class='ocrx_word' id='word_1_100' title='bbox 847 1347 1009 1395; x_wconf 83' lang='lat' dir='ltr'>rabies</span> <span class='ocrx_word' id='word_1_101' title='bbox 1036 1348 1326 1410; x_wconf 66' lang='lat' dir='ltr'>superasset</span> <span class='ocrx_word' id='word_1_102' title='bbox 1351 1362 1610 1409; x_wconf 89' lang='lat' dir='ltr'>equorum,</span> 
     </span>
     <span class='ocr_line' id='line_1_19' title="bbox 254 1422 1510 1486; baseline 0.001 -18"><span class='ocrx_word' id='word_1_103' title='bbox 254 1422 316 1468; x_wconf 88' lang='lat' dir='ltr'>Ni</span> <span class='ocrx_word' id='word_1_104' title='bbox 346 1429 468 1477; x_wconf 84' lang='lat' dir='ltr'>rota,</span> <span class='ocrx_word' id='word_1_105' title='bbox 497 1431 792 1486; x_wconf 80' lang='lat' dir='ltr'>perpetuum</span> <span class='ocrx_word' id='word_1_106' title='bbox 821 1439 920 1486; x_wconf 87' lang='lat' dir='ltr'>qua</span> <span class='ocrx_word' id='word_1_107' title='bbox 944 1423 1338 1470; x_wconf 86' lang='lat' dir='ltr'>circumvertitur</span> <span class='ocrx_word' id='word_1_108' title='bbox 1365 1439 1510 1470; x_wconf 83' lang='lat' dir='ltr'>axem</span> 
     </span>
     <span class='ocr_line' id='line_1_20' title="bbox 255 1498 1397 1562; baseline 0.001 -18"><span class='ocrx_word' id='word_1_109' title='bbox 255 1498 448 1561; x_wconf 85' lang='lat' dir='ltr'>Stipitis</span> <span class='ocrx_word' id='word_1_110' title='bbox 475 1515 684 1547; x_wconf 87' lang='lat' dir='ltr'>occursu</span> <span class='ocrx_word' id='word_1_111' title='bbox 710 1499 865 1546; x_wconf 84' lang='lat' dir='ltr'>fracta</span> <span class='ocrx_word' id='word_1_112' title='bbox 890 1515 945 1546; x_wconf 88' lang='lat' dir='ltr'>ac</span> <span class='ocrx_word' id='word_1_113' title='bbox 971 1500 1183 1562; x_wconf 87' lang='lat' dir='ltr'>disjecta</span> <span class='ocrx_word' id='word_1_114' title='bbox 1205 1499 1397 1546; x_wconf 85' lang='lat' dir='ltr'>fuisset.</span> 
     </span>
     <span class='ocr_line' id='line_1_21' title="bbox 255 1573 1427 1639; baseline 0.001 -19"><span class='ocrx_word' id='word_1_115' title='bbox 255 1573 497 1621; x_wconf 77' lang='lat' dir='ltr'>Excutior</span> <span class='ocrx_word' id='word_1_116' title='bbox 521 1591 665 1622; x_wconf 87' lang='lat' dir='ltr'>curru</span> <span class='ocrx_word' id='word_1_117' title='bbox 689 1594 698 1623; x_wconf 91' lang='lat'><strong>:</strong></span> <span class='ocrx_word' id='word_1_118' title='bbox 738 1577 955 1639; x_wconf 83' lang='lat' dir='ltr'>lorisque</span> <span class='ocrx_word' id='word_1_119' title='bbox 980 1576 1266 1623; x_wconf 89' lang='lat' dir='ltr'>tenentibus</span> <span class='ocrx_word' id='word_1_120' title='bbox 1292 1583 1427 1622; x_wconf 88' lang='lat' dir='ltr'>artus</span> 
     </span>
    </p>
   </div>
   <div class='ocr_carea' id='block_1_10' title="bbox 252 1650 1412 1715">
    <p class='ocr_par' dir='ltr' id='par_1_11' title="bbox 252 1650 1412 1715">
     <span class='ocr_line' id='line_1_22' title="bbox 252 1650 1412 1715; baseline 0.002 -20"><span class='ocrx_word' id='word_1_121' title='bbox 252 1650 458 1698; x_wconf 61' lang='lat' dir='ltr'>&gt;Viscera</span> <span class='ocrx_word' id='word_1_122' title='bbox 481 1651 590 1698; x_wconf 85' lang='lat' dir='ltr'>viva</span> <span class='ocrx_word' id='word_1_123' title='bbox 614 1652 756 1707; x_wconf 89' lang='lat' dir='ltr'>trahi,</span> <span class='ocrx_word' id='word_1_124' title='bbox 784 1664 959 1699; x_wconf 86' lang='lat' dir='ltr'>nervos</span> <span class='ocrx_word' id='word_1_125' title='bbox 984 1652 1033 1698; x_wconf 90' lang='lat' dir='ltr'>in</span> <span class='ocrx_word' id='word_1_126' title='bbox 1059 1652 1212 1715; x_wconf 87' lang='lat' dir='ltr'>stirpe</span> <span class='ocrx_word' id='word_1_127' title='bbox 1237 1651 1412 1707; x_wconf 86' lang='lat' dir='ltr'>teneri,</span> 
     </span>
    </p>
   </div>
   <div class='ocr_carea' id='block_1_11' title="bbox 251 1813 914 2730">
    <p class='ocr_par' dir='ltr' id='par_1_12' title="bbox 251 1813 914 2292">
     <span class='ocr_line' id='line_1_23' title="bbox 294 1813 909 1854; baseline 0 -11"><span class='ocrx_word' id='word_1_128' title='bbox 294 1814 368 1843; x_wconf 83' lang='lat'>508.</span> <span class='ocrx_word' id='word_1_129' title='bbox 404 1813 505 1847; x_wconf 75' lang='lat' dir='ltr'>Quum</span> <span class='ocrx_word' id='word_1_130' title='bbox 540 1824 622 1842; x_wconf 77' lang='lat' dir='ltr'>mure</span> <span class='ocrx_word' id='word_1_131' title='bbox 648 1815 790 1849; x_wconf 54' lang='lat' dir='ltr'>surremit,</span> <span class='ocrx_word' id='word_1_132' title='bbox 828 1813 909 1854; x_wconf 84' lang='lat' dir='ltr'>etc.]</span> 
     </span>
     <span class='ocr_line' id='line_1_24' title="bbox 252 1861 913 1903; baseline 0.003 -13"><span class='ocrx_word' id='word_1_133' title='bbox 252 1861 330 1891; x_wconf 84' lang='lat' dir='ltr'>Haec</span> <span class='ocrx_word' id='word_1_134' title='bbox 357 1861 440 1891; x_wconf 79' lang='lat' dir='ltr'>faeta</span> <span class='ocrx_word' id='word_1_135' title='bbox 468 1862 617 1902; x_wconf 78' lang='lat' dir='ltr'>Neptuno</span> <span class='ocrx_word' id='word_1_136' title='bbox 647 1867 786 1897; x_wconf 86' lang='lat' dir='ltr'>auctore,</span> <span class='ocrx_word' id='word_1_137' title='bbox 810 1872 829 1892; x_wconf 83' lang='lat' dir='ltr'>a</span> <span class='ocrx_word' id='word_1_138' title='bbox 852 1872 913 1903; x_wconf 91' lang='lat' dir='ltr'>quo</span> 
     </span>
     <span class='ocr_line' id='line_1_25' title="bbox 252 1909 914 1952; baseline 0.002 -13"><span class='ocrx_word' id='word_1_139' title='bbox 252 1909 310 1939; x_wconf 84' lang='lat' dir='ltr'>tria</span> <span class='ocrx_word' id='word_1_140' title='bbox 334 1910 471 1940; x_wconf 83' lang='lat' dir='ltr'>Theseus</span> <span class='ocrx_word' id='word_1_141' title='bbox 494 1916 665 1950; x_wconf 81' lang='lat' dir='ltr'>optaverat,</span> <span class='ocrx_word' id='word_1_142' title='bbox 689 1910 722 1940; x_wconf 88' lang='lat' dir='ltr'>in</span> <span class='ocrx_word' id='word_1_143' title='bbox 746 1911 859 1952; x_wconf 86' lang='lat' dir='ltr'>quibus</span> <span class='ocrx_word' id='word_1_144' title='bbox 882 1916 914 1940; x_wconf 75' lang='lat' dir='ltr'>et</span> 
     </span>
     <span class='ocr_line' id='line_1_26' title="bbox 253 1958 913 2000; baseline 0.002 -12"><span class='ocrx_word' id='word_1_145' title='bbox 253 1958 322 1994; x_wconf 86' lang='lat' dir='ltr'>hoc,</span> <span class='ocrx_word' id='word_1_146' title='bbox 335 1965 370 1989; x_wconf 86' lang='lat' dir='ltr'>ut</span> <span class='ocrx_word' id='word_1_147' title='bbox 384 1959 574 2000; x_wconf 79' lang='lat' dir='ltr'>Hippolytus</span> <span class='ocrx_word' id='word_1_148' title='bbox 585 1960 723 1990; x_wconf 84' lang='lat' dir='ltr'>interiret</span> <span class='ocrx_word' id='word_1_149' title='bbox 736 1971 743 1997; x_wconf 80' lang='lat'><em>3</em></span> <span class='ocrx_word' id='word_1_150' title='bbox 769 1960 837 1991; x_wconf 85' lang='lat' dir='ltr'>Cic.</span> <span class='ocrx_word' id='word_1_151' title='bbox 849 1960 913 1990; x_wconf 83' lang='lat' dir='ltr'>Off.</span> 
     </span>
     <span class='ocr_line' id='line_1_27' title="bbox 251 2007 912 2049; baseline 0.002 -12"><span class='ocrx_word' id='word_1_152' title='bbox 251 2007 271 2038; x_wconf 91' lang='lat' dir='ltr'>i.</span> <span class='ocrx_word' id='word_1_153' title='bbox 300 2009 356 2045; x_wconf 77' lang='lat'>103</span> <span class='ocrx_word' id='word_1_154' title='bbox 394 2008 438 2038; x_wconf 86' lang='lat' dir='ltr'>iii.</span> <span class='ocrx_word' id='word_1_155' title='bbox 462 2009 524 2045; x_wconf 76' lang='lat'>25;</span> <span class='ocrx_word' id='word_1_156' title='bbox 559 2008 664 2038; x_wconf 88' lang='lat' dir='ltr'>Schol.</span> <span class='ocrx_word' id='word_1_157' title='bbox 693 2008 850 2049; x_wconf 82' lang='lat' dir='ltr'>Euripidis</span> <span class='ocrx_word' id='word_1_158' title='bbox 873 2008 912 2038; x_wconf 87' lang='lat' dir='ltr'>ad</span> 
     </span>
     <span class='ocr_line' id='line_1_28' title="bbox 252 2056 911 2098; baseline 0.003 -13"><span class='ocrx_word' id='word_1_159' title='bbox 252 2056 380 2098; x_wconf 83' lang='lat' dir='ltr'>Hippol.</span> <span class='ocrx_word' id='word_1_160' title='bbox 410 2066 474 2086; x_wconf 84' lang='lat' dir='ltr'>ver.</span> <span class='ocrx_word' id='word_1_161' title='bbox 508 2057 607 2087; x_wconf 73' lang='lat'>1349:</span> <span class='ocrx_word' id='word_1_162' title='bbox 655 2057 784 2092; x_wconf 83' lang='lat' dir='ltr'>Seneca,</span> <span class='ocrx_word' id='word_1_163' title='bbox 817 2058 911 2087; x_wconf 77' lang='lat'>1004.</span> 
     </span>
     <span class='ocr_line' id='line_1_29' title="bbox 253 2104 911 2140; baseline 0.003 -6"><span class='ocrx_word' id='word_1_164' title='bbox 253 2108 396 2140; x_wconf 79' lang='lat' dir='ltr'>“Quum</span> <span class='ocrx_word' id='word_1_165' title='bbox 433 2104 535 2135; x_wconf 85' lang='lat' dir='ltr'>subito</span> <span class='ocrx_word' id='word_1_166' title='bbox 567 2111 686 2135; x_wconf 57' lang='lat' dir='ltr'>»astum</span> <span class='ocrx_word' id='word_1_167' title='bbox 725 2105 839 2135; x_wconf 81' lang='lat' dir='ltr'>tumuit</span> <span class='ocrx_word' id='word_1_168' title='bbox 874 2116 911 2136; x_wconf 81' lang='lat' dir='ltr'>ex</span> 
     </span>
     <span class='ocr_line' id='line_1_30' title="bbox 251 2153 913 2194; baseline 0.002 -11"><span class='ocrx_word' id='word_1_169' title='bbox 251 2154 313 2183; x_wconf 82' lang='lat' dir='ltr'>alto</span> <span class='ocrx_word' id='word_1_170' title='bbox 337 2164 432 2188; x_wconf 82' lang='lat' dir='ltr'>mare,</span> <span class='ocrx_word' id='word_1_171' title='bbox 459 2153 628 2194; x_wconf 79' lang='lat' dir='ltr'>Crevitque</span> <span class='ocrx_word' id='word_1_172' title='bbox 648 2155 679 2183; x_wconf 87' lang='lat' dir='ltr'>in</span> <span class='ocrx_word' id='word_1_173' title='bbox 703 2155 913 2185; x_wconf 78' lang='lat' dir='ltr'>astra—Con·</span> 
     </span>
     <span class='ocr_line' id='line_1_31' title="bbox 252 2201 913 2243; baseline 0.003 -12"><span class='ocrx_word' id='word_1_174' title='bbox 252 2202 349 2242; x_wconf 75' lang='lat' dir='ltr'>surgit</span> <span class='ocrx_word' id='word_1_175' title='bbox 378 2201 488 2242; x_wconf 84' lang='lat' dir='ltr'>ingens</span> <span class='ocrx_word' id='word_1_176' title='bbox 517 2203 663 2243; x_wconf 79' lang='lat' dir='ltr'>pontus.&#39;’</span> <span class='ocrx_word' id='word_1_177' title='bbox 718 2203 798 2233; x_wconf 67' lang='lat' dir='ltr'>Vide</span> <span class='ocrx_word' id='word_1_178' title='bbox 829 2204 913 2234; x_wconf 85' lang='lat' dir='ltr'>Fast.</span> 
     </span>
     <span class='ocr_line' id='line_1_32' title="bbox 258 2249 831 2292; baseline 0.002 -12"><span class='ocrx_word' id='word_1_179' title='bbox 258 2251 326 2280; x_wconf 62' lang='lat' dir='ltr'>Vol.</span> <span class='ocrx_word' id='word_1_180' title='bbox 342 2249 382 2280; x_wconf 74' lang='lat' dir='ltr'>vi.</span> <span class='ocrx_word' id='word_1_181' title='bbox 400 2250 459 2280; x_wconf 80' lang='lat' dir='ltr'>Ed.</span> <span class='ocrx_word' id='word_1_182' title='bbox 475 2257 552 2280; x_wconf 76' lang='lat' dir='ltr'>nost.</span> <span class='ocrx_word' id='word_1_183' title='bbox 569 2262 602 2292; x_wconf 90' lang='lat' dir='ltr'>p.</span> <span class='ocrx_word' id='word_1_184' title='bbox 621 2252 693 2281; x_wconf 81' lang='grc'>180.</span> <span class='ocrx_word' id='word_1_185' title='bbox 711 2257 742 2281; x_wconf 81' lang='lat' dir='ltr'>et</span> <span class='ocrx_word' id='word_1_186' title='bbox 757 2252 831 2281; x_wconf 79' lang='lat'><strong>446.</strong></span> 
     </span>
    </p>

    <p class='ocr_par' dir='ltr' id='par_1_13' title="bbox 251 2300 914 2632">
     <span class='ocr_line' id='line_1_33' title="bbox 294 2300 914 2340; baseline 0 -10"><span class='ocrx_word' id='word_1_187' title='bbox 294 2301 367 2330; x_wconf 82' lang='grc'>511.</span> <span class='ocrx_word' id='word_1_188' title='bbox 394 2300 539 2340; x_wconf 77' lang='lat' dir='ltr'>Corniger</span> <span class='ocrx_word' id='word_1_189' title='bbox 550 2300 619 2330; x_wconf 75' lang='lat' dir='ltr'>hinc</span> <span class='ocrx_word' id='word_1_190' title='bbox 635 2300 841 2340; x_wconf 70' lang='lat' dir='ltr'>ta1c1*115,etc.]</span> <span class='ocrx_word' id='word_1_191' title='bbox 863 2300 914 2330; x_wconf 80' lang='lat' dir='ltr'>Ita</span> 
     </span>
     <span class='ocr_line' id='line_1_34' title="bbox 253 2347 913 2389; baseline 0.002 -11"><span class='ocrx_word' id='word_1_192' title='bbox 253 2354 283 2378; x_wconf 79' lang='lat' dir='ltr'>et</span> <span class='ocrx_word' id='word_1_193' title='bbox 303 2347 475 2389; x_wconf 76' lang='lat' dir='ltr'>Euripides,</span> <span class='ocrx_word' id='word_1_194' title='bbox 498 2358 561 2378; x_wconf 78' lang='lat' dir='ltr'>ver.</span> <span class='ocrx_word' id='word_1_195' title='bbox 580 2349 672 2378; x_wconf 76' lang='lat'>1214.</span> <span class='ocrx_word' id='word_1_196' title='bbox 692 2347 775 2389; x_wconf 51' lang='lat' dir='ltr'>Ksrlu&#39;</span> <span class='ocrx_word' id='word_1_197' title='bbox 792 2347 913 2386; x_wconf 75' lang='grc' dir='ltr'>ἐξέθηκε</span> 
     </span>
     <span class='ocr_line' id='line_1_35' title="bbox 251 2395 913 2437; baseline 0.002 -11"><span class='ocrx_word' id='word_1_198' title='bbox 251 2398 385 2437; x_wconf 71' lang='grc' dir='ltr'>ταῦρον,</span> <span class='ocrx_word' id='word_1_199' title='bbox 401 2397 517 2437; x_wconf 73' lang='grc' dir='ltr'>ἄγριον</span> <span class='ocrx_word' id='word_1_200' title='bbox 532 2395 638 2437; x_wconf 78' lang='grc' dir='ltr'>τέρας.</span> <span class='ocrx_word' id='word_1_201' title='bbox 667 2397 804 2427; x_wconf 86' lang='lat' dir='ltr'>Phocam</span> <span class='ocrx_word' id='word_1_202' title='bbox 820 2396 913 2427; x_wconf 79' lang='lat' dir='ltr'>fuisse</span> 
     </span>
     <span class='ocr_line' id='line_1_36' title="bbox 251 2444 914 2486; baseline 0.003 -12"><span class='ocrx_word' id='word_1_203' title='bbox 251 2445 376 2475; x_wconf 84' lang='lat' dir='ltr'>Servius</span> <span class='ocrx_word' id='word_1_204' title='bbox 405 2445 447 2475; x_wconf 88' lang='lat' dir='ltr'>ait</span> <span class='ocrx_word' id='word_1_205' title='bbox 477 2444 516 2474; x_wconf 89' lang='lat' dir='ltr'>ad</span> <span class='ocrx_word' id='word_1_206' title='bbox 545 2444 636 2486; x_wconf 79' lang='lat' dir='ltr'>Virg.</span> <span class='ocrx_word' id='word_1_207' title='bbox 668 2447 743 2476; x_wconf 81' lang='lat' dir='ltr'>AEn.</span> <span class='ocrx_word' id='word_1_208' title='bbox 773 2446 813 2476; x_wconf 76' lang='lat' dir='ltr'>vi·</span> <span class='ocrx_word' id='word_1_209' title='bbox 840 2446 914 2476; x_wconf 86' lang='lat'><strong>448.</strong></span> 
     </span>
     <span class='ocr_line' id='line_1_37' title="bbox 256 2493 912 2536; baseline 0.003 -13"><span class='ocrx_word' id='word_1_210' title='bbox 256 2494 372 2524; x_wconf 70' lang='lat' dir='ltr'>Taurus</span> <span class='ocrx_word' id='word_1_211' title='bbox 396 2493 448 2524; x_wconf 92' lang='lat' dir='ltr'>ille</span> <span class='ocrx_word' id='word_1_212' title='bbox 472 2494 616 2524; x_wconf 79' lang='lat' dir='ltr'>terribilis</span> <span class='ocrx_word' id='word_1_213' title='bbox 639 2495 778 2536; x_wconf 84' lang='lat' dir='ltr'>pluribus</span> <span class='ocrx_word' id='word_1_214' title='bbox 798 2495 912 2526; x_wconf 85' lang='lat' dir='ltr'>descri-</span> 
     </span>
     <span class='ocr_line' id='line_1_38' title="bbox 254 2543 912 2585; baseline 0.003 -13"><span class='ocrx_word' id='word_1_215' title='bbox 254 2543 335 2572; x_wconf 75' lang='lat' dir='ltr'>bitur</span> <span class='ocrx_word' id='word_1_216' title='bbox 361 2553 379 2573; x_wconf 86' lang='lat' dir='ltr'>a</span> <span class='ocrx_word' id='word_1_217' title='bbox 402 2543 531 2579; x_wconf 85' lang='lat' dir='ltr'>Seneca,</span> <span class='ocrx_word' id='word_1_218' title='bbox 559 2544 640 2574; x_wconf 81' lang='lat'>1033</span> <span class='ocrx_word' id='word_1_219' title='bbox 662 2555 733 2585; x_wconf 88' lang='lat' dir='ltr'>sqq.</span> <span class='ocrx_word' id='word_1_220' title='bbox 779 2544 827 2574; x_wconf 90' lang='lat' dir='ltr'>Ibi</span> <span class='ocrx_word' id='word_1_221' title='bbox 852 2555 912 2575; x_wconf 83' lang='lat' dir='ltr'>non</span> 
     </span>
     <span class='ocr_line' id='line_1_39' title="bbox 251 2591 840 2632; baseline 0.005 -13"><span class='ocrx_word' id='word_1_222' title='bbox 251 2597 367 2629; x_wconf 72' lang='lat' dir='ltr'>partem</span> <span class='ocrx_word' id='word_1_223' title='bbox 382 2593 483 2627; x_wconf 77' lang='lat' dir='ltr'>maris,</span> <span class='ocrx_word' id='word_1_224' title='bbox 499 2591 552 2622; x_wconf 80' lang='lat' dir='ltr'>sed</span> <span class='ocrx_word' id='word_1_225' title='bbox 561 2593 719 2632; x_wconf 76' lang='lat' dir='ltr'>flammam</span> <span class='ocrx_word' id='word_1_226' title='bbox 735 2593 840 2623; x_wconf 83' lang='lat' dir='ltr'>vomit.</span> 
     </span>
    </p>

    <p class='ocr_par' dir='ltr' id='par_1_14' title="bbox 254 2641 910 2730">
     <span class='ocr_line' id='line_1_40' title="bbox 295 2641 910 2682; baseline 0.005 -13"><span class='ocrx_word' id='word_1_227' title='bbox 295 2641 368 2670; x_wconf 85' lang='grc'>515.</span> <span class='ocrx_word' id='word_1_228' title='bbox 401 2641 558 2676; x_wconf 66' lang='lat' dir='ltr'>Contenta,</span> <span class='ocrx_word' id='word_1_229' title='bbox 589 2647 753 2682; x_wconf 82' lang='lat' dir='ltr'>occupata,</span> <span class='ocrx_word' id='word_1_230' title='bbox 781 2641 910 2677; x_wconf 78' lang='lat' dir='ltr'>intenta,</span> 
     </span>
     <span class='ocr_line' id='line_1_41' title="bbox 254 2687 908 2730; baseline 0.005 -14"><span class='ocrx_word' id='word_1_231' title='bbox 254 2687 337 2728; x_wconf 81' lang='lat' dir='ltr'>quod</span> <span class='ocrx_word' id='word_1_232' title='bbox 365 2689 513 2730; x_wconf 76' lang='lat' dir='ltr'>posterius</span> <span class='ocrx_word' id='word_1_233' title='bbox 541 2689 570 2720; x_wconf 85' lang='lat' dir='ltr'>h.</span> <span class='ocrx_word' id='word_1_234' title='bbox 602 2690 622 2719; x_wconf 88' lang='lat' dir='ltr'>l.</span> <span class='ocrx_word' id='word_1_235' title='bbox 648 2697 775 2730; x_wconf 78' lang='lat' dir='ltr'>quartus</span> <span class='ocrx_word' id='word_1_236' title='bbox 805 2689 908 2721; x_wconf 74' lang='lat' dir='ltr'>Medi-</span> 
     </span>
    </p>
   </div>
   <div class='ocr_carea' id='block_1_12' title="bbox 1545 1655 1642 1698">
    <p class='ocr_par' dir='ltr' id='par_1_15' title="bbox 1545 1655 1642 1698">
     <span class='ocr_line' id='line_1_42' title="bbox 1545 1655 1642 1698; baseline 0 0"><span class='ocrx_word' id='word_1_237' title='bbox 1545 1655 1642 1698; x_wconf 84' lang='lat'>525</span> 
     </span>
    </p>
   </div>
   <div class='ocr_carea' id='block_1_13' title="bbox 979 1812 1644 2684">
    <p class='ocr_par' dir='ltr' id='par_1_16' title="bbox 979 1812 1644 2684">
     <span class='ocr_line' id='line_1_43' title="bbox 981 1812 1643 1848; baseline -0.003 -4"><span class='ocrx_word' id='word_1_238' title='bbox 981 1824 1054 1844; x_wconf 84' lang='lat' dir='ltr'>ceus</span> <span class='ocrx_word' id='word_1_239' title='bbox 1074 1819 1106 1843; x_wconf 89' lang='lat' dir='ltr'>et</span> <span class='ocrx_word' id='word_1_240' title='bbox 1128 1823 1207 1843; x_wconf 90' lang='lat' dir='ltr'>unus</span> <span class='ocrx_word' id='word_1_241' title='bbox 1230 1812 1318 1843; x_wconf 87' lang='lat' dir='ltr'>Leid.</span> <span class='ocrx_word' id='word_1_242' title='bbox 1341 1812 1467 1842; x_wconf 89' lang='lat' dir='ltr'>habent.</span> <span class='ocrx_word' id='word_1_243' title='bbox 1512 1813 1643 1848; x_wconf 82' lang='lat' dir='ltr'>Seneca,</span> 
     </span>
     <span class='ocr_line' id='line_1_44' title="bbox 984 1861 1642 1903; baseline -0.003 -11"><span class='ocrx_word' id='word_1_244' title='bbox 984 1864 1086 1893; x_wconf 77' lang='lat'>1051:</span> <span class='ocrx_word' id='word_1_245' title='bbox 1125 1861 1249 1892; x_wconf 86' lang='lat' dir='ltr'>“Solus</span> <span class='ocrx_word' id='word_1_246' title='bbox 1275 1861 1421 1891; x_wconf 87' lang='lat' dir='ltr'>immunis</span> <span class='ocrx_word' id='word_1_247' title='bbox 1451 1867 1536 1891; x_wconf 76' lang='lat' dir='ltr'>metu</span> <span class='ocrx_word' id='word_1_248' title='bbox 1563 1861 1642 1903; x_wconf 87' lang='lat' dir='ltr'>Hip—</span> 
     </span>
     <span class='ocr_line' id='line_1_45' title="bbox 981 1910 1644 1953; baseline -0.003 -11"><span class='ocrx_word' id='word_1_249' title='bbox 981 1913 1106 1953; x_wconf 82' lang='lat' dir='ltr'>polytus</span> <span class='ocrx_word' id='word_1_250' title='bbox 1129 1910 1223 1941; x_wconf 76' lang='lat' dir='ltr'>arctis</span> <span class='ocrx_word' id='word_1_251' title='bbox 1252 1910 1389 1941; x_wconf 83' lang='lat' dir='ltr'>continet</span> <span class='ocrx_word' id='word_1_252' title='bbox 1414 1910 1507 1940; x_wconf 86' lang='lat' dir='ltr'>frenis</span> <span class='ocrx_word' id='word_1_253' title='bbox 1536 1920 1644 1950; x_wconf 88' lang='lat' dir='ltr'>equos,</span> 
     </span>
     <span class='ocr_line' id='line_1_46' title="bbox 980 1958 1627 2000; baseline -0.002 -10"><span class='ocrx_word' id='word_1_254' title='bbox 980 1960 1180 2000; x_wconf 77' lang='lat' dir='ltr'>Pavidosque</span> <span class='ocrx_word' id='word_1_255' title='bbox 1196 1966 1276 1989; x_wconf 83' lang='lat' dir='ltr'>notae</span> <span class='ocrx_word' id='word_1_256' title='bbox 1294 1959 1376 1990; x_wconf 91' lang='lat' dir='ltr'>vocis</span> <span class='ocrx_word' id='word_1_257' title='bbox 1391 1958 1515 1989; x_wconf 64' lang='lat' dir='ltr'>hortatu</span> <span class='ocrx_word' id='word_1_258' title='bbox 1532 1958 1627 1989; x_wconf 80' lang='lat' dir='ltr'>ciet.&#39;&#39;</span> 
     </span>
     <span class='ocr_line' id='line_1_47' title="bbox 1024 2007 1641 2048; baseline -0.005 -9"><span class='ocrx_word' id='word_1_259' title='bbox 1024 2010 1097 2039; x_wconf 79' lang='lat'>525.</span> <span class='ocrx_word' id='word_1_260' title='bbox 1123 2007 1516 2048; x_wconf 67' lang='lat' dir='ltr'>Nervosinstirpeteneri.]</span> <span class='ocrx_word' id='word_1_261' title='bbox 1542 2007 1641 2037; x_wconf 85' lang='lat' dir='ltr'>Hein-</span> 
     </span>
     <span class='ocr_line' id='line_1_48' title="bbox 980 2057 1642 2098; baseline -0.002 -11"><span class='ocrx_word' id='word_1_262' title='bbox 980 2057 1043 2088; x_wconf 87' lang='lat' dir='ltr'>sius</span> <span class='ocrx_word' id='word_1_263' title='bbox 1074 2057 1202 2098; x_wconf 77' lang='lat' dir='ltr'>conjicit</span> <span class='ocrx_word' id='word_1_264' title='bbox 1230 2068 1334 2087; x_wconf 66' lang='lat' dir='ltr'>nervos</span> <span class='ocrx_word' id='word_1_265' title='bbox 1361 2058 1391 2086; x_wconf 79' lang='lat' dir='ltr'>in</span> <span class='ocrx_word' id='word_1_266' title='bbox 1421 2067 1506 2095; x_wconf 54' lang='lat' dir='ltr'>‘repre</span> <span class='ocrx_word' id='word_1_267' title='bbox 1535 2058 1642 2093; x_wconf 79' lang='lat' dir='ltr'>teneri,</span> 
     </span>
     <span class='ocr_line' id='line_1_49' title="bbox 980 2104 1641 2146; baseline 0 -11"><span class='ocrx_word' id='word_1_268' title='bbox 980 2107 1054 2146; x_wconf 86' lang='lat' dir='ltr'>quia</span> <span class='ocrx_word' id='word_1_269' title='bbox 1082 2107 1213 2140; x_wconf 83' lang='lat' dir='ltr'>Seneca,</span> <span class='ocrx_word' id='word_1_270' title='bbox 1250 2105 1379 2146; x_wconf 78' lang='lat' dir='ltr'>Hippoi.</span> <span class='ocrx_word' id='word_1_271' title='bbox 1411 2105 1503 2135; x_wconf 78' lang='lat'>1002.</span> <span class='ocrx_word' id='word_1_272' title='bbox 1532 2110 1550 2121; x_wconf 79' lang='lat'>‘¹</span> <span class='ocrx_word' id='word_1_273' title='bbox 1568 2104 1641 2135; x_wconf 88' lang='lat' dir='ltr'>inde</span> 
     </span>
     <span class='ocr_line' id='line_1_50' title="bbox 981 2153 1644 2194; baseline 0 -11"><span class='ocrx_word' id='word_1_274' title='bbox 981 2154 1182 2184; x_wconf 80' lang='lat' dir='ltr'>semanimem</span> <span class='ocrx_word' id='word_1_275' title='bbox 1212 2160 1319 2184; x_wconf 85' lang='lat' dir='ltr'>secant</span> <span class='ocrx_word' id='word_1_276' title='bbox 1348 2153 1507 2194; x_wconf 81' lang='lat' dir='ltr'>Virgulta,</span> <span class='ocrx_word' id='word_1_277' title='bbox 1543 2153 1644 2184; x_wconf 81' lang='lat' dir='ltr'>acutis</span> 
     </span>
     <span class='ocr_line' id='line_1_51' title="bbox 981 2203 1641 2244; baseline -0.002 -11"><span class='ocrx_word' id='word_1_278' title='bbox 981 2203 1081 2244; x_wconf 83' lang='lat' dir='ltr'>asperi</span> <span class='ocrx_word' id='word_1_279' title='bbox 1109 2214 1216 2244; x_wconf 87' lang='lat' dir='ltr'>vepres</span> <span class='ocrx_word' id='word_1_280' title='bbox 1243 2203 1359 2233; x_wconf 86' lang='lat' dir='ltr'>rubis.&#39;&#39;</span> <span class='ocrx_word' id='word_1_281' title='bbox 1406 2204 1570 2242; x_wconf 77' lang='lat' dir='ltr'>Reprensa,</span> <span class='ocrx_word' id='word_1_282' title='bbox 1594 2213 1641 2233; x_wconf 86' lang='lat' dir='ltr'>re-</span> 
     </span>
     <span class='ocr_line' id='line_1_52' title="bbox 982 2251 1642 2294; baseline 0 -12"><span class='ocrx_word' id='word_1_283' title='bbox 982 2258 1091 2287; x_wconf 82' lang='lat' dir='ltr'>tracta,</span> <span class='ocrx_word' id='word_1_284' title='bbox 1107 2254 1239 2292; x_wconf 72' lang='lat' dir='ltr'>relinqui</span> <span class='ocrx_word' id='word_1_285' title='bbox 1255 2251 1287 2281; x_wconf 87' lang='lat' dir='ltr'>in</span> <span class='ocrx_word' id='word_1_286' title='bbox 1302 2262 1439 2294; x_wconf 89' lang='lat' dir='ltr'>corpore.</span> <span class='ocrx_word' id='word_1_287' title='bbox 1467 2252 1558 2282; x_wconf 85' lang='lat' dir='ltr'>Hanc</span> <span class='ocrx_word' id='word_1_288' title='bbox 1575 2261 1642 2282; x_wconf 92' lang='lat' dir='ltr'>cor-</span> 
     </span>
     <span class='ocr_line' id='line_1_53' title="bbox 981 2301 1642 2342; baseline 0 -11"><span class='ocrx_word' id='word_1_289' title='bbox 981 2301 1063 2341; x_wconf 89' lang='lat' dir='ltr'>poris</span> <span class='ocrx_word' id='word_1_290' title='bbox 1090 2301 1344 2332; x_wconf 83' lang='lat' dir='ltr'>dilacerationem</span> <span class='ocrx_word' id='word_1_291' title='bbox 1365 2301 1515 2342; x_wconf 82' lang='lat' dir='ltr'>expressit</span> <span class='ocrx_word' id='word_1_292' title='bbox 1535 2306 1566 2331; x_wconf 86' lang='lat' dir='ltr'>et</span> <span class='ocrx_word' id='word_1_293' title='bbox 1586 2302 1642 2331; x_wconf 88' lang='lat' dir='ltr'>Se-</span> 
     </span>
     <span class='ocr_line' id='line_1_54' title="bbox 982 2350 1641 2392; baseline 0 -12"><span class='ocrx_word' id='word_1_294' title='bbox 982 2360 1072 2386; x_wconf 83' lang='lat' dir='ltr'>neca,</span> <span class='ocrx_word' id='word_1_295' title='bbox 1094 2361 1158 2380; x_wconf 86' lang='lat' dir='ltr'>ver.</span> <span class='ocrx_word' id='word_1_296' title='bbox 1187 2351 1267 2380; x_wconf 79' lang='lat'>1082</span> <span class='ocrx_word' id='word_1_297' title='bbox 1289 2361 1361 2392; x_wconf 85' lang='lat' dir='ltr'>sqq.</span> <span class='ocrx_word' id='word_1_298' title='bbox 1380 2350 1432 2380; x_wconf 89' lang='lat' dir='ltr'>ubi</span> <span class='ocrx_word' id='word_1_299' title='bbox 1454 2350 1641 2391; x_wconf 88' lang='lat' dir='ltr'>“implicuit</span> 
     </span>
     <span class='ocr_line' id='line_1_55' title="bbox 981 2397 1640 2440; baseline 0.002 -12"><span class='ocrx_word' id='word_1_300' title='bbox 981 2398 1095 2428; x_wconf 85' lang='lat' dir='ltr'>cadens</span> <span class='ocrx_word' id='word_1_301' title='bbox 1116 2400 1243 2440; x_wconf 83' lang='lat' dir='ltr'>Laqueo</span> <span class='ocrx_word' id='word_1_302' title='bbox 1265 2397 1367 2429; x_wconf 87' lang='lat' dir='ltr'>tenaci</span> <span class='ocrx_word' id='word_1_303' title='bbox 1383 2409 1505 2440; x_wconf 87' lang='lat' dir='ltr'>corpus,</span> <span class='ocrx_word' id='word_1_304' title='bbox 1523 2398 1640 2429; x_wconf 86' lang='lat' dir='ltr'>illisum</span> 
     </span>
     <span class='ocr_line' id='line_1_56' title="bbox 981 2447 1639 2489; baseline 0.002 -12"><span class='ocrx_word' id='word_1_305' title='bbox 981 2454 1076 2488; x_wconf 79' lang='lat' dir='ltr'>caput</span> <span class='ocrx_word' id='word_1_306' title='bbox 1092 2448 1233 2489; x_wconf 72' lang='lat' dir='ltr'>Scapulis</span> <span class='ocrx_word' id='word_1_307' title='bbox 1249 2448 1394 2478; x_wconf 82' lang='lat' dir='ltr'>resultat:</span> <span class='ocrx_word' id='word_1_308' title='bbox 1420 2447 1563 2477; x_wconf 79' lang='lat' dir='ltr'>auferunt</span> <span class='ocrx_word' id='word_1_309' title='bbox 1581 2447 1639 2478; x_wconf 91' lang='lat' dir='ltr'>du-</span> 
     </span>
     <span class='ocr_line' id='line_1_57' title="bbox 980 2495 1637 2537; baseline 0.002 -12"><span class='ocrx_word' id='word_1_310' title='bbox 980 2496 1021 2525; x_wconf 87' lang='lat' dir='ltr'>mi</span> <span class='ocrx_word' id='word_1_311' title='bbox 1046 2506 1166 2526; x_wconf 82' lang='lat' dir='ltr'>comas:</span> <span class='ocrx_word' id='word_1_312' title='bbox 1193 2506 1246 2526; x_wconf 84' lang='lat' dir='ltr'>ora</span> <span class='ocrx_word' id='word_1_313' title='bbox 1270 2496 1365 2526; x_wconf 85' lang='lat' dir='ltr'>durus</span> <span class='ocrx_word' id='word_1_314' title='bbox 1387 2495 1517 2537; x_wconf 82' lang='lat' dir='ltr'>pulchra</span> <span class='ocrx_word' id='word_1_315' title='bbox 1540 2506 1637 2537; x_wconf 59' lang='lat' dir='ltr'>popu&lt;</span> 
     </span>
     <span class='ocr_line' id='line_1_58' title="bbox 979 2544 1638 2586; baseline 0 -12"><span class='ocrx_word' id='word_1_316' title='bbox 979 2544 1060 2575; x_wconf 81' lang='lat' dir='ltr'>latur</span> <span class='ocrx_word' id='word_1_317' title='bbox 1088 2544 1202 2585; x_wconf 76' lang='lat' dir='ltr'>lapis,&#39;&#39;</span> <span class='ocrx_word' id='word_1_318' title='bbox 1248 2544 1453 2586; x_wconf 75' lang='lat' dir='ltr'>Aliquamdiu</span> <span class='ocrx_word' id='word_1_319' title='bbox 1483 2549 1638 2586; x_wconf 76' lang='lat' dir='ltr'>“raptum</span> 
     </span>
     <span class='ocr_line' id='line_1_59' title="bbox 980 2592 1638 2636; baseline 0.002 -13"><span class='ocrx_word' id='word_1_320' title='bbox 980 2599 1106 2624; x_wconf 84' lang='lat' dir='ltr'>truncus</span> <span class='ocrx_word' id='word_1_321' title='bbox 1134 2594 1277 2624; x_wconf 84' lang='lat' dir='ltr'>ambusta</span> <span class='ocrx_word' id='word_1_322' title='bbox 1313 2593 1389 2624; x_wconf 85' lang='lat' dir='ltr'>sude</span> <span class='ocrx_word' id='word_1_323' title='bbox 1419 2592 1556 2623; x_wconf 87' lang='lat' dir='ltr'>medium</span> <span class='ocrx_word' id='word_1_324' title='bbox 1584 2604 1638 2636; x_wconf 79' lang='lat' dir='ltr'>per</span> 
     </span>
     <span class='ocr_line' id='line_1_60' title="bbox 980 2641 1539 2684; baseline 0.004 -13"><span class='ocrx_word' id='word_1_325' title='bbox 980 2641 1094 2683; x_wconf 80' lang='lat' dir='ltr'>inguen</span> <span class='ocrx_word' id='word_1_326' title='bbox 1109 2642 1214 2684; x_wconf 82' lang='lat' dir='ltr'>stipite</span> <span class='ocrx_word' id='word_1_327' title='bbox 1228 2643 1326 2684; x_wconf 81' lang='lat' dir='ltr'>ejecto</span> <span class='ocrx_word' id='word_1_328' title='bbox 1342 2642 1463 2678; x_wconf 75' lang='lat' dir='ltr'>tenet,&#39;’</span> <span class='ocrx_word' id='word_1_329' title='bbox 1479 2648 1539 2674; x_wconf 88' lang='lat' dir='ltr'>etc.</span> 
     </span>
    </p>
   </div>
  </div>
 </body>
</html>
