1779 3130
253 171 337 212 420

626 169 676 208 Ρ.
713 166 924 207 OVIDII
959 166 1238 207 NASONIS

256 283 506 337 Occuluit,
533 281 835 343 tonitruque,
863 288 915 328 et
937 280 1131 343 fulgure
1154 280 1328 327 terruit
1353 280 1558 327 Urbem.

255 359 379 412 Quae
404 359 496 404 sibi
522 358 774 421 promissae
801 358 956 404 sensit
980 358 1097 404 data
1121 358 1262 419 signa
1285 357 1484 420 rapinae,

255 435 565 497 Innixusque
590 435 762 490 hastae,
789 450 987 497 pressos
1012 442 1208 481 temone
1235 441 1438 480 cruento

254 511 540 575 Iinpavidus
565 511 857 558 conscendit
880 527 1035 573 equos
1063 510 1323 563 Gradivus,
1342 516 1392 555 et
1412 509 1514 554 ictu
1542 509 1639 552 820

254 588 488 634 Verberis
513 587 774 650 increpuit,
802 603 1113 650 pronumque
1139 602 1227 649 per
1249 601 1363 631 aera
1386 585 1555 647 lapsus

256 664 496 710 Constitit
520 663 570 709 in
595 679 787 709 summo
814 663 1057 710 nemorosi
1085 663 1211 709 colle
1237 660 1399 707 Palati
1425 678 1434 707 ε

254 740 673 802 Reddentemque
699 757 786 786 suo
806 741 909 803 jam
934 740 1070 801 regia
1087 740 1201 801 jura
1226 737 1405 791 Quiriti

253 817 475 863 Abstulit
501 817 721 863 Iliaden:
763 833 941 879 corpus
967 816 1172 862 mortale
1194 831 1280 878 per
1306 830 1448 860 auras

254 893 516 955 Dilapsum
541 901 734 949 tenues,
762 910 852 940 ceu
878 894 980 939 lata
1003 893 1238 955 plumbea
1262 891 1414 937 funda

1540 891 1635 934 825

254 968 414 1014 Missa
438 970 564 1015 solet
589 970 751 1015 medio
777 969 917 1031 glans
942 969 1251 1015 intabescere
1277 967 1417 1013 coelo.

251 1045 470 1091 Pulchra
493 1045 629 1091 subit
652 1045 819 1101 facies,
845 1053 897 1092 et
920 1045 1257 1108 pulvinaribus
1282 1043 1396 1090 altis

254 1120 477 1182 Dignior,
505 1128 555 1167 et
580 1121 740 1183 qualis
768 1121 975 1168 trabeati
1000 1121 1155 1168 forma
1180 1120 1389 1174 Quirini.

315 1197 492 1244 Flebat
516 1205 570 1243 ut
595 1197 831 1244 amissum
857 1199 1055 1260 conjux,
1084 1214 1237 1260 quum
1262 1196 1397 1258 regia
1421 1194 1551 1242 Juno

291 1330 366 1360 819.
405 1330 521 1360 Pressas
553 1337 664 1360 temone
693 1340 757 1371 pro,
783 1330 907 1371 junctos

247 1378 362 1409 currui.
409 1379 468 1409 Pro
496 1389 586 1409 curru
611 1379 714 1420 posuit
739 1385 906 1415 temonem,

250 1428 303 1468 qui
319 1432 349 1457 et
362 1429 470 1466 premit
481 1438 576 1468 equos
592 1432 624 1457 et
639 1427 677 1456 ab
694 1427 729 1457 iis
742 1430 906 1466 premitur.

251 1477 300 1505 lta
316 1475 426 1505 melius
444 1482 530 1516 puto,
548 1485 641 1516 quam
663 1485 734 1505 cum
751 1475 907 1506 Gronovio

250 1524 281 1554 in
309 1523 444 1554 Diatrib.
467 1525 546 1554 Stat.
573 1536 603 1565 p.
628 1525 700 1554 401.
725 1525 904 1559 emendare,

248 1585 365 1612 prensos
392 1580 514 1609 temone,
539 1576 651 1614 (atque
675 1574 720 1603 ita
745 1580 852 1614 postea
875 1573 907 1604 in

249 1632 310 1652 nuo
326 1623 396 1652 MS.
413 1622 527 1652 Moreti
549 1622 661 1663 reperit
679 1623 908 1661 Burmannus‚)

247 1672 342 1712 idque
358 1672 477 1702 dietum
492 1678 601 1713 putare
616 1682 671 1713 pro
686 1683 810 1713 prensos
820 1673 907 1714 jugo,

250 1721 323 1761 quia
346 1726 426 1750 temo
438 1721 549 1761 jugum
565 1720 714 1750 continet.
762 1721 906 1756 Cruento,

248 1779 359 1810 nempe
388 1780 404 1799 e
433 1768 559 1810 praeliis.
607 1770 751 1804 Ver-beris,
777 1769 907 1810 flagelli.

248 1817 417 1857 Increpuit,
433 1817 587 1848 incitavit.
633 1818 714 1848 Octo
738 1818 814 1848 dant
838 1829 907 1857 pro-

248 1877 378 1906 uusque;
403 1866 529 1897 Juuian.
543 1877 721 1905 purumque,
738 1872 772 1896 ut
794 1866 905 1896 Horat.

250 1916 272 1946 i.
287 1916 339 1945 34.

291 1966 365 1995 823.
399 1963 779 2003 Reddentem—abstulit.]
827 1964 905 1994 Fac-

250 2022 315 2044 tum
331 2013 389 2043 hoc
405 2023 483 2048 esse,
499 2022 595 2052 quum
616 2012 655 2041 ad
671 2012 800 2052 Capreze
817 2011 905 2053 palu-

250 2062 320 2092 dem
341 2059 511 2091 exercitum
530 2061 684 2095 lustraret,
701 2059 827 2090 tradunt
848 2059 909 2090 his-

248 2109 347 2140 torici.
393 2109 472 2138 Jura
489 2107 530 2138 ibi
544 2110 654 2138 dedisse
670 2109 763 2138 etiam
779 2109 863 2138 Fast.
878 2108 908 2139 d.

246 2158 269 2188 l.
283 2163 435 2188 narratur.
480 2157 593 2197 Neque
608 2157 638 2186 h.
652 2156 673 2187 l.
686 2156 751 2197 ipse
766 2156 797 2186 in
815 2157 908 2186 Ριιία-

251 2209 291 2236 tio
322 2206 415 2236 fnisse
444 2211 642 2240 memoratur,
667 2204 722 2234 sed
749 2205 837 2234 Mars
865 2205 908 2235 ibi

248 2253 396 2289 constitit,
419 2260 453 2284 ut
476 2253 588 2284 deinde
612 2264 628 2283 e
652 2252 767 2283 vicinia
790 2254 908 2284 Romu-

247 2304 313 2333 lum
326 2303 471 2333 auferret.
507 2302 706 2332 Burmannus
721 2305 905 2342 monet,jam

249 2351 503 2393 conjungendum
518 2361 589 2381 cum
605 2362 666 2386 suo,
682 2351 754 2392 quia
768 2357 838 2392 post
848 2352 908 2382 Ta-

249 2402 284 2431 tii
306 2409 434 2430 mortem
461 2401 603 2434 Quirites,
619 2400 651 2429 id
674 2406 721 2430 est
742 2399 860 2436 Sabini,
877 2400 907 2431 in

249 2449 316 2490 ejus
345 2454 527 2489 potestatem
551 2455 779 2484 concesserant,
807 2455 838 2479 et
864 2450 908 2480 ita

246 2498 313 2539 jam
338 2500 385 2527 sui
415 2504 513 2532 erant,
539 2503 574 2527 ut
604 2504 695 2528 antea
717 2497 812 2527 Tatii.
858 2499 908 2528 Ita

249 2551 341 2587 poeta
366 2551 486 2586 partem
511 2545 683 2575 incolarum
709 2554 908 2577 memorasset

249 2604 303 2634 pro
316 2593 476 2624 universis.
519 2593 651 2624 Lenzius
662 2604 734 2624 vero
749 2593 791 2624 sic
805 2606 811 2622 ε
836 2595 907 2625 red-

250 2641 344 2671 debat
363 2642 435 2682 jura
456 2642 570 2683 populo
592 2653 657 2677 suo,
672 2641 813 2681 cuijam,
829 2642 906 2674 inte-

250 2690 316 2726 rim,
327 2690 495 2726 Quiritium
506 2701 617 2721 nomen
627 2691 804 2722 obvenerat.
821 2691 905 2722 Olim

974 1331 1124 1362 edebatur
1144 1341 1202 1360 non
1225 1331 1319 1371 regia,
1337 1329 1430 1370 idque
1452 1327 1635 1368 interpreta-

974 1381 1086 1410 bantur
1115 1379 1230 1414 civilia,
1256 1378 1408 1419 aequalia:
1443 1376 1496 1406 alii
1524 1376 1634 1416 legunt

975 1436 1057 1458 tunc.
1105 1428 1230 1462 Quiriti.
1277 1427 1361 1457 Raro
1385 1426 1442 1456 hoc
1468 1435 1579 1455 nomen
1602 1423 1634 1454 in

974 1476 1122 1517 singulari
1151 1486 1276 1506 numero
1306 1474 1466 1516 reperitur.
1510 1473 1572 1503 Sed
1601 1478 1632 1502 et

976 1525 1026 1556 hic
1040 1536 1093 1566 pro
1111 1524 1249 1555 universo
1264 1524 1389 1566 populo.
1434 1524 1495 1553 En.

1018 1576 1090 1605 825.
1117 1575 1179 1604 Ceu
1191 1574 1452 1615 plumbenfunda,
1466 1572 1546 1612 etc.]
1573 1572 1634 1602 Ea-

975 1622 1046 1653 dem
1067 1622 1237 1653 similitudo
1253 1623 1346 1652 etiam
1362 1622 1393 1652 ii.
1409 1622 1490 1659 7273
1512 1626 1637 1662 sumpta

975 1682 992 1702 e
1021 1671 1176 1706 Lucretio,
1207 1672 1246 1701 vi.
1279 1672 1355 1700 177:
1397 1671 1541 1700 Plumbea
1567 1681 1634 1700 vero

978 1720 1074 1750 Glans
1097 1722 1186 1750 etiam
1209 1721 1294 1761 longo
1317 1730 1407 1749 cursu
1431 1720 1575 1749 volvenda
1599 1721 1635 1749 ci-

975 1772 1103 1809 quescit3
1128 1769 1172 1799 ita
1187 1775 1219 1800 et
1231 1769 1392 1809 Virgilius,
1407 1769 1483 1798 AEn.
1498 1768 1542 1798 ix.
1556 1770 1633 1799 588.

975 1825 1007 1849 et
1019 1819 1147 1854 Statius,
1163 1818 1265 1849 Theb.
1281 1829 1312 1848 x.
1328 1819 1402 1848 528.
1446 1818 1572 1848 Falsum
1588 1823 1634 1848 ta-

975 1878 1047 1898 men
1073 1874 1131 1904 est,
1148 1868 1283 1909 glandes,
1301 1866 1454 1907 globulos,
1472 1866 1635 1908 plumbeas

974 1915 1006 1946 in
1022 1926 1112 1946 cursu
1136 1917 1322 1950 intabescere,
1337 1914 1369 1944 id
1385 1921 1431 1945 est
1446 1915 1630 1956 liquescere.

974 1966 1107 2005 Argent.
1123 1964 1177 1994 dat
1193 1966 1407 1995 incandescere.

1017 2014 1091 2043 827.
1134 2014 1351 2042 Pulrinaribns
1388 2013 1469 2047 altis,
1499 2011 1631 2053 dignior,

977 2062 1030 2102 qui
1045 2061 1196 2091 conviviis
1206 2062 1343 2091 Deorum
1354 2061 1515 2091 interesset
1526 2073 1534 2099 3
1547 2062 1630 2102 quod

976 2110 1098 2150 signum
1122 2110 1311 2148 divinitati53
1334 2109 1405 2140 vide
1429 2109 1468 2140 ad
1492 2109 1532 2140 vi.
1558 2111 1631 2141 173.

978 2158 1172 2195 ΡιιΙκὶηανὶα,
1197 2158 1270 2189 lecti
1296 2159 1434 2189 Deorum
1459 2158 1491 2188 in
1516 2160 1633 2201 templo

976 2207 1084 2248 positi;
1106 2207 1178 2237 hinc
1195 2213 1226 2237 et
1241 2207 1314 2237 lecti
1329 2208 1488 2238 coelestes:
1510 2207 1633 2240 Rodius

976 2262 1084 2286 contra
1098 2258 1275 2295 pulvinaria
1295 2256 1514 2298 interpretatur
1530 2257 1630 2288 sacel-

976 2304 1053 2335 lum.
1095 2305 1344 2346 Trabentijbrma
1362 2306 1398 2339 Q.
1436 2307 1513 2336 Haec
1529 2307 1631 2337 lucem

976 2354 1134 2394 accipiunt
1149 2363 1185 2384 ex
1202 2355 1284 2384 Fast.
1300 2354 1332 2383 ii.
1346 2355 1407 2384 503
1423 2365 1474 2395 sq:
1500 2354 1633 2385 Pulcher

975 2408 1003 2431 et
1034 2403 1161 2432 humano
1186 2405 1292 2442 nuffar,
1317 2404 1472 2442 trabeaque
1498 2404 1631 2440 decorus,

976 2450 1123 2480 Romulus
1152 2453 1183 2480 in
1213 2454 1306 2481 media
1343 2454 1419 2481 risus
1447 2453 1544 2482 adesse
1572 2455 1632 2483 via.

975 2499 1098 2540 Nempe
1122 2501 1221 2529 trabea.
1245 2500 1412 2540 priscorum
1434 2510 1541 2540 regum
1564 2500 1629 2531 Ro-

975 2557 1136 2577 manorum
1165 2547 1309 2585 habitus3
1345 2547 1476 2582 Plinius,
1501 2549 1543 2579 ix.
1569 2551 1629 2580 39:

973 2595 1017 2625 ita
1032 2597 1201 2626 succinctus
1218 2597 1318 2626 trabea
1332 2596 1427 2626 Picus
1442 2597 1524 2638 apud
1542 2598 1630 2639 Virg-

974 2643 1026 2674 vii.
1045 2645 1115 2674 188.

1017 2694 1196 2724 829—851.
1227 2694 1337 2726 Altera
1366 2695 1628 2736 metamorphosis,
