1779 3130
322 149 940 193 METAMORPHOSEON
975 150 1093 191 LIB.
1127 151 1261 191 VIII.
1424 152 1478 192 51

93 261 166 308 Ac
193 269 386 309 nostros
411 263 644 310 comitate
670 264 873 324 gradus3
915 271 965 310 et
988 265 1038 311 in
1063 266 1216 311 ardua
1239 265 1419 310 montis

96 336 170 384 Ite
195 338 391 385 simul.’'

461 338 648 386 Parent
673 339 835 394 ambo,
863 340 1154 403 baculisque
1178 340 1325 387 levati

92 413 330 461 Nituntur
353 415 497 477 longo
522 416 731 477 vestigia
756 431 939 478 ponere
965 417 1108 463 clivo.

1377 419 1471 462 694

91 489 303 537 Tantum
320 492 524 539 aberant
540 508 748 546 summo,
772 500 1012 554 quantum
1034 494 1186 539 semel
1206 493 1273 539 ire
1295 493 1475 554 sagitta

91 565 250 612 Missa
274 574 466 629 potest3
507 568 691 614 flexere
717 569 905 622 oculos,
933 576 982 614 et
1005 585 1166 615 mersa
1190 569 1372 631 palude

91 641 287 688 Caetera
310 643 632 705 prospiciunt,
659 649 852 689 tantum
878 660 968 690 sua
992 652 1125 691 tecta
1150 661 1363 691 manere.

91 717 324 780 Dumque
349 734 407 765 ea
432 719 685 774 mirantur,
712 720 830 765 dum
855 721 1041 767 deflent
1065 721 1166 767 fata
1190 736 1404 775 suorum,

91 793 183 840 Illa
207 803 364 850 vetus,
392 796 604 842 dominis
631 796 780 842 etiam
807 812 923 843 casa
947 813 1095 859 parva
1118 797 1327 852 duobus,

90 870 309 917 Vertitur
327 872 375 918 in
392 873 631 935 templum
649 891 659 929 3
689 872 850 919 furcas
871 873 1066 919 subiere
1086 873 1327 919 columnae
1345 889 1354 919 :
1376 876 1472 918 700

93 947 341 994 Stramina
364 949 652 1005 flavescunt,
675 950 1015 1012 adopertaque
1039 965 1280 995 marmore
1305 950 1468 1003 teUuS,

92 1023 396 1087 Caelataeque
421 1025 565 1080 foreS,
594 1034 865 1088 aurataque
889 1033 1022 1072 tecta
1044 1026 1300 1082 videntur3

90 1099 230 1146 Talia
256 1116 409 1162 quum
436 1102 630 1164 placido
659 1102 919 1148 Saturnius
946 1101 1103 1148 edidit
1128 1117 1233 1148 ore:

91 1182 119 1199 ‘⁶
141 1176 323 1233 Dicite,
345 1179 481 1240 juste
507 1194 679 1235 senex,
707 1187 758 1226 et
781 1178 962 1225 femina
986 1178 1196 1239 conjuge
1216 1178 1353 1239 justo

130 1326 203 1355 695.
230 1325 359 1356 Tantum
379 1328 503 1357 aberant
523 1338 644 1363 summo,
666 1329 747 1368 etc.]

91 1374 173 1404 Fast.
187 1373 232 1404 iii.
247 1376 308 1404 583
327 1387 332 1404 ;
360 1386 411 1404 nec
425 1376 653 1416 longz‘usalgs'icit
665 1378 745 1411 inde,

92 1423 187 1456 Quam
213 1430 358 1462 quantum
387 1426 484 1454 novies
512 1425 748 1466 milterefunda

86 1477 193 1509 potest.
240 1472 365 1502 Confer.
389 1472 517 1502 Homer.
544 1473 582 1503 ll.
608 1477 649 1504 Π.
675 1476 749 1504 589.

92 1520 152 1554 Ire,
169 1519 207 1550 de
225 1520 348 1551 volante
365 1520 477 1560 sagitta
493 1526 522 1551 et
539 1521 624 1552 alibi.

131 1569 206 1599 696.
239 1569 279 1599 Et
294 1580 386 1599 mersa
401 1570 541 1609 palude]
572 1571 647 1600 Post
663 1570 745 1600 hunc

89 1628 211 1649 versum
229 1629 331 1648 rursus
345 1618 407 1648 duo
427 1618 518 1659 ejecti
535 1629 553 1649 a
574 1618 701 1649 Ciosano
716 1625 746 1649 et

91 1666 242 1703 Heinsi03
268 1672 340 1697 sunt
366 1672 469 1697 autem
495 1667 548 1697 hi:
581 1668 678 1697 Mersa
701 1669 745 1697 vi-

87 1718 170 1752 dent,
208 1722 401 1756 quarumque
437 1727 496 1746 szza’
526 1718 578 1755 pia,
613 1718 747 1747 culmina

88 1766 176 1795 rillae.
223 1764 289 1793 Sola
306 1765 367 1793 loca
383 1766 499 1794 stabant
517 1776 526 1800 ;
551 1766 623 1794 (lum
637 1766 747 1805 &flent

77 1813 154 1853 fata
175 1814 314 1842 locorum.
360 1812 479 1843 Horum
501 1823 644 1843 versuum
664 1814 745 1854 prior

89 1866 209 1891 tantum
235 1865 267 1890 et
292 1870 310 1889 a
333 1860 471 1890 secunda
494 1871 590 1891 manu
614 1861 744 1901 margini

90 1909 215 1940 Codicis
230 1908 259 1938 A
275 1907 440 1949 inscriptus
452 1908 511 1938 fuit
530 1920 536 1946 3
561 1908 636 1939 duos
652 1909 746 1940 habet

89 1957 195 1988 Codex
224 1957 271 1986 B:
307 1967 404 1996 quum
431 1956 475 1987 eis
500 1967 608 1997 aequus
638 1968 745 1988 sensus

89 2004 215 2035 attribui
232 2003 337 2045 possit,
352 2010 383 2034 et
397 2011 478 2035 certe
494 2004 585 2046 priori
600 2005 746 2046 posterior

90 2064 149 2084 non
179 2052 363 2088 consentiat,
392 2059 475 2084 recte
505 2053 688 2084 deleverunt
715 2060 747 2084 et

91 2101 241 2133 Ciosanus
255 2106 287 2131 et
301 2101 460 2132 Heinsius.

133 2151 206 2180 699.
224 2150 298 2179 Casa
309 2150 430 2189 parvm]
452 2150 510 2179 Pro
520 2148 744 2189 parva,Junia-

90 2209 147 2230 nus
165 2208 253 2237 pena,
274 2197 358 2238 quod
376 2204 476 2228 ortum
496 2208 533 2228 ex
551 2199 640 2237 plena
662 2197 747 2227 vide-

89 2254 150 2283 tur,
166 2247 261 2288 idque
277 2247 423 2287 placebat
436 2248 632 2278 Burmanno:
656 2249 747 2286 plena

89 2297 212 2331 duobus,
231 2300 294 2325 tam
315 2301 456 2336 angusta,
471 2301 505 2326 ut
525 2296 577 2326 vix
598 2297 675 2327 duos
694 2306 746 2327 ca-

90 2350 187 2387 peret.
231 2343 325 2384 Regii
341 2343 445 2379 nostri,
459 2355 563 2383 parva.

135 2394 207 2423 700.
233 2393 348 2422 Furcas
362 2394 475 2423 subiere
490 2393 658 2432 columma]
693 2393 747 2423 Se-

93 2452 181 2478 neca,
197 2441 258 2481 Ep.
279 2441 331 2471 90.
348 2440 386 2470 de
403 2441 482 2471 casis
502 2440 671 2482 priscorum
691 2441 746 2471 ho-

93 2490 224 2523 minum,
243 2489 350 2519 Furcae
369 2491 510 2529 utrinque
528 2489 747 2529 suspensaejicl-

92 2540 207 2570 ciebant
228 2549 337 2572 casam,
355 2539 482 2576 spissatis
495 2540 670 2573 ramalibus,
688 2543 749 2568 etc.

94 2587 255 2622 stramina,
267 2586 379 2627 quibus
391 2587 750 2626 tectacasa,jlavescunt,

93 2634 124 2666 in
136 2644 244 2665 aurum
261 2639 430 2665 mutantur.
453 2634 612 2664 Tribuitur
625 2634 751 2676 quidem

88 2684 190 2724 flavus
214 2684 297 2714 color
326 2689 357 2714 et
385 2692 469 2719 auro,
497 2689 531 2714 ut
552 2683 597 2714 ix.
623 2684 696 2714 688.
721 2682 752 2713 in

814 1328 920 1370 primis
935 1333 1039 1358 tamen
1059 1327 1258 1358 straminibus
1276 1327 1361 1368 ipsis.
1406 1328 1470 1359 Ita-

815 1387 875 1417 que
895 1376 950 1405 hoc
972 1376 1040 1405 loco
1063 1387 1079 1405 e
1100 1376 1276 1416 conjectura
1295 1376 1471 1417 Capoferrei

814 1425 940 1454 mallem
955 1425 1157 1465 fulrescunm
1192 1434 1265 1453 nam
1294 1425 1359 1454 auri
1372 1425 1470 1465 fulva

815 1479 949 1510 natura;
984 1472 1066 1502 Plin.
1092 1472 1196 1502 xxxiv.
1220 1474 1252 1503 2.
1280 1484 1304 1502 s.
1331 1474 1361 1502 3.
1409 1474 1471 1504 Sed

815 1527 910 1551 restat
940 1521 1001 1550 alia
1030 1520 1207 1550 difficultas.
1264 1521 1341 1550 Mox
1367 1532 1471 1552 rursus

815 1576 924 1600 aurata
951 1576 1025 1600 tecta
1050 1574 1339 1600 commemorantur.
1385 1571 1471 1601 Olim

814 1618 881 1648 haec
909 1619 1003 1648 verba
1033 1618 1094 1648 alio
1130 1618 1236 1648 ordine
1262 1618 1345 1648 lecta
1373 1626 1468 1657 sunt;

814 1667 963 1696 Heinsius
977 1666 1057 1696 enirn
1079 1665 1134 1701 ait,
1152 1676 1188 1696 ex
1209 1666 1268 1696 fide
1284 1666 1470 1707 optimorum

815 1714 965 1745 Codicum
980 1725 1012 1744 se
1022 1713 1161 1744 ordinem
1173 1725 1279 1744 verum
1292 1715 1471 1747 restituisse.

814 1763 945 1793 Lenzius
965 1762 1058 1803 igitur
1083 1773 1145 1792 non
1168 1762 1249 1792 male
1270 1769 1370 1803 putat,
1392 1765 1468 1795 Ovi-

814 1811 899 1841 dium
929 1810 1097 1852 scripsisse,
1127 1811 1281 1840 Stramina
1298 1813 1471 1852 flavescunt

811 1859 1020 1899 (juluescunt)
1037 1865 1203 1898 “mutaque
1223 1866 1301 1889 tecta
1319 1862 1469 1898 videntur,

815 1907 1093 1949 Coeluroequefores,
1109 1909 1306 1947 adopertaque
1326 1919 1470 1940 marmore

814 1958 913 1987 tellus.
960 1956 1052 1986 Fores
1077 1957 1185 1986 ca‘lutae
1211 1956 1303 1986 etiam
1330 1956 1360 1986 in
1384 1957 1469 1998 regia

813 2005 904 2040 Solis,
921 2004 955 2034 ii.
973 2006 1002 2035 6.
1048 2005 1122 2034 Post
1138 2015 1259 2034 versum
1276 2005 1337 2034 702
1359 2006 1468 2037 Codex

813 2053 932 2093 Regius
961 2054 991 2082 A
1021 2052 1109 2082 addit
1144 2052 1249 2082 hunc:
1288 2053 1470 2092 Concipiunt

816 2102 984 2141 Baucisque
992 2112 1092 2140 preces
1104 2102 1283 2140 timidusque
1300 2101 1468 2134 Philemon.

815 2150 885 2186 Quo
914 2160 1003 2180 versu
1041 2159 1112 2179 cum
1148 2149 1395 2190 praecedentibus
1421 2162 1469 2182 se-

814 2198 942 2239 quentia
970 2198 1075 2228 forsan
1111 2198 1223 2227 melius
1245 2198 1469 2239 jungerentur:

814 2247 870 2277 sed
885 2251 966 2277 esset
981 2245 1092 2276 vitiosa
1107 2245 1269 2287 repetiti03
1293 2256 1364 2276 nam
1379 2246 1405 2276 is
1421 2254 1469 2278 est

811 2295 875 2336 jam
900 2305 1006 2324 versus
1029 2295 1114 2332 6823
1146 2304 1242 2334 quare
1266 2305 1326 2324 non
1353 2295 1467 2326 admit-

814 2343 941 2374 tendum
957 2342 1077 2373 censui.

857 2393 931 2422 704.
963 2392 1092 2422 ,Iustitia
1120 2401 1240 2422 summa
1265 2391 1372 2427 virtus,
1398 2404 1468 2434 quae

813 2439 948 2481 reliquas
962 2439 1177 2481 complectitur
1192 2449 1309 2469 omneS.
1353 2440 1380 2469 E
1399 2441 1469 2481 plu-

815 2488 900 2518 rimis
926 2489 1020 2518 MSS.
1066 2488 1225 2517 Jndicium
1262 2488 1470 2519 revocandum

815 2537 933 2577 putavi,
948 2536 1033 2577 quod
1048 2535 1196 2566 Ciofanus
1209 2545 1379 2577 paucorum
1395 2546 1469 2568 auc-

817 2583 950 2619 toritate,
974 2594 1035 2614 non
1060 2585 1140 2614 bene
1165 2583 1197 2613 in
1222 2585 1377 2614 consilinm
1402 2595 1469 2616 mu-

818 2632 897 2663 tavit
910 2645 918 2670 3
943 2633 1238 2673 namquejuclicz'um
1251 2632 1410 2673 eleganter
1425 2633 1471 2662 di-

818 2680 899 2712 citur
918 2680 1001 2721 quod
1018 2681 1169 2717 consulto,
1189 2680 1410 2712 deliberatione
1426 2681 1471 2711 in-
