1779 3130
258 169 343 210 122
652 167 703 208 P.
737 166 947 209 OVIDII
981 167 1260 208 NASONIS

262 281 520 343 Sistraque
536 288 690 335 erant,
702 296 1058 344 nunquamque
1075 280 1194 327 satis
1211 279 1448 343 quaesitus
1466 278 1643 333 Osiris,

261 358 518 418 Plenaque
545 356 793 403 somniferi
820 371 1023 419 serpens
1049 356 1307 419 peregrina
1330 355 1522 402 veneni.

263 433 446 488 Quum,
484 433 620 479 velut
656 448 921 480 excussam
962 449 1150 487 somno,
1191 439 1241 479 et
1278 432 1538 478 manifesta
1573 430 1640 477 vi-

460 509 662 556 dentem
1550 509 1645 553 694

267 584 350 631 Sic
377 585 528 632 affata
553 584 664 632 Dea
687 590 793 631 est:
833 589 863 608 ‘⁶
885 585 1022 639 Pars,
1045 599 1074 630 o
1099 583 1384 637 Telethusa,
1405 598 1643 636 mearum,

263 660 404 707 Pone
429 676 602 722 graves
628 676 799 715 curas3
838 660 1173 722 mandataque
1199 659 1312 705 falle
1338 659 1515 704 mariti.

266 736 375 784 Nec
401 736 592 791 dubita,
620 752 775 798 quum
800 742 849 782 te
873 743 1018 799 partu
1045 735 1234 782 Lucina
1256 734 1442 788 levarit,

264 812 458 860 Tollere
484 812 728 874 quidquid
753 814 873 859 erit:
914 812 1024 859 Dea
1048 829 1157 859 sum
1183 810 1450 866 auxiliaris,
1477 825 1645 873 opem-

267 888 487 935 Exorata
508 888 640 944 fero;
682 905 771 935 nec
798 896 846 935 te
871 889 1083 935 coluisse
1108 887 1329 950 quereris
1528 889 1648 948 [que

267 963 524 1026 Ingratum
549 963 780 1011 numen.”
818 963 1033 1020 Monuit,
1059 964 1378 1026 thalamoque
1403 963 1624 1009 recessit.

270 1038 406 1087 Laeta
429 1047 535 1086 toro
562 1040 736 1102 surgit,
763 1056 1015 1102 purasque
1040 1040 1102 1087 ad
1128 1040 1290 1086 sidera
1315 1039 1529 1102 supplex
1554 1042 1643 1085 701

269 1115 454 1162 Cressa
477 1131 651 1163 manus
677 1116 875 1170 tollens,
903 1124 1008 1162 rata
1035 1116 1134 1162 sint
1158 1131 1247 1162 sua
1269 1114 1375 1162 visa
1399 1121 1645 1178 precatur.

313 1274 387 1304 693.
412 1274 572 1315 Snniug'f'eri
586 1275 674 1313 plena
690 1278 814 1311 υεηεηίς
831 1275 927 1316 Regii

269 1322 364 1352 nostri
410 1323 543 1354 Codices
586 1324 926 1365 somniteris—renerus.

270 1371 374 1412 Hujus
389 1382 507 1401 veneno
525 1371 614 1412 sopiti
630 1372 770 1402 homines
791 1372 927 1402 moriun-

270 1424 330 1449 tur.
352 1419 453 1449 Testis
468 1426 515 1448 est
532 1420 710 1460 Cleopatra,
727 1430 796 1461 quae
814 1420 928 1461 aspidis

269 1477 371 1497 morsu
397 1467 428 1497 in
457 1478 597 1497 somnum
625 1468 727 1498 soluta
759 1468 927 1509 expiravit.

271 1515 410 1556 Propert.
433 1516 496 1545 Ill.
520 1516 561 1545 ix.
584 1516 645 1553 533
670 1517 788 1545 Lucan.
812 1515 854 1546 ix,
879 1517 928 1547 12.

271 1563 310 1593 In
319 1563 428 1594 Isiacis
440 1564 647 1594 monumentis
658 1564 835 1604 frequenter
848 1565 930 1605 aspis

271 1612 416 1642 occurrit.
445 1611 589 1642 Valerius
605 1612 690 1642 Flac.
705 1613 747 1642 iv.
763 1613 836 1643 418.
866 1613 930 1642 Mi-

271 1661 372 1701 cyllus
387 1667 418 1691 et
433 1660 561 1690 Safftius
576 1671 630 1701 per
647 1667 808 1699 serpentem
825 1670 929 1690 croco-

270 1708 369 1739 dilum
397 1708 588 1749 intelligunt,
616 1709 706 1750 cujus
734 1719 852 1739 morsus
880 1710 931 1750 (at

271 1756 324 1787 ille
344 1767 405 1787 non
425 1757 556 1792 mordet,
573 1757 627 1787 sed
648 1757 792 1796 devorat)
808 1758 932 1787 insana-

271 1804 344 1835 bilis
371 1805 421 1835 sit.
466 1806 532 1835 Imo
568 1812 651 1836 recte
689 1805 749 1836 loc.
772 1806 931 1847 explicant

274 1854 409 1884 Farnab.
440 1860 471 1883 et
500 1854 610 1884 Heins.
638 1854 676 1884 de
711 1854 830 1895 aspide,
860 1865 929 1895 quae

272 1901 382 1932 Isiacis
404 1902 434 1931 in
456 1901 551 1932 sacris
572 1902 745 1932 colebatur.
791 1903 931 1932 Vocatur

269 1951 442 1990 peregrina,
467 1949 540 1990 quia
569 1950 670 1985 Creta,
694 1949 746 1980 ubi
772 1960 820 1981 res
848 1960 929 1981 nunc

274 1998 420 2038 agitatur,
446 1998 550 2028 nullas
578 2004 736 2040 serpentes
760 2005 930 2029 venenatas

272 2045 422 2076 habebat.
467 2046 566 2076 Solin.
591 2057 662 2088 cap.
678 2046 720 2077 xi.
766 2047 931 2077 Excutimu-

272 2105 380 2129 somnO,
392 2094 481 2135 cujus
492 2104 616 2125 somnus
628 2094 788 2136 repentino
802 2096 931 2136 strepitu

273 2140 486 2183 abrumpitur3
508 2143 616 2183 defluit
638 2154 764 2179 somnus,
780 2143 805 2174 si
823 2149 931 2184 sponte

273 2190 377 2227 cedit;
399 2190 503 2222 Tibul.
517 2191 564 2221 iii.
581 2192 611 2221 4.

317 2240 392 2269 695.
416 2240 465 2269 Sic
490 2239 589 2280 affata
617 2240 711 2280 Dea.]
749 2240 858 2270 Brevis
887 2247 934 2271 est

274 2286 342 2317 haec
375 2287 467 2318 Isidis
497 2288 607 2324 oratio,
634 2294 666 2319 et
698 2288 934 2319 accommodata

274 2336 463 2377 temporibus
494 2336 669 2367 Telethusae
707 2337 867 2368 moerentis
903 2344 934 2367 et

274 2384 465 2421 fluctuantis,
503 2390 605 2416 utrum
641 2386 743 2416 mariti
777 2385 934 2417 mandatis

274 2434 445 2474 parendum
474 2435 525 2470 sit,
556 2444 597 2464 an
628 2434 754 2465 affectui
782 2440 933 2465 materno.

274 2481 398 2512 Blande
414 2493 482 2513 eam
498 2483 678 2524 alloquitur,
696 2482 842 2518 ostendit,
858 2482 934 2523 quid

274 2529 450 2560 faciendum
489 2530 538 2566 sit,
568 2537 599 2561 et
638 2541 729 2572 opem
766 2530 931 2572 promittit.

278 2577 427 2608 Mandata
443 2579 527 2619 falle
553 2582 667 2616 mariti,
691 2579 765 2610 falle
787 2579 932 2610 maritum

276 2626 329 2701 ‹liui
354 2625 422 2655 haec
454 2627 625 2657 mandavit.
686 2627 767 2658 Vide
798 2628 836 2657 ad
866 2638 931 2658 ver.

297 2673 348 2704 20.

1037 1276 1111 1306 698.
1124 1275 1250 1310 Tollere,
1263 1273 1345 1313 etc.]
1363 1273 1537 1308 Terentius,
1550 1272 1652 1303 Andr.

995 1324 1016 1356 i.
1032 1325 1063 1354 3.
1088 1324 1244 1361 Quidquid
1264 1324 1431 1361 peperisset,
1454 1324 1650 1352 decreverunt

997 1374 1108 1403 tollere.
1158 1372 1272 1401 Tollere
1292 1370 1341 1400 hic
1360 1375 1407 1400 est
1429 1370 1573 1404 educare,
1590 1380 1652 1400 non

995 1431 1160 1462 exponere,
1184 1431 1245 1450 non
1270 1419 1452 1449 interficere.
1498 1420 1561 1449 Dea
1589 1430 1653 1449 sum

996 1471 1165 1499 auriliaris.
1209 1468 1261 1498 Ad
1289 1467 1320 1497 id
1350 1467 1472 1502 alludit,
1501 1467 1595 1508 quod,
1619 1472 1654 1497 ut

996 1518 1101 1549 scribit
1129 1517 1297 1552 Diodorus,
1329 1516 1470 1557 AEgyptii
1502 1522 1654 1552 asserunt,

996 1567 1111 1596 Isidem
1127 1566 1328 1607 plurimorum
1343 1565 1544 1594 inventricem
1561 1564 1655 1596 fuisse

997 1615 1036 1645 ad
1052 1615 1171 1644 morbos
1187 1613 1495 1648 medicamentorum,
1510 1618 1541 1642 et
1557 1612 1654 1643 medi-

997 1663 1075 1694 cinae
1092 1663 1149 1693 arti
1163 1662 1263 1692 multa
1276 1660 1461 1691 contulisse:
1486 1671 1580 1702 quam
1597 1661 1655 1691 im-

997 1710 1185 1741 mortalitate
1209 1719 1333 1751 quoque
1360 1709 1489 1750 potitam
1518 1709 1655 1749 gaudere

998 1759 1156 1790 hominum
1179 1759 1277 1793 cultu,
1293 1759 1388 1798 inque
1410 1768 1515 1788 eorum
1535 1758 1655 1789 valetu-

998 1808 1069 1839 dine
1089 1807 1248 1849 praecipue
1271 1806 1395 1841 versari,
1411 1806 1487 1847 quin
1508 1806 1602 1837 etiam
1622 1807 1654 1837 in

997 1857 1111 1887 somnis
1129 1857 1233 1898 palam
1255 1855 1300 1885 eis
1316 1854 1473 1896 opitulari,
1489 1866 1566 1896 quos
1582 1865 1654 1885 cen-

996 1905 1091 1936 suerit
1106 1905 1228 1945 dignos.

1041 1954 1114 1984 700.
1137 1952 1288 1992 Monuit]
1313 1953 1389 1982 Mox
1406 1962 1469 1982 ver.
1484 1953 1556 1982 779.
1575 1953 1652 1983 Con—

996 2004 1097 2033 silium
1113 2004 1314 2041 monitumque
1334 2007 1418 2030 tuum
1434 2006 1485 2030 est.
1532 2000 1656 2032 DIonere

997 2050 1079 2082 enim
1091 2050 1212 2091 proprie
1222 2049 1260 2079 de
1271 2048 1398 2079 somniis
1410 2054 1441 2078 et
1454 2048 1524 2078 Diis
1535 2050 1656 2081 somnia

999 2098 1215 2134 mittentibus3
1240 2097 1311 2127 vide
1335 2107 1404 2137 quae
1429 2096 1470 2127 ad
1492 2096 1557 2127 xiii.
1580 2099 1657 2129 216.

999 2158 1036 2177 ex
1054 2146 1183 2176 Heinsio
1198 2145 1350 2175 dicemus.

1044 2195 1117 2224 701.
1144 2192 1476 2233 Partaque—manua]
1508 2192 1581 2223 Non
1606 2194 1655 2225 hic

1000 2242 1205 2283 intelligenda
1215 2244 1331 2281 puritas
1343 2251 1490 2271 manuum
1503 2251 1550 2277 ea,
1563 2252 1656 2282 quam

1001 2292 1070 2322 Deo
1085 2291 1206 2333 placere
1221 2291 1300 2321 sacri
1315 2297 1346 2322 et
1360 2290 1479 2331 profani
1495 2291 1657 2332 scriptores

1001 2345 1138 2374 monent,
1155 2339 1209 2369 sed
1230 2350 1323 2378 puras
1344 2338 1431 2374 dicit,
1445 2344 1479 2368 ut
1501 2339 1656 2371 Burman-

1001 2398 1059 2418 nus
1075 2387 1162 2423 vidit,
1178 2387 1267 2423 lotas,
1284 2397 1380 2428 quum
1391 2387 1458 2427 jam
1474 2397 1555 2428 aqua
1569 2387 1656 2430 expi-

1001 2436 1084 2466 asset
1098 2435 1263 2466 somnium.
1296 2435 1478 2466 Abluebant
1493 2442 1597 2466 autem
1613 2438 1658 2468 sic

1000 2494 1061 2514 non
1077 2484 1175 2514 solum
1191 2483 1286 2518 mala,
1297 2483 1350 2514 sed
1367 2482 1459 2513 etiarn
1476 2484 1558 2514 bona
1573 2495 1654 2514 som-

1003 2532 1056 2563 nia
1071 2544 1078 2570 3
1103 2532 1174 2562 vide
1190 2532 1439 2562 Brouckhusium
1455 2532 1494 2562 ad
1514 2533 1656 2574 Propert.

1001 2580 1059 2611 IV.
1074 2580 1117 2610 iv.
1132 2581 1184 2610 22.
1219 2580 1280 2611 Sed
1295 2586 1325 2610 et
1341 2590 1446 2621 preces
1461 2581 1571 2611 facturi
1587 2591 1652 2611 ma-

1000 2639 1058 2659 nus
1086 2629 1255 2666 lavabant3
1293 2628 1383 2668 Virg.
1411 2629 1486 2659 AEn.
1511 2628 1575 2660 viii.
1601 2630 1657 2660 69.

1000 2677 1049 2707 Sic
1065 2688 1141 2715 pura
1161 2679 1243 2707 restis
1258 2676 1385 2718 passim.
