1779 3130
381 155 998 197 METAMORPHOSEON
1034 155 1151 195 LIB.
1183 155 1246 197 X.
1428 159 1510 199 177

124 269 336 316 Scitanti
359 270 497 317 Deus
523 270 637 316 huic
657 270 719 316 de
745 271 980 331 conjuge;
1015 276 1043 292 ‘⁶
1064 270 1189 332 Conj
1201 271 1502 332 uge,''dixit,

123 352 152 368 “
173 345 256 391 Nil
276 362 400 409 opus
420 353 520 400 est,
539 345 789 400 Atalanta,
808 345 923 401 tibi;
950 345 1065 407 fuge
1084 347 1308 409 conjugis
1334 363 1502 396 usum:

123 421 230 468 Nec
256 430 422 469 tamen
448 422 671 483 effugies,
699 429 850 484 teque
876 422 986 484 ipsa
1008 422 1116 469 viva
1140 424 1382 470 carebis.''
1407 427 1502 472 566

120 496 311 545 Territa
335 506 465 545 sorte
489 498 581 545 Dei
608 514 694 561 per
720 514 902 560 opacas
929 499 1115 545 innuba
1139 500 1287 545 silvas

119 572 266 629 Vivit,
295 581 345 620 et
370 575 636 620 instantem
662 574 856 620 turbam
882 574 1098 621 violenta
1121 591 1382 637 procorum

120 648 417 697 Conditione
464 650 630 711 fugat:
694 656 723 673 “
754 649 860 697 Nec
909 667 1018 697 sum
1067 651 1322 713 potiunda,
1363 652 1506 708 nisi,'’

316 726 494 788 inquit,

117 805 147 823 ‘⁴
175 800 322 848 Victa
345 803 478 865 prius
505 818 678 849 cursu:
718 802 930 865 pedibus
957 804 1242 850 contendite
1275 821 1498 852 mecum:

117 876 329 924 Praemia
350 878 507 925 veloci
533 878 716 939 conjux
742 878 1051 941 thalamique
1076 879 1355 937 dabuntur;
1405 884 1495 928 571

117 953 255 1000 Mors
281 954 494 1017 pretium
519 954 699 1001 tardis:
741 970 800 1000 ea
824 954 905 1001 lex
931 955 1215 1002 certaminis
1242 957 1401 1004 esto.'’

116 1029 210 1076 Illa
225 1031 428 1092 quidem
445 1030 644 1077 immitis
660 1048 669 1085 ;
701 1030 806 1085 sed,
823 1036 963 1077 tanta
978 1032 1203 1093 potentia
1217 1031 1384 1079 formae
1401 1034 1499 1080 est!

115 1105 266 1153 Venit
290 1107 351 1153 acl
377 1107 503 1154 hanc
525 1108 687 1168 legem
711 1106 973 1153 temeraria
993 1108 1138 1154 turba
1163 1125 1439 1171 procorum.

116 1182 326 1229 Sederat
350 1182 693 1246 Hippomenes
719 1197 893 1228 cursus
920 1191 1170 1246 spectator
1194 1184 1377 1247 iniqui:
1403 1188 1498 1232 575

111 1258 192 1314 Et,
218 1265 248 1283 “
266 1259 460 1307 Petitur
483 1260 717 1323 cuiquam
742 1275 830 1322 per
853 1266 992 1306 tanta
1012 1261 1232 1323 pericula
1250 1263 1435 1324 conjux
1451 1261 1492 1309 !'’

115 1336 325 1384 Dixerat
341 1356 351 1395 ;
393 1354 449 1384 ac
476 1337 652 1384 nimios
672 1338 910 1399 juvenum
936 1338 1195 1384 damnarat
1220 1354 1429 1385 amores.

154 1470 228 1499 564.
266 1469 406 1506 Scitanti,
433 1470 560 1500 oracula
587 1469 770 1499 consulenti.

113 1518 252 1548 Verbum
272 1519 426 1560 proprium
443 1519 475 1549 in
497 1519 554 1548 hac
571 1529 613 1554 re,
626 1524 770 1549 monente

112 1567 304 1597 Burmanno.
352 1569 401 1598 De
431 1568 488 1598 hoc
515 1569 640 1598 oraculo
668 1567 771 1598 caeteri

111 1615 188 1645 nihil
212 1617 346 1647 habent:
373 1617 582 1658 Apollodorus
605 1616 771 1657 παρθένον

111 1664 234 1702 ἑαυτὴν
263 1665 415 1706 ἐφύλαττε
444 1667 496 1696 καὶ
528 1665 707 1706 Θηρεύουσα
736 1665 770 1696 ἐν

110 1712 222 1754 ἐρημίᾳ
237 1712 374 1747 διετέλει,
386 1721 414 1744 et
430 1720 549 1755 postea,
560 1720 648 1755 patre
661 1714 769 1755 impel-

110 1761 203 1796 lente,
221 1762 322 1803 prodit
338 1763 369 1793 in
384 1763 531 1793 stadium.
567 1764 614 1792 De
628 1766 769 1803 conjuge:

114 1811 270 1851 Cory'uge;
303 1811 451 1842 sollennis
480 1817 511 1842 et
539 1819 628 1853 grata
657 1812 770 1842 Ovidio

110 1859 249 1899 ejusdem
265 1860 349 1890 vocis
366 1860 518 1901 repetitio.
568 1861 644 1891 Usus
664 1863 768 1900 conju-

109 1911 175 1948 gis;
200 1909 402 1946 concubitus;
426 1909 562 1940 Remed.
576 1910 683 1940 Amor.
696 1910 769 1940 357.

114 1957 232 1988 Veneris
248 1969 326 1988 usus·
375 1958 469 1998 Teque
485 1962 547 1998 ipsa
564 1962 629 1989 viva
645 1960 765 1989 carebis.

108 2006 263 2044 obscure,
285 2017 368 2037 more
393 2008 596 2044 oraculorum,
621 2008 764 2039 transfor-

111 2055 278 2086 mationem
309 2056 375 2097 ejus
403 2056 609 2087 vaticinatur:
649 2064 676 2087 le
706 2059 766 2097 ipsa

107 2105 230 2139 carebis,
248 2115 308 2135 non
324 2105 383 2135 eris
399 2115 448 2141 ea,
465 2116 533 2146 quae
556 2116 637 2136 nunc
653 2117 696 2142 es,
713 2117 763 2137 ca-

107 2152 189 2182 rebis
210 2153 305 2182 animi
326 2153 521 2195 corporisque
537 2154 638 2190 bonis,
653 2155 766 2195 quibus

107 2211 188 2231 nunc
205 2201 325 2232 frueris.

153 2250 225 2281 567.
259 2250 320 2280 Per
343 2252 431 2281 silvas
456 2251 578 2286 melius,
601 2262 708 2292 quam,
735 2251 766 2282 in

108 2299 210 2329 silvis:
235 2310 288 2337 per
299 2298 382 2329 enim
395 2300 554 2340 eleganter
569 2301 700 2340 ponitur.
714 2301 765 2331 ubi

109 2354 163 2378 aut
177 2348 215 2378 de
230 2348 406 2378 hominibus
421 2349 544 2390 sparsis,
558 2348 688 2384 diffusis,
704 2360 765 2380 ser-

111 2407 159 2426 mo
174 2403 221 2428 est
237 2397 297 2438 (iv.
312 2397 384 2427 405.
396 2399 520 2428 latitant
535 2409 588 2437 pei·
603 2404 679 2428 tecta
689 2409 765 2428 soro·

107 2445 180 2485 res‚)
197 2451 251 2476 aut
273 2445 312 2475 de
333 2446 520 2486 vagantibus
545 2447 605 2477 buc
632 2453 663 2477 et
678 2447 764 2483 illuc,

109 2501 143 2524 ut
158 2494 215 2525 hoc
236 2495 316 2525 loco.
368 2496 458 2526 I'ivit.
504 2495 668 2526 Mediceus
684 2497 763 2532 Ibat,

107 2543 191 2583 quod
207 2544 335 2574 latinius
350 2550 440 2585 putat
455 2545 665 2575 Burmannus.
698 2545 764 2575 Vin-

108 2593 212 2629 Ienta,·
244 2593 364 2634 ‘l‘anaq.
388 2594 487 2624 Faber
510 2593 682 2633 corrigebat
705 2595 765 2624 vio-

110 2641 197 2676 lente,
226 2641 301 2681 quia
336 2651 499 2682 perperam
534 2643 663 2672 violenta
693 2652 763 2672 cum

108 2690 275 2719 conditione
294 2690 465 2731 jungebat3
490 2690 543 2721 sed
568 2691 765 2721 Burmannus

153 2737 251 2768 VOL.
271 2737 330 2768 IV.

839 1468 979 1500 defendit
1001 1470 1165 1500 lectionem
1185 1469 1327 1500 codicum
1351 1476 1382 1500 et
1404 1470 1500 1500 mittit

839 1518 984 1548 lectorem
1002 1519 1041 1548 ad
1056 1518 1223 1553 Velleium,
1236 1518 1270 1548 ii.
1287 1519 1316 1549 3.
1331 1519 1384 1548 ubi
1397 1520 1500 1549 condi-

840 1569 917 1597 tione
933 1568 979 1597 vel
999 1568 1218 1597 conditionibus
1233 1566 1414 1608 simpliciter
1435 1566 1497 1598 dici

839 1615 929 1646 docte
958 1617 1079 1657 probat.
1128 1616 1275 1651 violenta,
1301 1626 1396 1651 saeva,
1428 1626 1498 1657 quae

838 1664 1085 1695 crudelissimam
1110 1665 1319 1696 conditionem
1342 1664 1498 1706 proponit.

840 1713 979 1743 Pretium
1001 1713 1117 1754 passim
1140 1719 1186 1744 est
1210 1713 1382 1754 praemium,
1401 1719 1434 1744 ut
1454 1712 1498 1744 ix.

838 1763 899 1799 473
929 1762 983 1792 sed
1009 1761 1039 1791 h.
1063 1762 1084 1791 Ι.
1108 1761 1189 1791 malo
1213 1772 1316 1797 sensu,
1336 1771 1443 1802 poena,
1464 1767 1499 1792 ut

834 1812 989 1850 praemium
1004 1810 1068 1841 viii.
1084 1811 1157 1846 503,
1174 1817 1205 1840 et
1219 1810 1344 1842 Phaedr.
1360 1811 1420 1840 IV.
1433 1809 1497 1840 fab.

838 1859 974 1890 xvii.30.
1020 1860 1129 1901 Legem
1145 1859 1230 1890 illam
1245 1858 1417 1889 secundum
1429 1859 1498 1900 Hy-

837 1908 955 1948 ginum,
972 1913 1058 1950 pater
1074 1908 1245 1938 constituit.
1279 1908 1362 1939 Vide
1378 1907 1417 1938 ad
1433 1918 1498 1938 ver.

837 1958 910 1988 599.

876 2006 951 2037 573.
980 2007 1076 2036 Tanta
1091 2005 1366 2045 potentiaformoe]
1392 2003 1495 2035 Etiam

834 2054 904 2085 Art.
929 2055 1035 2085 Amat.
1059 2054 1103 2084 iii.
1128 2056 1201 2084 258.
1226 2060 1256 2084 et
1286 2053 1494 2095 Propertium,

833 2103 897 2133 ΠΙ.
920 2104 1004 2133 xviii.
1021 2103 1168 2143 7.s0rma
1191 2109 1301 2141 potens.
1347 2103 1394 2132 Ad
1418 2102 1495 2132 lianc

833 2152 934 2192 Iegem,
956 2152 995 2182 ad
1015 2157 1184 2186 certarnen,
1200 2151 1232 2181 in
1248 2161 1309 2191 quo
1331 2156 1396 2180 tam
1414 2150 1494 2180 dura

833 2200 883 2230 lex
908 2201 1082 2242 proposita3
1113 2200 1184 2230 hinc
1211 2210 1281 2230 mox
1303 2210 1409 2229 cursus
1432 2201 1492 2229 ini-

834 2260 918 2289 quus.

877 2299 950 2329 575.
975 2298 1170 2337 Hippomenes
1187 2302 1314 2328 vocatur
1337 2296 1431 2326 etiam
1454 2297 1493 2327 ab

834 2347 992 2388 Euripide,
1012 2346 1189 2381 Theocrito,
1214 2352 1244 2376 et
1266 2345 1408 2385 Hygino:
1438 2344 1494 2375 sed

834 2408 852 2427 a
872 2397 977 2427 Schol.
994 2396 1151 2437 Apollonii
1174 2396 1377 2434 Hippomedon
1398 2404 1491 2425 voca-

832 2452 897 2483 tur;
921 2446 960 2476 ab
977 2445 1057 2480 aliis,
1073 2452 1107 2475 ut
1122 2445 1160 2474 ab
1176 2443 1376 2485 Apollodoro,
1392 2443 1491 2473 Mela-

831 2498 913 2525 nion.
959 2494 1020 2524 Sed
1042 2493 1196 2523 Melanion
1219 2491 1392 2522 secundum
1416 2491 1493 2523 alios

832 2543 1020 2575 Arcadicam
1037 2542 1222 2572 Atalantam
1246 2541 1391 2571 habuisse
1414 2540 1492 2570 dici-

832 2599 892 2623 tur.
939 2591 1144 2632 Hippomenis
1170 2595 1273 2620 autem
1300 2589 1490 2630 exemplum,

832 2641 924 2682 quale
938 2640 988 2670 hic
1004 2645 1153 2673 notatum,
1168 2638 1217 2669 vel
1233 2637 1368 2669 maxime
1385 2637 1489 2668 sormae

832 2688 998 2731 potentiam
1014 2688 1162 2721 declarat.

967 2737 992 2766 A
1011 2747 1026 2765 a
