1779 3130
381 171 1002 214 METAMORPHOSEON
1035 171 1155 213 LIB.
1185 172 1304 214 XII.
1447 175 1533 217 293

152 284 437 348 Monychus
456 287 725 334 exclamat:
756 292 786 310 “
804 286 1016 349 populus
1035 302 1327 349 superamur
1341 288 1403 334 ab
1419 305 1534 346 uno,

152 360 353 424 Vixque
372 362 502 409 viro:
541 377 828 424 quanquam
855 361 936 408 ille
961 362 1032 408 vir
1057 369 1156 419 est;
1186 380 1276 410 nos
1301 365 1536 426 segnibus

353 436 491 492 actis,
1283 441 1539 503 [prosunt'l

153 511 300 565 Quod
340 511 434 558 fuit
479 512 577 567 ille,
622 528 821 559 sumus:
882 513 1001 575 quid
1044 515 1266 561 membra
1305 516 1540 564 immania

151 587 285 641 Quid
309 588 516 649 geminae
539 589 701 636 vires?
740 588 876 651 quid,
905 591 1039 652 quod
1067 590 1335 639 fortissima
1359 608 1522 640 rerum

152 662 211 709 In
237 664 378 710 nobis
403 664 591 727 duplex
612 671 787 712 natura
811 664 1255 727 animaliajunxit?

151 739 259 786 Nec
284 756 375 786 nos
400 747 554 787 matre
581 739 705 795 Dea,
733 756 824 787 nec
850 756 939 787 nos
967 740 1141 788 Ixione
1167 749 1308 788 natos

152 814 277 862 Esse
303 832 435 872 reor3
477 816 561 878 qui
587 824 752 862 tantus
778 823 898 870 erat,
925 815 1135 863 Junonis
1156 825 1209 863 ut
1233 819 1346 864 altae
1438 821 1534 866 505

154 891 307 954 Spem
334 899 557 954 caperet:
587 908 676 938 nos
699 891 947 938 semimari
974 908 1264 954 superamur
1289 894 1350 940 ab
1376 894 1535 942 hoste.

154 968 304 1024 Saxa,
321 970 590 1031 trabesque
617 985 781 1031 super,
798 976 1032 1031 totosque
1057 970 1288 1017 involvite
1314 978 1533 1029 montes3

150 1044 488 1107 Vivacemque
514 1045 728 1091 animam
754 1044 918 1091 missis
939 1045 1106 1092 elidite
1131 1046 1282 1093 silvis.

152 1119 287 1167 Silva
311 1129 503 1183 premat
525 1121 694 1168 fauces
714 1137 723 1168 :
763 1127 813 1168 et
833 1121 925 1167 erit
949 1137 1036 1184 pro
1061 1122 1263 1168 vulnere
1287 1121 1534 1185 pondus.”

157 1195 326 1254 Dixit3
368 1205 417 1244 et
442 1196 600 1244 insani
626 1198 872 1259 dejectam
895 1197 1080 1242 viribus
1105 1197 1274 1243 Austri
1441 1200 1539 1244 510

155 1271 303 1320 Forte
328 1274 517 1320 trabem
543 1280 734 1329 nactus,
762 1272 979 1319 validum
1005 1273 1219 1335 conjecit
1243 1272 1293 1318 in
1317 1273 1535 1322 hostem:

153 1347 556 1413 Exemplumque
580 1349 698 1397 fuit:
739 1365 989 1412 parvoque
1015 1349 1064 1395 in
1089 1357 1312 1412 tempore
1338 1351 1500 1397 nudus

152 1423 357 1472 Arboris
385 1426 574 1490 Othrys
600 1433 721 1480 erat,
748 1442 838 1472 nec
865 1425 1083 1472 habebat
1108 1425 1281 1472 Pelion
1307 1427 1523 1473 umbras.

152 1500 374 1549 Obrutus
397 1503 598 1550 immani
623 1503 837 1556 cumulo,
865 1503 957 1548 sub
984 1502 1202 1565 pondere
1229 1502 1444 1549 Caeneus

152 1576 350 1624 AEstuat
375 1580 594 1635 arboreo,
622 1585 962 1640 congestaque
988 1579 1163 1625 robora
1187 1579 1322 1625 duris
1441 1581 1538 1625 515

194 1707 266 1738 499.
301 1708 481 1748 ΒΙοημοῙιιιε,
507 1708 711 1750 μονώνυχος,
737 1709 808 1740 soli-

150 1755 318 1797 dungulus,
339 1757 532 1795 Centaurus;
566 1758 604 1788 de
629 1769 689 1799 quo
712 1759 808 1789 Juve-

151 1806 241 1842 nalis,
278 1814 406 1847 quantas
438 1810 602 1848 jaculetur
643 1808 810 1847 Monychus

151 1866 246 1885 orno-5.

194 1904 267 1934 500.
291 1904 435 1945 Segnibns
445 1906 529 1939 actis,
543 1904 687 1944 segnitie.
734 1905 808 1934 For-

151 1954 262 1982 tissima
282 1954 434 1994 conjunge
450 1964 520 1983 cum
540 1955 697 1983 animalia.
744 1954 808 1983 Να-

152 2007 221 2031 tura
244 2002 353 2040 duplex
366 2004 475 2041 juniit
500 2003 657 2037 animalia,
673 2012 727 2043 pro
745 2003 811 2032 ani—

152 2050 246 2080 malia
265 2050 398 2091 duplicis
420 2057 538 2081 naturae
558 2051 670 2092 juncta
687 2056 758 2082 sunt
779 2051 812 2081 in

151 2099 250 2130 nobis.
298 2099 411 2129 Rerum
433 2099 477 2130 sic
501 2099 699 2140 superlativis
723 2099 811 2130 addi-

152 2152 211 2182 tur,
229 2153 261 2177 ut
276 2149 442 2178 dulcissime
458 2158 569 2183 rerum,
586 2154 646 2177 etc.

195 2197 267 2226 505.
293 2197 380 2230 Alae,
398 2206 528 2237 magnae,
543 2196 724 2226 auctoritate
739 2197 810 2227 Vir-

153 2244 231 2285 gilii,
249 2244 331 2286 apud
349 2255 440 2285 quem
458 2247 537 2275 allus
550 2246 667 2283 Apollo,
684 2246 759 2276 sEn.
777 2257 809 2275 x.

155 2294 238 2331 375;
271 2294 350 2323 altus
376 2293 510 2331 Jupiter,
536 2294 577 2323 xi.
605 2294 680 2324 726.
726 2294 811 2332 Spem

152 2343 281 2372 Jzinonis
293 2343 427 2372 breviter
439 2348 470 2372 et
482 2343 630 2378 modeste,
641 2353 723 2383 spem
738 2353 811 2373 con-

153 2390 319 2421 cumbendi
334 2401 404 2421 cum
417 2391 548 2421 Junone.
578 2391 670 2428 Quod
682 2402 810 2423 summae

154 2439 293 2470 audaciae
318 2445 349 2470 et
373 2439 573 2481 impudentiae
597 2446 674 2476 erat,
691 2440 722 2471 id
746 2441 809 2471 cal-

153 2488 215 2519 lide
234 2488 325 2519 vertit
345 2488 375 2519 in
394 2489 521 2520 laudem
538 2489 633 2530 patris
647 2490 704 2520 sui.
750 2491 810 2521 Sed

153 2538 310 2572 mentitur,
325 2548 420 2578 quum
441 2548 472 2568 se
488 2546 583 2569 matre
607 2540 670 2568 Dea
693 2539 811 2569 editum

155 2585 241 2617 dicit.
287 2587 401 2616 Elidize
416 2592 523 2628 aptum
544 2587 616 2618 huic
640 2587 744 2617 mortis
758 2599 811 2629 ge-

156 2634 221 2665 neri
236 2635 376 2665 verbum.

199 2684 274 2714 507.
313 2684 400 2720 Saia,
429 2686 579 2725 trabesque
608 2695 717 2725 δωρον,-
746 2685 812 2725 jain

877 1706 999 1749 copiose
1018 1713 1050 1738 et
1069 1718 1124 1739 suo
1146 1719 1228 1739 more
1251 1719 1397 1739 exornare
1418 1709 1539 1751 incipit,

877 1757 961 1797 quod
987 1757 1149 1798 scriptores
1173 1758 1212 1788 ad
1238 1768 1299 1788 ver.
1325 1759 1397 1789 146.
1419 1758 1539 1790 laudati

876 1805 1010 1836 breviter
1031 1807 1172 1842 tradunt,
1201 1807 1356 1847 congestis
1379 1808 1541 1839 arboribus

878 1854 1073 1885 interfectum
1104 1856 1230 1886 Caenea.
1278 1856 1412 1892 Carnem,
1438 1857 1540 1899 inquit

877 1903 1090 1944 Palaephatus,
1106 1910 1172 1934 erat
1188 1905 1232 1934 vir
1247 1905 1330 1935 bello
1351 1911 1492 1938 strenuus
1508 1912 1540 1937 et

878 1962 991 1992 pugnae
1008 1953 1128 1983 sciens:
1154 1953 1178 1983 is
1193 1964 1289 1993 quum
1312 1954 1342 1984 in
1365 1955 1470 1985 multis
1486 1966 1540 1986 va-

878 1999 991 2040 riisque
1016 2001 1108 2032 bellis
1132 2008 1271 2032 versatus
1295 2001 1413 2039 fuisset,
1437 2015 1538 2045 neque

878 2049 1059 2080 vulneratus
1076 2060 1225 2090 unquam,
1238 2061 1310 2080 cum
1325 2052 1466 2092 Lapithis
1482 2053 1538 2083 ali-

877 2098 1002 2138 quando
1014 2109 1167 2140 pugnans,
1179 2109 1197 2129 a
1209 2100 1376 2131 Centauris
1386 2101 1537 2142 intercep-

878 2153 938 2182 tus,
955 2147 1077 2177 illorum
1101 2148 1301 2178 multitudine
1325 2149 1452 2179 obrutus
1473 2155 1537 2180 est:

878 2196 967 2236 cujus
983 2206 1093 2238 corpus
1108 2197 1161 2226 ubi
1178 2197 1263 2227 nullo
1278 2197 1404 2228 vulnere
1418 2198 1538 2228 confos-

878 2255 945 2274 sum
969 2244 1173 2275 advertissent
1195 2245 1353 2281 Centauri,
1370 2246 1408 2275 ab
1431 2245 1467 2276 iis
1491 2246 1537 2276 in-

878 2293 1081 2324 vulnerabilis
1098 2300 1144 2324 est
1159 2294 1365 2324 existimatus.

921 2344 994 2373 512.
1029 2343 1204 2381 Eiemplum
1220 2343 1303 2381 >suit,
1318 2343 1459 2383 exemplo
1484 2354 1539 2374 suo

878 2390 997 2432 praeivit
1027 2391 1156 2421 caeteris.
1201 2392 1278 2421 Mox
1312 2391 1448 2431 loquitur
1481 2391 1538 2428 ita,

878 2444 1038 2479 tamquam
1054 2444 1084 2468 et
1102 2440 1212 2479 Othrya
1234 2445 1264 2469 et
1281 2439 1387 2469 Ρείίυη
1408 2440 1538 2480 proximi

880 2488 992 2518 fuerint
1006 2487 1133 2517 Pirithoi
1148 2488 1250 2527 regiae.
1293 2488 1402 2518 Nudus
1416 2490 1539 2525 arboris,

880 2537 982 2566 nudus
1006 2536 1177 2566 arboribus.
1226 2537 1326 2566 Parvo
1355 2539 1386 2566 in
1414 2543 1539 2576 tempore

881 2586 950 2616 vide
963 2585 1002 2615 ad
1018 2585 1060 2616 xi.
1075 2585 1129 2616 39.
1181 2586 1305 2616 Umbras
1323 2596 1386 2628 pro,
1403 2587 1538 2623 arbores,

881 2640 915 2666 ut
930 2646 962 2665 x.
981 2635 1032 2664 88.
1048 2640 1078 2665 et
1092 2635 1145 2665 90.

924 2685 996 2714 515.
1014 2684 1147 2720 Alsium,
1165 2683 1248 2719 furit,
1261 2684 1363 2726 jactat
1378 2684 1524 2714 membra.
