1779 3130
227 187 315 228 450
608 182 658 222 Ρ.
693 180 907 222 OVIDII
941 178 1222 221 NASONIS

232 300 327 354 Qui
355 299 547 345 soleant
570 296 763 343 levibus
787 295 938 342 velari
965 309 1174 358 corpora
1197 293 1395 356 plumis,

232 376 399 430 Quum
425 374 758 420 Tritoniacam
784 371 952 418 novies
980 371 1175 417 subiere
1200 369 1452 433 paludem.
1478 371 1629 430 [neno

232 452 383 499 Haud
405 451 639 514 equidem
666 449 816 496 credo
836 466 845 496 :
875 465 1059 512 sparsae
1082 464 1284 511 quoque
1309 447 1532 494 membra
1549 463 1630 493 ve-

233 529 482 576 Exercere
504 534 632 574 artes
652 525 922 589 Scythides
942 532 1277 572 memorantur
1293 524 1514 571 easdem.
1536 525 1633 568 360

300 605 353 651 Si
374 620 474 667 qua
493 604 618 650 fides
639 604 787 650 rebus
809 610 977 649 tamen
997 610 1073 649 est
1095 601 1326 649 addenda
1339 600 1578 664 probatis,

234 682 414 730 Nonne
440 681 594 736 videS,
622 695 938 743 quaecunque
965 695 1100 726 mora
1124 678 1335 725 fluidove
1362 678 1525 724 calore

236 759 460 822 Corpora
483 756 749 812 tabuerint,
779 757 829 803 in
854 773 1006 819 parva
1029 756 1261 803 animalia
1286 754 1442 801 verti?

234 836 257 882 I
286 851 506 898 quoque,
534 835 757 880 delectos
784 840 1026 880 mactatos
1052 834 1205 880 obrue
1230 840 1427 885 tauros;

238 912 459 974 Cognita
483 927 561 958 res
587 927 697 965 usu,
725 910 788 957 de
813 910 947 973 putri
973 910 1162 956 viscere
1187 909 1374 972 passim

1535 910 1630 953 365

237 989 495 1050 Florilegae
522 995 793 1034 nascuntur
819 1004 955 1050 apes,
984 1004 1095 1049 quae
1121 1003 1256 1033 more
1281 992 1543 1048 parentum

237 1066 376 1112 Rura
395 1066 582 1120 colunt,
602 1063 842 1127 operique
857 1063 1040 1119 favent,
1059 1063 1107 1109 in
1125 1079 1369 1126 spemque
1385 1062 1629 1108 laborant.

235 1142 448 1189 Pressus
474 1143 626 1188 humo
652 1140 864 1186 bellator
890 1156 1050 1202 equus
1077 1139 1328 1186 crabronis
1353 1139 1489 1200 origo
1514 1145 1607 1184 est.

238 1219 472 1266 Concava
496 1219 670 1264 litoreo
698 1219 737 1263 si
764 1217 936 1264 demas
964 1217 1165 1264 brachia
1189 1231 1384 1271 cancr0,

239 1295 436 1342 Caetera
462 1310 715 1358 supponas
741 1301 900 1348 terrae,
929 1294 991 1340 de
1017 1301 1157 1356 parte
1183 1293 1379 1356 sepulta

1536 1293 1633 1336 370

241 1372 479 1436 Scorpius
505 1371 679 1426 exibit,
707 1371 968 1434 caudaque
994 1370 1261 1417 minabitur
1285 1384 1441 1416 unca:

238 1448 466 1511 Quaeque
491 1449 653 1494 solent
678 1448 813 1495 canis
840 1447 1037 1494 frondes
1063 1448 1288 1494 intexere
1313 1446 1425 1501 filis,

238 1525 477 1587 Agrestes
503 1525 667 1580 tiueae,
696 1541 773 1571 res
798 1525 1058 1571 observata
1082 1524 1286 1581 colonis,

240 1603 277 1649 F
282 1603 400 1650 erali
427 1609 620 1649 mutant
645 1618 760 1648 cum
786 1602 1035 1666 papilione
1059 1601 1285 1664 figuram.

237 1745 383 1776 ludibus:
421 1750 441 1762 ‘¹
459 1745 567 1776 Triton
595 1745 750 1781 Thraciae,
780 1747 812 1776 in
842 1757 904 1787 quo

239 1795 293 1836 qui
322 1805 354 1825 se
392 1794 498 1825 novies
526 1794 721 1830 immerserit,
752 1794 784 1825 in
814 1805 903 1825 avem

238 1843 461 1874 convertitur.’'
507 1843 659 1884 Micyllus
678 1842 815 1874 fabulam
830 1842 903 1874 inde

239 1899 338 1922 ortam
364 1896 466 1933 putat,
491 1891 575 1932 quod
598 1891 683 1932 regio
711 1892 904 1933 hyperborea

237 1941 316 1983 ipsa,
330 1942 368 1972 ob
385 1941 545 1971 assiduum
562 1941 641 1971 nivis
657 1951 778 1977 casum,
791 1941 902 1982 pinna-

239 2001 307 2020 rum
324 1990 529 2020 similitudine
546 1990 631 2020 dicta
642 1990 682 2020 sit
695 1990 904 2031 πτεροφόρος.

241 2040 427 2070 Conferatur
449 2039 581 2075 Plinius,
598 2039 638 2070 iv.
658 2041 707 2070 12.
753 2041 841 2070 Artes
856 2051 903 2070 er-

240 2099 338 2118 ercere
354 2090 477 2124 easdem,
494 2094 528 2118 ut
546 2099 578 2118 se
592 2088 697 2119 velent
712 2089 832 2129 pennis.

283 2138 356 2167 361.
375 2137 464 2167 Fides
478 2137 650 2177 addenda]
672 2137 820 2168 Heinsius
835 2148 903 2179 pro-

238 2186 325 2217 bavit
347 2197 384 2217 ex
410 2186 556 2228 Neapoli,
571 2198 634 2217 uno
659 2188 771 2218 Mureti
792 2196 822 2219 et
843 2199 904 2219 uno

240 2235 343 2276 Regio
359 2236 546 2271 adhibendn;
563 2236 720 2275 sedfidem
733 2239 843 2268 addere
859 2244 905 2268 est

241 2294 306 2325 pro,
323 2283 415 2314 fidem
432 2283 560 2319 habere,
577 2285 715 2315 credere.
760 2286 902 2321 fluidus,

241 2332 295 2372 qui
325 2331 400 2362 facit
427 2332 568 2363 fluidum.
627 2333 698 2364 Fuit
732 2336 904 2366 communis

239 2387 381 2411 veterum
404 2391 495 2416 error,
517 2391 554 2412 611
579 2382 718 2423 putribus
743 2383 903 2414 cadaveri-

238 2430 298 2460 bus
316 2441 410 2468 parva
434 2431 590 2465 animalia,
606 2431 734 2464 insecta,
752 2433 903 2473 generari.

241 2477 325 2508 Hinc
349 2477 442 2508 etiam
461 2479 551 2508 fluxit
571 2479 625 2509 illa
643 2480 758 2521 01111111,
777 2491 866 2521 {osse
885 2492 901 2512 6

240 2529 378 2557 mactatis
401 2533 432 2558 et
456 2529 569 2558 obrutis
593 2531 688 2559 tauris
710 2540 786 2559 ’.ἶτ--ᾓ
807 2540 901 2571 apum

240 2575 386 2606 examina
410 2576 548 2611 excludi,
567 2576 605 2607 de
629 2588 691 2618 qua
715 2578 785 2608 vide
813 2579 900 2620 Virg.

242 2623 358 2665 Georg.
385 2624 427 2655 iv.
455 2626 638 2656 281—314.
672 2626 724 2657 ubi
762 2627 901 2663 docetur,

242 2673 397 2713 quomodo
425 2684 471 2704 res
498 2674 690 2706 instituenda
722 2676 781 2713 sit;
818 2677 901 2707 conf.

242 2721 335 2752 etiam
351 2723 436 2752 Fast.
450 2722 470 2752 i.
484 2725 559 2754 377.
598 2724 657 2754 Sed
675 2735 739 2755 ver.
756 2726 830 2755 364.
846 2725 897 2756 de—

972 1753 1119 1789 pravatus
1134 1751 1198 1782 est;
1213 1745 1262 1776 cui
1279 1745 1361 1776 enirn
1374 1743 1498 1785 placeat
1510 1743 1634 1773 delectos

972 1803 1115 1827 mactatos
1143 1796 1255 1826 obrue?
1289 1793 1424 1824 Lenzius
1452 1791 1572 1827 suadet,
1605 1792 1633 1826 Ι,

972 1857 1043 1885 cape
1064 1847 1200 1880 delectos,
1226 1850 1434 1883 mac-latosque,
1455 1848 1515 1872 etc.
1560 1841 1634 1871 Non

972 1895 1064 1926 male.
1091 1895 1450 1928 Parentum,taurorum.
1474 1890 1534 1921 Sed
1544 1890 1635 1920 aliter

973 1942 1052 1974 tauri
1064 1955 1138 1973 rura
1151 1944 1264 1979 colunt,
1275 1941 1366 1972 aliter
1380 1951 1455 1982 apes
1467 1939 1529 1970 ruri
1544 1939 1633 1969 flores

971 1992 1092 2033 legunt.

1016 2042 1091 2071 368.
1125 2041 1246 2070 Pressas
1274 2040 1360 2068 humo
1390 2039 1524 2073 bellator,
1550 2036 1628 2076 etc.]

972 2090 1134 2120 Nicander
1147 2090 1179 2119 in
1194 2089 1335 2119 Theriac.
1350 2098 1415 2118 ver.
1434 2088 1492 2117 133
1507 2099 1512 2116 ε
1531 2085 1633 2116 'im-ot

973 2139 1012 2177 δὴ
1034 2143 1165 2180 σφηκῶν
1185 2138 1320 2180 γένεσις,
1338 2139 1451 2178 ταῦροι
1470 2135 1501 2167 δὲ
1520 2136 1630 2177 μελισ-

971 2191 1048 2219 σῶν.
1094 2189 1196 2219 Etiam
1221 2187 1351 2222 Plinius,
1368 2186 1410 2217 xi.
1426 2187 1478 2216 20.
1493 2185 1598 2220 tradit,
1615 2195 1631 2214 e

967 2238 1171 2279 juvencorum
1199 2248 1325 2279 corpore
1351 2236 1530 2267 exanimato
1557 2245 1632 2275 apes

972 2287 1070 2322 nasci,
1102 2287 1182 2318 sicut
1212 2297 1361 2327 equorum
1390 2296 1501 2326 vespas
1535 2289 1630 2325 atque

970 2337 1145 2372 crabrones,
1155 2342 1186 2367 et
1197 2336 1352 2367 asinorum
1365 2336 1547 2365 scarabaeos.
1561 2336 1631 2365 Bel-

971 2387 1049 2415 larm·
1063 2397 1153 2425 equus
1168 2396 1184 2416 6
1201 2385 1342 2426 Virgilio,
1359 2385 1473 2425 Georg.
1488 2384 1520 2415 ii.
1541 2386 1609 2416 145.

1014 2435 1086 2465 369.
1125 2435 1264 2464 Litoreus
1289 2445 1407 2468 cancer,
1438 2440 1471 2464 ut
1499 2445 1530 2464 x.
1561 2433 1632 2466 127.

969 2485 1067 2513 cauda
1084 2494 1161 2512 unca
1179 2486 1333 2518 minutum
1350 2482 1421 2512 vide
1438 2482 1476 2512 ad
1493 2482 1526 2512 ii.
1545 2484 1615 2514 199.

1013 2532 1086 2561 374.
1111 2531 1225 2566 Ferali,
1241 2531 1320 2571 etc.]
1353 2531 1440 2561 Male
1456 2538 1563 2561 auctor
1578 2542 1625 2562 ar-

969 2586 1185 2621 gumentorum
1201 2579 1251 2609 hic
1268 2579 1306 2609 de
1322 2579 1528 2619 bombycibus
1546 2580 1628 2621 cogi-

969 2629 1060 2660 tavit.
1116 2629 1215 2658 Immo
1244 2627 1459 2668 intelliguntur
1487 2629 1628 2667 insecta,

969 2689 1038 2720 quae
1064 2678 1182 2709 Linneo
1203 2677 1356 2719 phalaenae
1379 2677 1560 2708 lucernariae
1581 2678 1628 2709 di-

968 2734 1089 2758 cuntur.
1137 2726 1216 2757 Plin.
1241 2726 1350 2756 xxviii.
1378 2728 1433 2756 10:
1468 2728 1627 2769 “Papilio
