1779 3130
392 161 1313 204 METAMORPHOSEONIHB.XV.

1459 166 1542 207 451

155 273 358 322 Semina
382 275 527 322 limus
554 276 707 323 habet
730 276 908 323 virides
934 278 1220 339 generantia
1245 293 1404 334 ranaS,
1443 281 1538 325 375

153 350 218 397 Et
241 358 443 412 generat
467 358 666 398 truncas
692 353 931 414 pedibus3
974 369 1090 399 mox
1117 361 1233 416 apta
1258 354 1472 401 natando

152 426 311 473 Crura
335 427 447 474 dat:
476 434 632 490 utque
659 429 833 475 eadem
860 430 958 475 sint
984 430 1144 492 longis
1171 431 1378 477 saltibus
1405 437 1536 493 apta,

150 502 402 549 Posterior
428 511 593 566 partes
619 512 822 567 superat
847 522 1078 552 mensura
1102 507 1307 569 priores.

152 577 258 625 Nec
285 579 479 625 catulus
505 587 664 642 partu,
694 595 844 641 quem
870 581 1087 628 reddidit
1112 598 1226 628 ursa
1250 583 1453 638 recenti,

150 654 251 701 Sed
278 655 404 702 male
430 656 538 702 viva
563 671 676 702 caro
702 663 806 704 est:
846 658 1113 705 lambendo
1139 666 1295 705 mater
1321 659 1368 704 in
1404 666 1538 705 artus

151 729 330 792 Fingit,
352 739 401 778 et
426 731 475 777 in
500 732 722 788 somnam,
751 740 990 795 quantam
1015 735 1150 796 capit
1176 735 1298 797 ipsa,
1327 734 1534 781 reducit.

151 806 329 853 Nonne
353 807 508 862 vides,
538 823 662 870 quos
688 824 802 855 cera
827 809 950 871 tegit
975 811 1263 872 sexangula,
1291 810 1437 857 foetus

149 882 505 929 Melliferarum
533 883 700 946 apium
727 885 831 931 sine
856 887 1092 932 membris
1118 902 1324 949 corpora
1348 887 1502 941 nasei,

148 957 212 1004 Et
238 975 476 1021 serosque
502 961 672 1023 pedes,
701 977 939 1024 serasque
966 978 1217 1009 assumere
1245 964 1470 1026 pennas?

144 1034 357 1082 Junonis
381 1037 648 1091 volucrem,
677 1053 788 1099 quae
813 1039 975 1084 cauda
999 1039 1162 1085 sidera
1186 1046 1367 1102 portat,

1440 1042 1536 1086 385

143 1110 559 1175 Armigerumque
583 1112 736 1169 Jovis‚
767 1114 1228 1177 Cythereiadasque
1261 1116 1534 1171 columbas,

147 1186 212 1233 Et
236 1204 393 1249 genus
419 1204 564 1235 omne
589 1189 751 1235 avium
778 1190 953 1236 mediis
979 1207 1006 1237 e
1031 1192 1255 1253 partibus
1282 1192 1375 1245 ovi,

147 1263 211 1309 Ni
238 1265 387 1311 sciret
410 1265 532 1320 fieri,
559 1265 663 1311 fieri
690 1265 803 1328 quis
829 1282 978 1328 posse
1003 1267 1235 1329 putaret?

1412 1269 1534 1328 [cro‚

147 1339 274 1386 Sunt
294 1340 395 1402 qui,
419 1355 573 1402 quum
599 1341 768 1388 clauso
795 1342 1074 1404 putrefacta
1099 1350 1175 1389 est
1200 1342 1343 1406 spina
1368 1344 1533 1406 sepul-

143 1530 269 1561 quoque
292 1520 487 1552 lucernarum
512 1520 682 1552 luminibus
710 1522 804 1553 advo-

143 1570 211 1600 lans
225 1570 305 1600 inter
320 1570 403 1600 mala
416 1570 648 1601 medicamenta
662 1581 804 1602 numera-

144 1618 228 1649 tur.’'
285 1619 367 1650 Hinc
395 1620 521 1660 feralis,
551 1620 702 1656 funestus,
732 1620 805 1650 mali

142 1667 264 1698 ominis.
318 1668 392 1699 Sine
429 1669 524 1699 dubio
564 1669 594 1699 h.
623 1669 644 1698 l.
671 1669 806 1710 respexit

142 1718 287 1748 Lactant.
303 1717 335 1748 in
352 1717 467 1749 Phoen.
484 1728 548 1748 ver.
564 1718 622 1748 107
637 1729 642 1747 :
666 1719 710 1748 Ac
726 1719 805 1748 velut

141 1774 282 1808 agrestes,
302 1778 391 1806 quum
405 1768 466 1807 filo
488 1769 528 1797 ad
550 1778 620 1797 saxa
643 1767 805 1807 (Thomas.

144 1815 232 1846 malit
262 1818 348 1851 tum)
375 1822 528 1851 tenentur,
557 1816 679 1846 Mutari
703 1827 805 1856 penuoe

143 1864 308 1904 (Thomas.
326 1864 427 1903 tineae)
441 1866 592 1904 papilione
607 1866 713 1895 solent.

187 1913 260 1943 375.
276 1912 394 1943 Semina
411 1914 498 1943 limus
515 1914 612 1949 habet,
625 1914 692 1953 etc]
721 1913 803 1944 Con—

142 1961 187 1992 fer
211 1961 233 1991 i.
251 1961 313 1991 416
328 1972 398 2002 sqq.
443 1961 551 1992 Ranas
570 1973 585 1992 e
611 1961 684 1991 limo
708 1963 805 1998 nasci,

143 2017 175 2041 et
187 2010 218 2041 in
234 2010 368 2041 eundem
385 2010 495 2041 resolvi
508 2011 600 2041 tradit
615 2011 709 2041 etiam
723 2011 806 2041 Plin.

144 2059 184 2089 xi.
201 2061 231 2090 8.
276 2059 399 2100 Nempe
423 2059 516 2090 ovula
539 2070 596 2090 sua
620 2059 681 2089 illae
709 2059 804 2101 depo-

144 2114 222 2138 nunt
258 2108 289 2138 in
326 2108 411 2138 limo.
468 2109 619 2139 Posterior·

144 2167 288 2188 mensura
302 2158 505 2198 posteriorum
521 2158 647 2199 pedum.

186 2206 260 2236 379.
287 2206 348 2236 Nec·
373 2208 491 2236 catulus
512 2212 614 2245 partit,
630 2206 709 2246 etc.]
737 2205 804 2236 Pli-

145 2255 225 2290 nius,
255 2254 319 2285 viii.
348 2255 401 2285 36.
433 2255 472 2285 de
502 2265 643 2285 ursorum
672 2255 802 2286 catulis:

144 2308 162 2320 ¹¹
181 2303 221 2333 Hi
245 2308 317 2334 sunt
340 2303 475 2334 eandida
495 2303 695 2344 informisque
719 2314 802 2339 caro,

145 2354 238 2395 paulo
255 2353 394 2384 muribus
409 2353 518 2394 major,
530 2353 597 2383 sine
613 2353 722 2389 oculis,
739 2353 805 2383 sine

144 2402 225 2443 pilo:
243 2412 364 2442 ungues
379 2406 499 2432 tanturn
514 2402 709 2443 prominent:
726 2401 806 2431 hanc

145 2450 310 2482 lambendo
332 2451 482 2490 paulatim
502 2450 668 2491 figurant.”
714 2450 805 2480 Falsa

143 2507 248 2530 tamen
272 2500 327 2529 illa
352 2499 485 2535 traditio,
509 2505 577 2530 orta
602 2500 685 2530 haud
710 2499 805 2529 dubie

145 2548 229 2583 inde,
245 2548 329 2589 quod
349 2548 527 2579 secundinis
547 2548 744 2579 crassissimis
758 2548 804 2578 in-

146 2598 241 2628 voluti
270 2608 408 2628 ursorum
435 2597 531 2628 catuli
557 2598 704 2632 eduntur,
729 2608 806 2637 quas

146 2657 206 2676 non
222 2646 278 2676 nisi
295 2646 348 2676 diu
361 2647 527 2677 lambendo
543 2647 690 2678 revellere
708 2652 806 2676 mater

145 2701 260 2735 potest.
288 2695 432 2725 Reddidit
448 2701 495 2726 est
509 2706 575 2737 pro,
588 2695 697 2725 edidit.
725 2694 808 2724 Male

656 2119 803 2143 mensura,

877 1524 953 1557 viva,
969 1520 1019 1552 vix
1040 1528 1094 1552 aut
1118 1532 1178 1552 non
1194 1521 1276 1552 viva.
1321 1521 1382 1552 Sic.
1398 1522 1440 1552 iv.
1457 1523 1534 1554 285.

875 1572 1058 1612 malefortes
1077 1573 1178 1602 undas.
1223 1572 1351 1601 Sueton.
1369 1571 1454 1612 Aug.
1470 1572 1535 1603 xxi.

875 1622 908 1650 2.
939 1622 1073 1651 nationes
1106 1622 1182 1650 male
1209 1621 1325 1660 quictae.
1382 1620 1421 1650 In
1451 1627 1536 1651 artus

865 1670 975 1711 fingit,
993 1669 1092 1710 fingit,
1110 1675 1143 1699 ut
1159 1669 1298 1699 membra
1318 1668 1466 1700 distincta
1481 1680 1535 1711 ap-

875 1724 1015 1759 pareant.

917 1769 992 1797 382.
1011 1767 1116 1796 Nonne
1134 1768 1220 1801 vides,
1235 1765 1312 1805 εἷα]
1338 1766 1376 1796 Ε.
1392 1764 1536 1806 Virgilio,

874 1816 988 1857 Georg.
1002 1815 1044 1846 iv.
1059 1816 1139 1845 310:
1168 1814 1288 1844 Trunca
1300 1816 1408 1853 pedum
1421 1816 1534 1853 primo:

874 1876 935 1894 moa.
952 1871 979 1894 et
994 1866 1154 1894 stridentia
1174 1865 1278 1902 pennis
1295 1863 1476 1898 Miscentur,
1494 1869 1536 1893 te-

876 1924 1018 1953 nuemque
1046 1915 1140 1954 magis
1170 1915 1263 1953 magis
1294 1922 1365 1942 aera
1393 1919 1535 1951 carpunt.

875 1963 967 1994 Conf.
984 1962 1113 1997 Plinius,
1128 1963 1171 1992 xi.
1194 1962 1241 1992 16.
1273 1962 1351 1995 Quos
1366 1972 1434 1991 cera
1451 1964 1535 2002 tegit,

874 2011 947 2053 quia
962 2011 1055 2042 ovula
1073 2011 1271 2052 deponuntur
1286 2010 1318 2039 in
1339 2008 1461 2040 cellulis
1482 2020 1534 2040 ce-

873 2060 943 2096 reis,
960 2070 1091 2101 quarum
1108 2060 1205 2089 forma
1220 2059 1382 2099 semngula
1398 2057 1534 2088 maxime

873 2108 1075 2139 admirabilis.
1115 2108 1252 2146 Mellifer
1267 2108 1413 2137 erercilus
1428 2106 1533 2148 apium

873 2157 957 2199 apud
973 2156 1178 2191 Claudianus,
1194 2167 1246 2186 xv.
1266 2156 1336 2185 127.

917 2207 989 2236 385.
1006 2205 1137 2235 Junonis
1153 2205 1310 2239 volucrem,
1325 2202 1406 2243 etc.]
1426 2203 1533 2238 Quum

873 2266 945 2286 avos
972 2254 1096 2284 omnino
1119 2252 1261 2283 dicenda>
1284 2257 1398 2286 essent,
1424 2250 1535 2281 maluit

873 2303 1081 2334 nobilissimas
1111 2312 1225 2343 ponere
1259 2311 1330 2331 cum
1365 2299 1534 2341 adjunctis,

874 2363 946 2383 aves
962 2352 1045 2387 Jovi,
1061 2350 1190 2385 Junoni,
1204 2349 1319 2380 Veneri
1333 2358 1447 2379 sacras.

917 2403 991 2431 3¹69.
1007 2400 1085 2429 Sum
1101 2401 1162 2439 qui,
1178 2410 1281 2438 quirem,
1295 2397 1373 2436 etc.]
1401 2396 1534 2432 Plinius,

873 2461 903 2480 x.
919 2450 978 2480 66:
996 2453 1015 2465 “
1031 2448 1177 2488 Anguem
1193 2458 1230 2477 ex
1248 2446 1386 2476 medulla
1400 2444 1536 2476 hominis

872 2498 968 2540 spinae
985 2496 1082 2537 gigni,
1095 2497 1273 2537 accepimus
1288 2505 1307 2525 a
1322 2493 1438 2525 multis.
1462 2493 1532 2524 Ple-

874 2557 968 2588 raque
993 2546 1075 2576 enim
1099 2545 1223 2576 occulta
1249 2550 1281 2574 et
1306 2553 1392 2574 caeca
1416 2542 1534 2583 origine

875 2595 1091 2636 proveniunt.’'
1138 2593 1287 2634 Antigon.
1315 2592 1432 2622 Mirab.
1461 2601 1532 2632 cap.

874 2645 926 2675 96.
942 2643 1040 2679 addit,
1056 2642 1206 2677 homines,
1221 2641 1334 2682 quibus
1353 2640 1383 2670 id
1407 2639 1534 2670 mortuis

877 2691 1013 2727 accidat,
1027 2696 1099 2722 ante
1114 2689 1230 2720 obitum
1246 2687 1368 2720 odorari
1385 2697 1512 2728 angues.
