1779 3130
193 179 279 219 :340

568 177 618 216 P.
655 174 866 214 OVIDII
901 174 1180 215 NASONIS

200 293 259 338 In
283 292 431 337 breve
457 289 745 342 sustineam,
774 289 936 351 proles
962 288 1243 350 gratissima
1266 288 1426 343 matri,

202 368 348 413 Nunc
375 367 524 421 solus,
553 366 805 427 quondam
831 365 1062 411 minimus
1088 365 1150 411 de
1176 365 1330 427 stirpe
1355 363 1494 419 virili,

203 443 308 489 Has
335 442 481 488 datus
507 441 714 487 Ismario
740 441 842 502 regi
868 441 1146 504 Polydorus
1172 441 1223 486 in
1248 456 1374 487 oras.

1493 442 1589 485 530

201 518 335 572 Quid
356 533 516 564 moror
541 518 727 563 interea
752 517 973 564 crudelia
996 518 1197 563 vulnera
1221 515 1438 579 lymphis

200 595 436 651 Abluere,
464 600 514 640 et
537 609 734 656 sparsos
760 594 936 640 immiti
963 593 1203 654 sanguine
1228 592 1426 639 vultus?

203 671 373 717 Dixit:
413 677 463 716 et
487 670 550 715 ad
576 669 693 715 litus
719 685 872 732 passu
896 668 1120 732 procedit
1144 667 1278 723 anili,

200 746 444 792 Albentes
470 745 654 792 laniata
673 761 866 792 comas:
899 750 929 768 “
950 744 1097 799 Date,
1116 743 1352 798 Troades,
1370 742 1590 795 urnam‚⁷'

203 822 415 869 Dixerat
438 821 624 876 infelix,
651 821 866 883 liquidas
892 821 1110 867 hauriret
1134 827 1189 866 ut
1212 820 1398 866 undas:

1494 821 1589 865 535

201 899 399 962 Aspicit
423 899 638 960 ejectum
665 897 904 960 Polydori
930 897 979 942 in
1005 897 1145 942 litore
1170 912 1367 959 corpus,

205 975 459 1036 Factaque
484 973 724 1020 Threiciis
751 972 973 1034 ingentia
997 973 1200 1018 vulnera
1223 972 1355 1018 telis,

204 1050 423 1097 Troades
450 1050 759 1097 exclamant:
800 1048 1050 1094 obmutuit
1074 1048 1158 1094 illa
1182 1048 1377 1103 dolore;

204 1126 270 1173 Et
294 1126 479 1190 pariter
502 1142 691 1180 vocem,
716 1124 1048 1187 lacrimasque
1072 1124 1311 1171 introrsus
1337 1125 1536 1170 obortas

247 1288 322 1316 532.
349 1286 475 1316 Immitis
504 1290 638 1327 sangnis,
662 1286 715 1328 qui
740 1286 864 1327 profluit

204 1345 259 1376 per
274 1335 391 1364 hostem
404 1334 566 1365 immitem.

249 1385 322 1414 533.
340 1385 425 1413 Anili
446 1394 507 1414 non
529 1390 604 1425 puto
620 1384 669 1414 hic
686 1383 864 1414 tarditatem

207 1437 261 1461 aut.
279 1438 439 1462 tremorem
456 1432 570 1473 pedum
583 1438 699 1467 notare,
710 1432 764 1462 sed
778 1439 866 1463 ornat

204 1486 338 1515 tantum,
352 1486 386 1510 ut
400 1480 515 1522 passim
528 1481 863 1521 virgineus,femineus,

205 1534 265 1559 etc.
293 1528 367 1569 quia
393 1539 470 1558 anus
499 1536 575 1563 erat,
600 1535 762 1570 propterea
787 1531 866 1559 anili

207 1587 298 1618 passu
322 1577 473 1618 procedit.
522 1577 582 1607 Hic
609 1578 722 1608 deserit
741 1578 864 1619 Euripi-

206 1625 288 1661 dem,
313 1626 395 1667 apud
424 1637 529 1667 quem,
556 1637 618 1656 ver.
641 1627 714 1657 678.
739 1627 865 1662 ancilla,

207 1684 319 1715 aquam
337 1675 486 1704 marinam
503 1675 648 1705 haustum
665 1674 768 1711 missa,
778 1675 867 1706 ass'ert

210 1722 357 1763 Polydori
373 1734 497 1764 corpus.

251 1772 324 1802 537.
340 1771 483 1813 Ingentia
502 1774 625 1802 vulnera
642 1772 865 1803 illustratBur-

207 1830 340 1851 mannus
355 1831 371 1851 e
386 1821 484 1856 Floro,
500 1821 532 1851 ii.
550 1823 566 1851 7
582 1834 588 1851 ε
613 1827 632 1838 “
651 1822 787 1852 Vulnera
805 1832 865 1852 non

205 1868 432 1910 spiculis—sed
472 1870 652 1910 ingentibus
688 1870 770 1912 pilis,
810 1880 865 1901 nec

206 1918 375 1949 minoribus
390 1919 503 1949 adacta
518 1919 632 1960 gladiis
645 1920 725 1949 ultra
738 1926 866 1950 mortem

206 1967 389 2008 patebant.'’
435 1967 536 1997 Addit
554 1967 732 2008 explicandi
748 1970 804 1998 τοῦ
822 1969 866 1997 zil-

208 2022 255 2045 ἱνα
277 2023 394 2046 mortem
418 2026 522 2051 causa,
540 2022 601 2044 ‘iam
620 2016 758 2056 ingentia
774 2016 866 2047 fuisse

208 2064 348 2100 vulnera,
364 2070 398 2095 ut
420 2064 513 2094 etiam
535 2074 614 2094 mors
636 2065 786 2105 potuisset
809 2065 866 2095 mi-

208 2113 273 2143 nori
298 2113 423 2143 vulnere
450 2112 565 2147 inferri,
590 2124 626 2143 ex
658 2124 720 2143 uno
744 2113 866 2143 illorum

208 2161 344 2202 potuisse
369 2161 458 2202 quasi
484 2161 588 2202 plures
614 2161 753 2191 homines
778 2161 866 2191 morti

208 2209 286 2240 dari.

251 2260 325 2290 539.
343 2259 392 2295 Et,
406 2259 532 2301 quippe,
544 2258 697 2299 siquidem
711 2271 719 2296 ;
737 2259 867 2289 ulterius

209 2308 292 2338 enim
317 2309 457 2339 declarat
481 2309 516 2339 τὸ
541 2310 698 2338 οῖιηιιιίιιὶῐ.
734 2308 866 2338 Dei-orat

209 2356 474 2387 accommodatius
495 2357 607 2386 doloris
630 2357 738 2391 rabiei,
762 2367 866 2397 quam,

208 2406 319 2436 retinet
345 2411 397 2436 aut
422 2405 521 2435 simile
546 2405 632 2446 quid,
657 2406 795 2435 lacrimas
819 2407 864 2435 in-

210 2461 322 2484 trorsus
343 2456 467 2490 obortas,
483 2464 644 2494 expressas
660 2454 796 2494 quidem,
813 2454 867 2484 sed

209 2515 269 2533 non
293 2504 491 2544 profluentes.
528 2504 569 2533 Et
592 2503 648 2533 hoc
669 2503 707 2532 ad
725 2503 768 2533 rei
784 2503 864 2533 veri-

210 2558 305 2582 tatem
314 2553 510 2582 observatum
523 2564 530 2589 3
544 2552 589 2581 ira
602 2551 683 2581 enim
700 2552 867 2582 furentium

209 2601 290 2630 oculi
315 2600 441 2630 hument
465 2601 602 2641 quidem,
620 2600 673 2630 sed
698 2600 799 2630 nullas
821 2601 866 2630 la-

209 2648 321 2678 crimas
331 2649 495 2678 emittunt:
512 2650 616 2678 oswi-[ff
633 2650 761 2678 luerim&
773 2649 866 2678 etiam

209 2697 228 2726 i.
241 2698 312 2726 :3ss),
338 2698 396 2726 Pro
410 2704 446 2726 ese
465 2697 561 2727 multo
573 2697 745 2737 elegantius
761 2706 865 2736 impet,

931 1285 1013 1327 quod
1034 1292 1065 1316 et
1081 1292 1199 1316 naturae
1224 1285 1292 1315 saxi
1309 1290 1340 1315 et
1359 1282 1592 1325 obstupescenti

930 1333 1084 1365 convenit.
1121 1335 1181 1364 Per
1209 1335 1360 1364 adeersum
1388 1340 1499 1362 terram
1527 1331 1592 1362 Re-

930 1383 1000 1424 gius
1029 1383 1112 1413 male
1142 1382 1297 1413 Troadem
1335 1381 1546 1422 intelligebat,
1575 1392 1592 1411 e

931 1431 1055 1472 regione
1069 1431 1211 1461 Thraciae
1235 1431 1336 1460 sitam.
1382 1429 1514 1460 Rectius
1528 1429 1592 1459 Mi-

932 1481 1042 1521 cyllus,
1068 1490 1164 1520 quam
1189 1490 1226 1510 ex
1249 1479 1378 1510 adverso
1402 1479 1592 1514 intuebatur,

931 1529 1084 1570 opposita,
1114 1535 1148 1559 ut
1176 1529 1239 1559 xiv.
1265 1530 1295 1559 5.
1324 1530 1447 1558 adt-ersa
1484 1530 1591 1558 mcrnia

934 1578 1043 1619 Rhegi.
1080 1579 1125 1608 Eo
1147 1588 1238 1608 sensu
1255 1587 1336 1619 saepe
1351 1579 1473 1607 adversa
1494 1587 1591 1611 arma,

934 1629 1049 1657 ‹ulrersi
1068 1628 1207 1662 homines,
1225 1632 1285 1657 etc.
1302 1626 1371 1656 vide
1391 1626 1430 1656 ad
1450 1625 1504 1656 xii.
1523 1626 1593 1656 116.

934 1677 1044 1711 Immo,
1061 1676 1157 1706 aether
1171 1683 1202 1706 et
1216 1676 1312 1705 Troas
1328 1675 1430 1705 minus
1442 1675 1522 1705 bene
1535 1674 1593 1704 sibi

934 1731 1144 1766 opponuntur,
1176 1735 1268 1765 quam
1307 1724 1404 1754 aether
1437 1729 1467 1753 et
1503 1728 1595 1753 terra.

935 1775 1001 1804 Res
1016 1774 1110 1805 etiam
1134 1773 1219 1804 clara
1234 1780 1280 1804 est
1295 1784 1332 1803 ex
1351 1773 1476 1803 Heroid.
1490 1771 1523 1802 ii.
1540 1773 1594 1802 26.

933 1833 1025 1863 quem
1061 1823 1163 1853 locum
1202 1821 1343 1852 laudavit
1370 1822 1590 1851 Burmannus:

936 1872 1040 1907 Hzrsit,
1058 1874 1088 1900 in
1110 1878 1239 1912 opposita
1261 1871 1475 1909 limninafiizts
1497 1870 1595 1900 humo.

935 1921 984 1951 De
1009 1922 1102 1951 verbo
1132 1921 1296 1954 sustollere,
1323 1930 1445 1950 sursum
1473 1919 1594 1955 tollere,

936 1970 1005 1999 vide
1022 1969 1179 2003 Vossium,
1196 1969 1253 1998 lii).
1266 1968 1358 1998 iii.de
1370 1968 1505 2008 Analog.
1521 1977 1594 2009 cap.

934 2020 988 2048 37.
1026 2018 1121 2047 Positi
1145 2024 1176 2047 et
1199 2017 1389 2047 dormientes
1404 2016 1550 2046 dicuntur
1563 2022 1595 2047 et

934 2066 1055 2101 mortui,
1071 2072 1102 2096 et
1122 2066 1247 2096 omnino
1266 2066 1420 2106 jacentes.
1464 2065 1596 2095 Vulnera

932 2117 1091 2154 prcrcipue,
1121 2115 1236 2155 quippe
1267 2124 1337 2154 quae
1376 2114 1460 2144 clara
1492 2120 1596 2143 essent

934 2163 1050 2194 indicm.
1087 2163 1225 2204 perfidiae
1264 2162 1495 2202 Polymestoris.
1539 2162 1593 2192 In-

933 2216 1024 2242 struit
1053 2212 1135 2242 idem
1159 2211 1242 2252 quod
1272 2218 1383 2246 armat,
1406 2218 1436 2241 et
1464 2222 1481 2241 e
1505 2211 1595 2252 copia

933 2261 1056 2302 poetica
1083 2260 1237 2295 additum,
1267 2260 1386 2290 excitat
1418 2260 1505 2295 iram,
1531 2270 1594 2300 qua

934 2310 1102 2340 ulciscatur
1136 2309 1287 2350 perfidam
1316 2310 1396 2349 regis
1427 2309 1593 2339 crudelita—

935 2366 1009 2388 tem.
1055 2358 1104 2388 Sic
1121 2360 1235 2388 armari
1257 2360 1384 2392 artibus,
1410 2359 1523 2388 instrui
1541 2359 1592 2387 do-

937 2408 982 2442 lis,
1006 2413 1067 2436 etc.
1114 2407 1313 2436 Burmannus
1341 2413 1445 2436 tamen
1469 2406 1594 2447 praefert

936 2455 1082 2485 Vaticani
1109 2461 1140 2485 et
1167 2455 1272 2495 Neap.
1295 2455 1388 2484 MSS.
1416 2454 1594 2490 lectionem,

937 2510 963 2533 et
981 2506 1103 2533 instruit
1122 2507 1217 2533 iram.-
1241 2503 1350 2533 iratam
1367 2503 1448 2533 enim
1467 2503 1594 2544 jamdu-

935 2551 1009 2581 dum
1026 2552 1118 2582 fuisse
1135 2552 1312 2586 Hecubam,
1325 2562 1407 2581 nunc
1423 2558 1527 2581 autem
1548 2552 1594 2581 in-

934 2601 1080 2630 struxisse
1092 2599 1178 2635 iram,
1190 2599 1223 2629 h.
1235 2610 1261 2630 e.
1278 2601 1407 2640 parasse
1422 2610 1469 2635 ea,
1482 2600 1595 2640 quibus

935 2649 965 2679 iu
987 2649 1127 2679 ardorem
1148 2648 1416 2689 exequendi,quae
1428 2649 1502 2678 irata
1521 2659 1593 2678 con-

934 2698 1077 2739 cepisset,
1101 2696 1165 2727 dari
1191 2706 1316 2738 posse1.;
1341 2697 1395 2727 sed
1412 2708 1455 2726 vu·
1482 2697 1594 2727 doctus
