1779 3130
349 163 966 206 METAMORPHOSEON
1001 163 1120 205 LIB.
1157 164 1294 211 XIV.
1428 166 1509 207 381

136 279 261 326 Esse
289 279 410 325 satis
436 286 624 341 potero,
652 286 882 340 praestem
908 279 1027 326 licet
1051 280 1230 336 omnia,
1259 286 1446 340 gratus.

132 354 280 408 Quod
307 355 498 416 loquor,
526 361 575 400 et
600 354 747 415 spiro,
775 355 1073 416 coelumque,
1095 362 1146 400 et
1169 355 1354 402 lumina
1379 356 1494 402 solis

132 429 334 492 Aspicio
354 430 628 492 (possimne
653 428 888 490 ingratus,
907 437 957 476 et
982 430 1238 476 immemor
1262 446 1372 478 esse
1388 431 1430 490 ἲ)

132 505 224 551 Ille
249 506 414 552 dedit:
456 504 591 567 quod
617 520 716 550 non
743 506 905 551 anima
929 505 1035 551 haee
1064 505 1303 568 Cyclopis
1329 507 1378 551 in
1403 522 1488 552 ora

133 581 305 635 Venit;
335 589 386 627 et
405 588 458 627 ut
476 581 644 627 lumen
663 582 769 642 jam
789 597 918 627 nunc
935 581 1081 628 vitale
1102 582 1396 644 relinquam,
1429 585 1519 629 175

133 657 236 704 Aut
259 658 463 713 tumulo,
492 664 576 704 aut
599 664 733 704 certe
759 673 857 704 non
876 658 960 704 illa
981 657 1165 704 condar
1190 658 1238 703 in
1264 659 1388 706 alvo,

136 733 269 787 Quid
289 734 407 779 mihi
433 740 551 779 tunc
572 734 720 780 animi
741 734 858 795 (nisi
880 734 919 779 si
940 734 1084 780 timor
1104 734 1309 780 abstulit
1326 750 1523 781 omnem

139 809 351 856 Sensum
384 809 746 871 animumque‚)
780 809 888 864 fuit,
917 826 1071 872 quum
1095 826 1181 856 vos
1219 816 1388 873 petere
1426 811 1527 857 alta

337 886 537 933 relictus

137 962 356 1024 AEquora
380 962 648 1025 prospexi?
674 962 803 1008 volui
830 962 1120 1018 inelamare3
1162 963 1250 1009 sed
1270 963 1400 1009 hosti
1432 966 1521 1009 179

138 1038 355 1086 Prodere
381 1054 459 1085 me
485 1038 656 1086 timui:
695 1045 871 1085 vestrae
898 1055 1100 1101 quoque
1126 1040 1310 1085 clamor
1337 1038 1501 1085 Ulixis

139 1114 291 1162 Paene
318 1115 407 1162 rati
434 1114 628 1161 nocuit:
669 1114 782 1170 vidi,
811 1130 966 1177 quum
992 1122 1158 1162 monte
1185 1115 1378 1161 revulso

138 1191 415 1238 Immanem
441 1191 701 1254 scopulum
725 1191 915 1238 medias
941 1191 1167 1254 permisit
1191 1191 1241 1237 in
1265 1192 1440 1238 undas.

138 1267 254 1314 Vidi
281 1268 474 1322 iterum,
501 1267 652 1313 veluti
678 1268 910 1314 tormenti
935 1267 1120 1314 viribus
1146 1273 1273 1322 acta,

139 1343 295 1391 Vasta
319 1344 550 1406 giganteo
572 1343 879 1406 jaculantem
907 1359 1032 1390 saxa
1055 1344 1259 1390 lacerto.

141 1419 223 1475 Et,
250 1437 312 1468 ne
337 1420 640 1484 deprimeret
663 1421 904 1468 fiuctusve
931 1421 1121 1484 lapisve
1147 1420 1381 1475 carinam,
1437 1423 1526 1466 185

143 1496 402 1551 Pertimui,
424 1498 528 1558 jam
553 1512 632 1543 me
657 1512 753 1543 non
780 1512 890 1543 esse
917 1497 1101 1544 oblitus
1126 1496 1175 1542 in
1201 1496 1301 1542 illa.

189 1673 259 1703 172.
284 1673 416 1703 Lumina
437 1673 504 1702 solis
526 1682 584 1713 ego
604 1671 635 1702 in
657 1677 804 1703 contextu

143 1721 292 1752 audacter
316 1720 436 1751 restitui
461 1720 559 1751 ductu
581 1719 697 1750 codicis
712 1720 805 1761 Regii

143 1770 184 1801 A.
200 1781 255 1811 pro
269 1771 367 1800 sidera
382 1770 460 1804 solis,
478 1768 561 1810 quod
585 1769 683 1810 reperi
702 1769 733 1799 in
754 1779 804 1799 co-

144 1819 213 1849 dice
226 1820 265 1850 B.
276 1818 422 1860 quodque
439 1818 520 1848 male
534 1824 714 1859 receperant
728 1818 804 1848 Bur-

144 1877 277 1898 mannus
299 1872 330 1897 et
350 1866 507 1907 Gierigius
528 1876 565 1896 ex
589 1866 806 1896 emendatione

144 1915 284 1946 Heinsii:
324 1917 405 1945 sidus
433 1914 561 1956 quidem
590 1926 643 1956 pro
672 1914 735 1945 sole
765 1914 807 1946 ix.

143 1966 218 1995 286.
244 1964 368 2000 dicitur,
395 1964 449 1995 sed
476 1974 629 2005 nusquam
658 1963 806 1994 Heinsius

144 2013 222 2054 legit
235 2014 335 2043 sidera
353 2014 431 2048 solis,
448 2011 505 2043 nisi
526 2011 557 2042 in
580 2012 737 2042 nonnullis
755 2023 805 2042 co—

145 2061 277 2097 dicibus,
293 2061 326 2092 in
342 2072 417 2102 quos
432 2061 565 2102 irrepere
586 2071 624 2092 ea
639 2061 732 2091 lectio
753 2072 807 2102 po—

146 2110 216 2146 tuit,
229 2121 267 2140 ex
284 2111 383 2141 altera
399 2121 459 2141 non
473 2110 675 2151 improbanda
691 2110 808 2141 codicis

147 2158 335 2189 Bononiens.
365 2160 519 2198 solemque,
549 2164 577 2187 et
604 2160 702 2188 sidera
731 2159 806 2189 coeli.

148 2207 259 2236 Anima
280 2217 334 2247 pro
353 2216 479 2247 corpore
499 2212 552 2236 aut
573 2206 694 2236 homine
714 2206 809 2237 inter-

148 2255 222 2285 dum
240 2254 373 2296 ponitur.

196 2304 268 2334 175.
295 2304 336 2333 Et
362 2310 397 2333 uc
426 2305 536 2339 lumen,
563 2308 627 2333 etc.
659 2309 689 2333 et
715 2303 809 2344 quod,

150 2351 271 2382 etiamsi
288 2362 369 2382 nunc
388 2351 483 2382 vitam
504 2351 691 2393 relinquam,
708 2357 811 2382 tamen

151 2400 270 2431 tumulo
285 2400 389 2441 aliquo
404 2400 529 2436 condar,
546 2406 600 2430 aut
612 2406 706 2436 certe,
722 2406 782 2431 etc.

196 2450 267 2480 177.
293 2450 374 2483 Quid
395 2451 487 2479 animi
508 2450 590 2479 bona
614 2454 646 2480 et
667 2448 813 2480 sollennis

151 2499 265 2529 Nostro
286 2498 412 2534 locutio,
428 2497 466 2529 de
487 2508 549 2539 qua
564 2497 633 2528 vide
650 2498 812 2528 Heinsium

152 2547 192 2578 ad
213 2547 236 2578 i.
253 2549 326 2578 358.
372 2547 461 2577 Idem
483 2553 567 2577 amat
590 2549 648 2577 nisi
670 2549 704 2583 si,
721 2557 813 2588 quem

153 2595 222 2626 vide
239 2596 278 2626 ad
295 2595 422 2626 Heroid.
439 2596 481 2626 iv.
500 2596 570 2625 111.

202 2645 271 2675 180.
303 2644 432 2680 Clamor,
458 2655 532 2685 qu0,
557 2654 726 2674 conscensa
750 2643 815 2683 jam

156 2703 246 2728 nave,
264 2692 411 2724 irridebat
429 2692 676 2733 Polypliernum3
702 2692 815 2721 Home-

872 1682 934 1708 rus,
951 1671 1013 1702 Od.
1029 1671 1049 1701 i.
1065 1672 1140 1702 475.
1180 1671 1280 1704 Quum
1296 1677 1392 1700 monte
1406 1672 1533 1701 revulso.

873 1721 942 1751 Hoc
969 1720 1036 1750 loco
1057 1725 1152 1761 poeta
1173 1718 1286 1749 alludit
1309 1718 1348 1749 ad
1374 1718 1417 1754 id,
1434 1719 1531 1759 quod,

874 1769 958 1810 apud
974 1770 1143 1799 Homerum
1168 1767 1313 1807 fingitur3
1336 1767 1389 1798 ubi
1407 1767 1536 1808 Ulysses

874 1817 946 1847 navi
984 1816 1160 1857 aufugiens,
1203 1815 1431 1857 Polyphemum
1468 1816 1534 1846 cla-

875 1866 988 1896 mando
1011 1871 1042 1896 et
1062 1864 1230 1895 indicando
1251 1864 1377 1905 quinam
1400 1863 1466 1905 ipse
1487 1874 1535 1894 es-

875 1920 933 1950 set,
944 1924 1014 1944 nam
1028 1923 1060 1943 se
1074 1911 1241 1942 Neminem
1254 1918 1346 1942 antea
1358 1913 1538 1942 nominave-

874 1968 932 1997 rat,
948 1961 979 1992 in
995 1972 1027 1992 se
1042 1961 1160 1999 irritat3
1185 1970 1280 2001 quare
1292 1960 1381 2001 jactu
1403 1960 1538 2000 ingentis

874 2010 942 2042 saxi
963 2021 1051 2052 paene
1066 2016 1097 2040 et
1114 2009 1179 2050 ipse
1201 2015 1232 2040 et
1247 2014 1313 2039 tota
1327 2008 1415 2039 navis
1430 2010 1469 2039 ab
1486 2019 1534 2040 eo-

875 2060 946 2091 dem
962 2058 1154 2101 Polyphemo
1169 2058 1294 2089 obtrita.
1341 2059 1457 2089 Versus
1473 2058 1537 2088 Ho-

875 2109 951 2140 meri
974 2114 1056 2144 sunt,
1076 2107 1139 2138 Od.
1158 2112 1185 2138 Ι.
1203 2108 1283 2137 481:
1307 2106 1410 2138 τΗκεν
1431 2106 1536 2148 α’ποῤ-

877 2156 980 2198 ῥήξας
1003 2157 1146 2198 κορυφὴν
1162 2156 1250 2197 ὄρεος
1263 2155 1424 2197 μεγάλοιο,
1442 2155 1539 2186 Κάδό’

877 2205 973 2245 ἔβαλε
986 2203 1185 2246 προπάροιθε
1199 2202 1277 2240 νεὼς
1286 2205 1540 2245 κυανοπρώροιο,

878 2254 1006 2285 Τυτθὸν
1020 2252 1169 2291 ἐδεύησεν
1193 2251 1217 2282 δ’
1234 2251 1338 2289 οἰὴῐον
1360 2252 1461 2292 ἄκρον
1480 2252 1538 2283 ἱκέ-

877 2304 965 2334 σθαι.
998 2301 1161 2339 Ἐκλύσθη
1174 2300 1205 2332 δὲ
1220 2300 1369 2332 Θάλασσα
1384 2313 1537 2342 κατερχο-

878 2351 977 2393 μένης
993 2350 1059 2382 ὑπὸ
1076 2349 1210 2390 πέτρης.
1258 2350 1326 2379 Vidi
1344 2352 1464 2385 iterum,
1480 2357 1540 2381 etc.

879 2401 1007 2430 Homer.
1024 2410 1086 2429 ver.
1103 2400 1183 2429 537:
1208 2397 1356 2434 Ἐξαυτις
1377 2398 1462 2429 πολὺ
1476 2399 1541 2439 μεί-

881 2449 961 2483 ζονα
971 2448 1058 2478 λᾶαν
1067 2446 1188 2488 (ἰείρας,
1201 2446 1256 2477 Ηκ’
1269 2445 1470 2484 ἐπιδινήσας,
1481 2453 1542 2478 etc.

881 2498 974 2527 veluti
987 2498 1135 2531 tormenti,
1147 2501 1207 2525 etc.
1217 2494 1352 2535 ἐπέρεισε
1365 2493 1394 2525 δὲ
1411 2495 1450 2526 ἶν’
1461 2495 1541 2525 ‹irri-

881 2546 1006 2587 λεθρον.
1055 2545 1144 2584 Lapis
1180 2553 1290 2585 parum
1327 2543 1436 2580 abfuit,
1465 2544 1540 2584 quin

881 2594 1004 2624 clavum
1021 2598 1193 2623 extremum
1216 2591 1393 2631 attingeret,
1411 2594 1539 2633 etflnc-

883 2650 928 2672 tus
942 2641 1082 2679 ἐκλύσθη
1100 2641 1164 2672 ὑπὸ
1179 2640 1308 2681 πέτρης.
