1779 3130
367 155 985 199 METAMORPHOSEON
1020 153 1138 194 LIB.
1172 153 1264 194 IX.
1448 153 1504 192 75

120 273 234 319 Una
258 274 607 327 ministrarum,
634 271 754 318 fusis
781 271 1028 332 utrimque
1055 268 1264 331 capillis,

1437 269 1499 313 90

119 350 346 405 Incessit,
374 357 633 410 totumque
659 347 773 393 tulit
797 345 1050 409 praedivite
1077 360 1229 391 cornu

116 426 441 480 Autumnum,
470 432 519 471 et
544 439 757 478 mensas,
785 423 948 469 felicia
971 438 1133 484 poma,
1162 420 1424 467 secundas.

119 502 227 549 Lux
252 503 399 557 subit,
427 508 493 556 et,
521 502 677 564 primo
703 499 908 547 feriente
933 497 1192 545 cacumina
1217 498 1335 551 sole,

120 579 635 640 Disceduntjuvenes3
654 592 817 639 neque
833 576 963 622 enim
980 575 1098 621 dum
1109 574 1313 620 flumina
1327 589 1501 636 pacem

119 656 184 702 Et
208 655 429 719 placidos
455 655 671 701 habeant
695 654 880 715 lapsus,
908 659 1156 713 motaeque
1184 651 1418 704 residant,
1436 653 1498 697 95

118 733 472 796 Opperiuntur‚
500 747 671 794 aquae:
710 730 874 775 vultus
900 728 1151 774 Achelous
1178 734 1397 789 agrestes

118 809 182 856 Et
207 810 425 856 lacerum
450 824 601 855 cornu
626 806 802 853 mediis
828 811 979 868 caput
1003 803 1194 850 abdidit
1218 803 1381 849 undis.

120 886 266 933 Haud
291 894 458 933 tamen
484 884 633 932 ablati
658 883 850 930 domuit
868 884 1064 945 jactura
1089 880 1309 937 decoris3

118 964 314 1012 Caetera
332 980 502 1027 sospes
523 970 649 1010 erat:
679 960 855 1024 capitis
876 974 1077 1022 quoque
1096 957 1267 1004 fronde
1287 957 1492 1019 saligna,

114 1042 217 1088 Aut
235 1040 615 1104 superimposita
634 1039 822 1086 celatur
840 1035 1079 1084 arundine
1099 1035 1350 1081 damnum.
1405 1037 1495 1080 lOO

182 1117 252 1164 II.
293 1117 360 1164 At
384 1124 450 1172 te,
480 1116 641 1164 Nesse
666 1116 819 1170 ferox,
848 1113 1073 1176 ejusdem
1098 1111 1300 1173 virginis
1327 1111 1471 1158 ardor

112 1264 155 1294 Et
173 1263 255 1305 felix
280 1262 434 1293 interdum
463 1262 587 1292 omnino
610 1267 770 1304 praestans,

115 1312 284 1353 egregium.
314 1312 430 1342 Contra
457 1310 615 1352 Virgilius,
642 1310 770 1341 sEneid.

114 1361 157 1392 iii.
189 1363 264 1392 649.
307 1361 408 1392 Victus
446 1361 572 1403 infelii‘3
610 1361 767 1395 IrloratiuS,

116 1411 216 1452 Epod.
233 1410 264 1441 ii.
283 1411 338 1440 17:
368 1410 468 1444 Quum
490 1412 628 1440 decorum
650 1411 770 1439 mitibus

111 1462 202 1499 pomis
214 1467 301 1500 caput
319 1461 492 1490 Autumnus
507 1462 586 1489 arcis
602 1459 721 1488 attulit.

156 1511 209 1540 93.
235 1510 366 1545 Primus,
382 1509 492 1544 oriens,
511 1508 656 1550 solferit,
675 1506 768 1537 radiis

110 1559 184 1595 suis,
194 1564 344 1602 tanquam
359 1559 440 1595 telis,
454 1558 597 1592 illustrat,
614 1562 685 1588 ante
703 1567 767 1586 om-

113 1608 177 1646 nia,
203 1612 359 1640 cacumina
382 1608 542 1639 montium.
566 1607 610 1637 Ut
633 1605 682 1635 hic
705 1607 768 1644 pri-

113 1669 176 1689 mus
204 1659 258 1694 sol,
287 1658 332 1689 sic
360 1659 473 1688 medius
504 1657 631 1687 Plzirbns
661 1654 768 1685 Valer.

113 1708 255 1743 Flaccus,
280 1708 324 1738 iii.
349 1709 422 1738 481.
468 1707 570 1746 Neque
597 1707 767 1743 enim—op-

109 1760 285 1796 periuntur,
303 1756 386 1798 quod
410 1756 472 1787 viii.
488 1757 550 1786 548
574 1766 645 1796 sqq.
662 1754 768 1784 decre-

112 1812 231 1837 verant.
255 1806 342 1837 Idem
356 1812 401 1836 ter
415 1805 504 1839 dixit,
515 1815 616 1844 pacem
628 1804 764 1837 habeant,

110 1862 140 1886 et
164 1857 296 1895 placidos
321 1857 428 1895 lapsuS,
453 1860 484 1884 et
510 1860 591 1884 mota:
619 1854 764 1883 residant.

109 1904 227 1935 Fluviis
247 1904 477 1935 exundantibus
491 1910 585 1933 motus
604 1908 635 1932 et
650 1903 695 1931 ira
712 1901 763 1930 tri-

110 1953 226 1984 buitur.
258 1954 364 1990 Quum
387 1952 471 1983 fluvii
495 1951 618 1993 placide
642 1951 764 1981 alveum

109 2014 198 2034 suum
223 2014 325 2034 rursus
349 2008 531 2044 sequuntur,
555 2002 672 2041 pacari,
694 2002 761 2031 resi-

108 2055 188 2089 dere,
204 2053 360 2084 dicuntur.
391 2052 531 2082 Residere
550 2051 705 2091 eleganter
724 2050 763 2080 (le

108 2102 156 2139 iis,
182 2113 251 2144 quae
280 2107 518 2143 componuntur,
542 2100 700 2135 sedantur,
725 2099 763 2130 de

109 2152 164 2189 ira,
173 2152 279 2183 ardore
292 2151 398 2186 animi,
411 2151 486 2181 flatu
499 2156 658 2181 ventorum
670 2162 678 2187 ;
693 2150 763 2181 vide

109 2203 325 2232 Buenemann.
345 2199 384 2230 ad
410 2199 617 2235 Lactantium,
637 2199 676 2229 de
700 2200 761 2235 Ira,

109 2250 194 2281 xviii.
206 2251 235 2279 7.
284 2250 409 2289 Lapsus,
421 2248 524 2290 propie
542 2248 579 2278 de
596 2258 687 2278 cursu
703 2249 760 2279 flu-

108 2299 238 2330 viorum.
264 2299 423 2333 Placidus,
439 2298 551 2328 lentus.
569 2297 705 2332 Curtius,
723 2297 762 2328 iv.

113 2349 160 2379 13.
175 2349 291 2387 placide
308 2349 406 2378 volans
422 2347 535 2387 aquila.

151 2397 203 2427 97.
228 2397 374 2427 Lacerant,
403 2402 494 2435 caput
522 2396 637 2425 abdidit
666 2397 763 2425 undis.

109 2446 237 2477 Heroid.
255 2445 296 2476 ix.
312 2446 383 2475 140.
400 2445 438 2475 de
454 2444 604 2480 Acheloo,
624 2444 761 2475 Truncu-

108 2507 162 2536 que
186 2496 285 2525 limosa
310 2502 437 2534 tempora
463 2496 561 2524 mersit
584 2505 671 2533 aqua.
715 2494 762 2523 Si-

110 2545 222 2575 militer
237 2545 289 2575 alii
305 2550 419 2586 poetae.

151 2595 203 2625 98.
230 2594 353 2624 Domzzit
377 2593 407 2623 in
432 2595 532 2623 nocuit
557 2598 655 2622 mutat
680 2592 758 2622 Bur-

110 2654 250 2679 mannus,
267 2650 301 2673 ut
314 2649 345 2674 et
361 2654 471 2683 quoque
487 2642 518 2672 in
534 2643 615 2672 modu
630 2641 762 2671 auctori-

112 2699 175 2723 tate
188 2692 345 2731 Medicci3
362 2698 502 2723 neutrum
516 2692 595 2722 bene
608 2703 616 2729 ;
631 2701 762 2731 namque

838 1268 956 1296 domare
980 1274 1061 1294 nunc
1086 1268 1132 1293 est
1152 1261 1291 1303 perdere,
1309 1259 1495 1295 interimere,

838 1320 873 1345 ut
888 1314 911 1344 i.
927 1314 1002 1344 309.
1019 1318 1050 1343 et
1066 1311 1173 1353 δαμςῒν
1193 1310 1305 1352 passim
1328 1309 1411 1351 apud
1430 1310 1495 1339 Ho-

838 1374 956 1394 merum
970 1375 975 1392 :
1001 1364 1083 1392 modo
1098 1366 1201 1391 autem
1219 1359 1304 1389 nullo
1319 1358 1409 1389 modo
1424 1369 1493 1389 sen-

837 1424 905 1444 sum
923 1412 1026 1442 fundit
1043 1409 1250 1442 commodum.
1295 1408 1426 1439 ,Iactura
1443 1410 1493 1438 de-

838 1465 923 1497 coris,
949 1472 1043 1492 cornu
1072 1459 1186 1494 decori,
1214 1469 1285 1489 eum
1314 1469 1375 1489 non
1404 1457 1494 1488 modo

837 1522 897 1541 non
907 1509 1053 1552 perdidit,
1067 1508 1120 1539 sed
1132 1508 1249 1538 celatur
1262 1518 1385 1549 quoque
1401 1517 1493 1537 arun-

834 1560 918 1590 dine.
978 1559 1158 1594 Damnum5
1205 1567 1300 1587 cornu
1337 1555 1494 1587 amissum.

834 1610 922 1650 Saepe
945 1610 1098 1643 damnum,
1117 1606 1149 1637 id
1175 1606 1258 1647 quod
1282 1616 1353 1636 cum
1379 1606 1493 1636 damno

835 1658 1005 1689 amisimus.

880 1708 1060 1738 101——133.
1099 1706 1207 1736 Nessus
1244 1704 1374 1740 Ixionis,
1412 1704 1492 1745 regis

833 1757 1012 1792 Thessaliae,
1041 1755 1134 1786 filius.
1192 1754 1284 1786 Conf.
1314 1754 1492 1795 Sophocles,

831 1806 978 1837 Trachin.
989 1807 1051 1836 555
1061 1816 1131 1846 sqq.
1146 1818 1152 1841 3
1173 1803 1350 1845 Euripides,
1364 1803 1492 1844 Hippol.

833 1857 895 1886 545
917 1866 1008 1896 sqq.;
1036 1854 1191 1884 Diodorus
1212 1852 1346 1888 Siculus,
1367 1852 1410 1882 iv.
1428 1854 1491 1890 36;

832 1905 1016 1939 Pausanias,
1028 1904 1127 1934 Phoc.
1139 1915 1170 1945 p.
1180 1904 1242 1933 895
1254 1914 1260 1940 ς
1274 1901 1493 1943 Apollodorus,

833 1957 877 1986 ΙΙ.
901 1955 954 1985 vii.
979 1955 1016 1992 63
1049 1952 1214 1988 Eusebius,
1245 1952 1347 1993 Praep.
1376 1951 1431 1981 lib.
1456 1952 1489 1981 ii.

829 2017 860 2046 p.
877 2006 935 2043 363
960 2003 1114 2045 Hyginus,
1128 2003 1190 2033 fab.
1207 2002 1248 2032 34
1264 2007 1295 2032 et
1312 2002 1372 2039 36;
1396 2001 1488 2031 Sene⁴

831 2066 878 2090 ca,
905 2055 998 2084 Herc.
1023 2054 1086 2083 OEt.
1111 2063 1175 2082 ver.
1198 2052 1261 2082 494
1286 2062 1354 2092 sqq.
1384 2050 1490 2081 fabula

831 2102 1051 2137 memorabilis,
1078 2112 1139 2132 non
1166 2101 1197 2131 in
1224 2111 1267 2136 se,
1290 2099 1344 2130 sed
1369 2105 1492 2141 propter

832 2154 924 2184 Nessi
938 2158 1067 2187 vestem,
1082 2162 1152 2192 quae
1172 2161 1243 2180 mox
1265 2148 1396 2180 exitium
1414 2149 1491 2180 seret

830 2202 971 2233 Herculi.
989 2201 1071 2231 Hinc
1093 2209 1239 2241 expressa
1260 2204 1306 2229 est
1329 2197 1359 2228 in
1382 2198 1489 2228 multis

830 2250 1047 2281 monumentis.
1072 2251 1111 2279 At
1131 2256 1169 2284 te,
1185 2254 1245 2278 etc.
1265 2246 1487 2277 Transitushic

831 2305 1046 2341 argumentum
1081 2298 1173 2328 simul
1209 2296 1323 2327 fahulae
1356 2296 1485 2326 indicat.

832 2349 935 2383 Feroi,
949 2349 987 2379 ad
1005 2350 1065 2378 vim
1082 2352 1218 2389 paratus,
1231 2346 1392 2376 violentus.
1421 2346 1487 2375 Vir-

828 2400 919 2437 ginis,
947 2398 1021 2439 quia
1045 2397 1131 2437 virgo
1158 2396 1261 2426 adhuc
1289 2401 1366 2430 erat,
1390 2405 1486 2435 quum

831 2448 983 2478 Hercules
998 2453 1029 2477 et
1041 2446 1200 2477 Achelous
1215 2445 1253 2475 de
1269 2443 1411 2485 conjugio·
1421 2445 1487 2486 ejus

829 2497 1042 2533 decertarent,
1063 2505 1241 2536 quanquam
1257 2494 1365 2534 etjam
1381 2500 1486 2535 nuptae

829 2546 973 2576 mulieres
996 2544 1149 2575 interdum
1166 2543 1301 2583 virgines
1322 2543 1486 2581 dicuntur,

827 2595 892 2625 vid.
910 2593 1142 2626 Brouckhusius
1158 2593 1197 2624 ad
1214 2592 1364 2633 Propertii
1381 2592 1440 2624 IV.
1453 2593 1485 2623 ii.

831 2645 890 2673 52:
916 2648 947 2673 et
967 2644 1051 2683 'virgo
1076 2642 1170 2672 etiam
1195 2652 1214 2672 a
1240 2641 1326 2677 Silio,
1350 2641 1393 2671 iii.
1411 2643 1483 2672 435.

832 2698 977 2729 vocatur,
1002 2690 1053 2721 ubi
1069 2689 1138 2722 vide
1155 2691 1326 2722 Drakemb.
1373 2691 1483 2725 Ardor,
