1779 3130
192 178 278 220 250
582 175 633 215 Ρ.
669 173 881 215 OVIDII
916 171 1195 213 NASONIS

203 291 369 346 Esset,
389 296 493 336 erat
507 288 738 335 dubium:
769 293 1037 350 postquam
1057 286 1205 348 paulo
1225 286 1417 348 appulit
1435 285 1581 340 unda,

201 366 284 422 Et,
312 365 537 428 quamvis
563 365 748 419 aberat,
777 379 956 426 corpus
981 370 1148 410 tamen
1174 378 1284 409 esse
1309 361 1563 424 liquebat;

201 442 300 496 Qui
315 441 455 496 foret,
468 440 716 502 ignoranS,
730 440 848 501 quia
862 438 1144 500 naufragus,
1158 439 1320 485 omine
1336 444 1470 484 mota
1485 445 1582 484 est:

202 517 283 573 Et,
301 524 557 579 tamquam
577 517 744 578 ignoto
762 513 989 561 lacrimas
1006 514 1160 570 daret,
1182 520 1212 538 “
1228 513 1361 560 Heu!
1390 513 1587 568 miser,’'

399 593 577 655 inquit,
1259 593 1448 652 [actum
1490 592 1580 636 721

204 676 234 694 “
253 669 493 731 Quisquis
513 685 583 723 es,
603 676 652 714 et
673 668 713 713 si
734 683 834 730 qua
854 676 930 714 est
954 669 1140 729 conjux
1160 666 1248 712 tibi
1262 666 1303 712 !'’
1331 666 1587 712 Fluctibus

204 746 285 792 Fit
308 745 511 808 propius
538 760 748 806 corpus:
789 743 923 805 quod
949 759 1048 805 quo
1074 743 1231 804 magis
1257 742 1340 788 illa
1363 749 1544 796 tuetur,

204 821 316 868 Hoc
342 821 505 867 minus
532 828 582 867 et
605 820 766 866 minus
793 827 869 866 est
895 835 1064 865 amens
1092 835 1208 865 sua:
1243 821 1449 880 jamque
1478 834 1588 881 pro-

403 897 603 960 pinquae

205 974 476 1020 Admotum
501 980 661 1028 terrae,
683 974 789 1034 jam
816 972 951 1034 quod
972 986 1274 1032 cognoscere
1299 978 1485 1033 posset,

207 1051 403 1098 Cernit:
434 1056 539 1097 erat
562 1049 768 1111 conjux!
800 1054 829 1072 ‘⁶
853 1048 946 1095 Ille
972 1047 1104 1095 est!’'
1131 1048 1395 1102 exclamat,
1423 1054 1473 1093 et
1496 1063 1595 1093 una

209 1127 326 1183 Ora,
345 1141 529 1181 comas,
544 1133 733 1172 vestem
752 1126 958 1183 lacerat3
989 1125 1301 1186 tendensque
1325 1131 1593 1170 trementes

205 1203 286 1250 Ad
313 1203 487 1266 Ceyca
509 1218 712 1260 manus3
757 1208 788 1226 “
811 1203 911 1258 Sic,
939 1219 966 1249 o
991 1203 1242 1249 carissime
1269 1202 1470 1263 conjux,

209 1279 293 1326 Sic
319 1280 381 1326 ad
406 1295 501 1335 me,
529 1279 824 1334 miserande,
846 1279 977 1326 redis
995 1278 1043 1325 ?”
1078 1279 1168 1325 ait:
1209 1278 1407 1339 adjacet
1430 1277 1574 1323 undis

208 1355 363 1402 Facta
387 1371 537 1402 manu
562 1356 734 1411 moles,
764 1372 875 1418 quae
902 1356 1086 1419 primas
1114 1355 1326 1417 aequoris
1352 1355 1448 1400 iras

211 1431 430 1494 Frangit,
445 1443 495 1479 et
509 1432 735 1479 incursus
752 1448 864 1494 quae
881 1433 1205 1495 praedelassat
1221 1446 1477 1493 aquarum.
1501 1433 1596 1476 730

210 1507 375 1554 Insilit
399 1508 523 1565 huc;
565 1508 843 1571 mirumque
868 1508 960 1555 fuit
984 1509 1234 1572 potuisse;
1274 1508 1500 1563 volabat3

205 1583 599 1647 Percutiensque
625 1585 783 1632 levem
810 1586 956 1632 modo
982 1586 1109 1632 natis
1133 1601 1245 1632 aera
1270 1585 1462 1647 pennis,

256 1774 330 1804 719.
358 1774 418 1808 Qui
433 1775 530 1816 foret,
548 1776 718 1817 ignorans]
747 1777 872 1807 Oblitus

211 1822 258 1852 sui
274 1832 341 1853 esse
355 1822 478 1853 videtu:
494 1823 637 1854 Ovidius.
674 1826 746 1855 Jam
761 1825 872 1855 edocta

213 1877 281 1901 erat
295 1872 458 1913 Halcyone
474 1873 644 1903 certissimo
663 1874 780 1904 somnio
796 1885 872 1904 mor-

942 1778 1117 1816 rhenumque
1131 1777 1263 1811 Pharon,
1273 1783 1465 1817 porrectaque
1481 1778 1601 1807 brachia

942 1836 1072 1861 rursum,
1105 1825 1176 1859 Qus?
1200 1827 1306 1865 pelago
1335 1832 1465 1855 currunt
1497 1827 1601 1860 medio,

943 1875 1082 1915 longeque
1106 1876 1281 1914 relinquunt
1301 1874 1435 1904 Italiam,
1482 1874 1601 1904 Proecle-

213 1925 276 1949 tem
301 1920 425 1958 mariti;
459 1931 513 1951 cur
539 1931 612 1961 ergo
642 1933 723 1952 nunc
750 1922 874 1953 demum

213 1970 307 1998 omine
319 1971 480 1999 movetur?
504 1970 622 2000 Melius
637 1971 739 2000 statim
755 1971 792 2001 de
808 1982 873 2002 ma-

211 2016 269 2047 rito
286 2027 341 2047 suo
365 2018 541 2058 cogitasset.
589 2019 685 2061 Apud
702 2020 873 2050 Lucianurn

214 2066 363 2097 oberratis
389 2067 477 2097 terris
506 2069 659 2104 omnibus,
689 2079 750 2099 non
775 2070 877 2110 potuit

214 2114 360 2145 maritum
372 2116 522 2157 reperire,
539 2127 633 2158 quare
645 2118 739 2148 etiam
755 2122 875 2148 mutata

217 2163 421 2195 circumvolat
435 2166 541 2196 maria.

259 2212 334 2242 723.
367 2213 420 2242 Est
443 2225 542 2244 amens
568 2225 632 2249 sua,
650 2215 727 2255 ete-J
763 2216 812 2246 Ita
837 2216 876 2246 de

219 2270 275 2290 suo
291 2260 398 2291 codice
409 2262 556 2292 Heinsius
572 2262 730 2292 constituit
745 2274 878 2294 versum.

216 2309 267 2339 De
284 2315 325 2339 est
339 2320 404 2345 sua,
416 2309 488 2340 vide
504 2310 547 2340 iii.
564 2312 638 2342 689.
655 2311 694 2341 ad
710 2315 757 2342 ris
772 2324 879 2343 meum.

217 2356 284 2388 Cic.
297 2357 476 2389 iii.Tuscul.
490 2360 537 2390 10.
565 2363 584 2375 “
598 2359 668 2390 Nec
683 2360 785 2391 minus
800 2361 879 2392 illud

223 2412 325 2441 acute,
341 2407 423 2447 quod
441 2407 535 2437 animi
552 2407 748 2439 affectionem
762 2409 879 2441 lumine

217 2454 330 2484 mentis
346 2462 503 2486 carentem
520 2456 759 2487 nominaverunt
772 2468 877 2489 amen-

217 2501 305 2538 tiam,
321 2504 517 2545 eandemque
535 2504 757 2536 dementiam.''

263 2551 338 2581 728.
378 2554 505 2592 Adjacet
537 2555 626 2583 undis
657 2553 764 2590 Facta,
796 2555 873 2595 eta]

221 2599 334 2630 Portus
361 2611 456 2631 manu
485 2608 517 2632 et
545 2608 609 2631 arte
644 2603 720 2634 facti
747 2604 875 2638 notatio,

219 2656 312 2686 quam
327 2648 471 2679 Juvenal.
484 2650 550 2679 Sat.
567 2648 620 2679 xii.
632 2649 875 2681 circumscribit:

219 2696 324 2735 positas
343 2698 457 2727 inclusa
476 2708 528 2737 per
550 2709 664 2738 (squaru
687 2700 782 2734 moles,
802 2699 876 2739 Tyr-

945 1924 1042 1958 lnssat,
1060 1928 1094 1953 ut
1111 1923 1162 1953 vii.
1180 1924 1253 1953 489.
1267 1934 1498 1962 proecmzsumere
1516 1926 1601 1959 vires,

941 1977 972 2002 et
989 1971 1055 2001 viii.
1066 1972 1097 2002 7.
1112 1978 1292 2011 proetentare
1308 1975 1395 2002 vires.
1444 1972 1520 2002 Haec
1536 1983 1601 2001 mo-

942 2020 988 2050 les
1024 2020 1177 2050 undarum
1214 2022 1421 2062 imp-actarum
1452 2022 1602 2062 impetum

944 2067 1099 2103 debilitat,
1126 2079 1222 2109 quem
1250 2069 1339 2098 litora
1368 2069 1492 2110 penitus
1517 2069 1601 2100 fran-

942 2122 1032 2157 gunt.
1078 2118 1236 2153 Lucanus,
1255 2118 1296 2147 vi.
1318 2119 1393 2149 265.
1410 2129 1490 2148 mure
1513 2120 1602 2149 lassa-

946 2172 1006 2202 tur,
1025 2178 1115 2206 qzzum
1138 2177 1165 2196 se
1191 2167 1361 2197 tollentibus
1385 2167 1478 2196 Euris
1501 2167 1602 2198 Fran-

941 2215 1445 2257 gentemfluctusscopulumferit.
1490 2215 1604 2245 Simili-

944 2269 988 2292 ter
1004 2269 1103 2292 cautes
1119 2265 1212 2293 maria
1221 2264 1366 2305 fatigant
1388 2263 1473 2305 apud
1492 2263 1601 2294 Silium

945 2311 964 2340 i.
980 2311 1053 2340 208.

990 2359 1062 2390 731.
1087 2360 1189 2391 Insilit
1214 2362 1299 2401 huza]
1332 2362 1485 2393 Nonnulli
1512 2364 1602 2401 huic,-

946 2407 1006 2438 duo
1034 2408 1206 2439 Leidenses
1236 2411 1338 2446 hunc3
1378 2411 1487 2441 Heius.
1514 2417 1604 2452 putat

947 2457 1034 2492 hanc,
1050 2468 1141 2498 quem
1156 2458 1226 2488 vide
1254 2458 1292 2488 ad
1308 2458 1372 2488 viii.
1390 2460 1462 2489 142.
1501 2460 1601 2490 Strin-

941 2507 1038 2545 gebat,
1049 2505 1159 2536 leviter
1175 2506 1384 2547 contingebat,
1399 2518 1481 2538 more
1499 2508 1602 2539 avium

943 2565 1035 2595 super
1063 2565 1176 2596 aquam
1204 2555 1419 2595 volitantiu1n3
1457 2556 1500 2586 iv.
1529 2559 1602 2588 561.

944 2603 1086 2633 Mutatur
1102 2614 1211 2646 nempe
1230 2604 1386 2645 Habe-none
1401 2605 1432 2636 in
1452 2616 1539 2636 avem
1555 2606 1603 2637 sui

944 2661 1087 2683 nonnms.
