1779 3130
226 186 311 226 354

617 184 665 223 P.
700 182 913 224 OVIDII
948 181 1227 224 NASONIS

231 298 339 346 Hac
364 299 579 345 subeunt
603 297 809 354 Teucri3
851 298 1101 360 remisque
1127 303 1353 358 aestuque
1379 295 1615 348 secundo,

232 375 337 421 Sub
364 380 560 421 noctem
587 374 774 437 potitur
799 374 1028 420 Zanclaea
1051 372 1224 420 classis
1251 387 1413 418 arena.

1522 373 1616 417 729

231 451 402 513 Scylla
422 451 550 496 latus
576 451 826 506 dextrum,
847 450 1023 497 laevum
1044 449 1314 511 irrequieta
1335 446 1618 508 Charybdis

230 527 505 574 Infestant:
545 534 685 574 vorat
709 527 813 573 haec
840 534 1022 590 raptas,
1051 526 1361 588 revomitque
1395 523 1615 571 carinas:

231 603 325 650 Illa
349 603 464 650 feris
490 610 645 650 atram
666 603 874 650 canibus
900 603 1205 664 succingitur
1230 602 1408 654 alvum,

229 680 448 742 Virginis
474 697 559 727 ora
583 696 787 742 gerens:
829 686 893 734 et,
922 680 962 725 si
989 695 1084 725 non
1110 678 1275 725 onmia
1299 683 1435 723 vates

233 757 374 804 Ficta
398 757 721 819 reliquerunt,
749 757 917 820 aliquo
943 771 1143 819 quoque
1168 763 1390 817 tempore
1414 752 1566 814 virgo.

230 833 376 881 Hanc
403 834 543 880 multi
566 834 754 897 petiere
780 833 944 897 proci;
975 833 1157 896 quibus
1183 831 1267 878 illa
1291 830 1501 893 repulsis
1522 831 1618 875 735

229 910 309 957 Ad
336 910 499 973 pelagi
524 910 805 973 Nymphas,
835 910 913 973 pel

920 909 998 955 atri
1027 907 1307 955 cratissima
1333 905 1599 969 Nymphis,

951 946 1052 971 00

231 986 358 1042 Ibat,
387 994 439 1033 et
463 987 627 1033 elusos
647 987 887 1049 juvenum
913 986 1143 1032 narrabat
1168 999 1376 1032 amores.

231 1062 411 1118 Quam,
439 1063 558 1109 dum
584 1062 859 1126 pectendos
887 1062 1076 1126 praebet
1102 1061 1314 1108 Galatea
1337 1058 1561 1122 capillos,

229 1138 434 1186 Talibus
461 1139 746 1201 alloquitur,
775 1145 1004 1202 repetens
1031 1137 1257 1201 suspiria,
1285 1136 1460 1183 dictis:

229 1214 301 1262 Te
324 1222 507 1270 tamen,
536 1232 564 1262 o
590 1215 740 1276 virgo,
770 1231 924 1277 genus
951 1214 1083 1261 haud
1109 1213 1297 1260 immite
1322 1213 1535 1260 virorum

229 1291 466 1356 Expetit:
507 1300 663 1355 utque
688 1292 826 1348 facis,
854 1298 996 1356 potes
1023 1292 1098 1338 his
1124 1292 1325 1355 impune
1351 1305 1549 1352 negare.

273 1448 348 1478 729.
379 1448 503 1478 Patitur
527 1459 632 1483 arena,
660 1453 692 1478 ut
720 1447 762 1478 xi.
785 1451 837 1479 55.
860 1454 891 1479 et

229 1496 311 1538 apud
328 1496 509 1537 Virgilium,
529 1498 604 1527 AEn.
620 1496 643 1527 i.
664 1497 734 1527 172.
768 1497 889 1533 Zancle,

229 1551 336 1587 postea
348 1546 508 1581 Messana,
520 1545 604 1576 dicta
621 1556 637 1576 a
654 1546 750 1577 forma
763 1546 891 1582 falcata,

229 1605 323 1635 quam
361 1594 456 1625 habet
490 1595 731 1636 promontorium
770 1603 890 1638 portum

228 1642 313 1673 illius
328 1644 413 1674 urbis
429 1643 603 1675 includens.

275 1693 348 1723 730.
371 1693 711 1733 Scylla—Charybdis:
736 1692 806 1724 duae
825 1693 889 1724 fue-

230 1747 302 1772 runt
316 1741 428 1782 Scyllae
447 1752 465 1772 a
480 1743 580 1784 poetis
594 1742 790 1773 decantatae:
814 1753 890 1784 qua-

229 1800 297 1820 rum
325 1790 432 1825 altera,
457 1791 529 1820 Nisi
556 1790 631 1827 filia,
656 1791 689 1821 in
717 1802 806 1822 avem
833 1790 892 1821 fuit

230 1844 440 1877 commutata3
464 1839 502 1870 de
526 1839 583 1870 hac
608 1841 639 1870 in
662 1840 741 1870 libro
758 1840 809 1870 vii.
825 1840 891 1881 agi-

230 1893 300 1924 tur3
326 1888 423 1918 altera
446 1887 543 1919 Phoci
568 1888 632 1918 filia
655 1888 686 1919 in
710 1895 890 1924 monstrum,

228 1936 313 1977 quod
335 1936 367 1966 in
385 1936 462 1967 freto
482 1937 586 1968 Siculo
607 1938 826 1979 navigantibus
845 1938 891 1968 in-

229 1985 370 2016 sidiatur.
416 1985 593 2026 Charybdis
609 1986 714 2017 vetula
736 1986 792 2016 fuit
809 1987 889 2017 fura-

229 2033 365 2068 cissima‚
397 2045 466 2075 quae
502 2046 597 2075 quum
632 2035 761 2066 Herculi
796 2036 891 2066 boves

230 2082 333 2113 furata
347 2090 438 2118 esset,
452 2083 490 2113 ab
503 2083 557 2113 illo
571 2083 602 2113 in
614 2083 725 2114 fretum
743 2083 889 2125 projecta,

230 2130 262 2160 in
285 2137 454 2161 monstrum
475 2130 628 2161 marinum
650 2131 708 2162 suit
729 2141 889 2167 conversa,

230 2179 314 2220 quod
331 2178 432 2209 adhuc
449 2179 609 2221 pristinam
624 2179 735 2210 retinet
749 2180 890 2222 rapiendi

230 2234 389 2258 naturam:
409 2238 479 2258 nam
495 2228 568 2259 illac
583 2234 779 2260 transeuntes
795 2240 889 2260 naves

229 2277 269 2307 ad
294 2287 326 2307 se
353 2277 444 2318 rapit,
470 2277 660 2319 devoratque
687 2288 723 2308 ac
748 2279 889 2310 revomit.

232 2326 398 2367 Charybdis
414 2326 526 2357 Nostro
547 2329 719 2367 irrequieta,
735 2333 766 2358 et
785 2327 887 2369 Virgi-

228 2374 270 2404 lio
285 2376 455 2413 implacata,
468 2376 550 2416 quod
563 2382 594 2406 et
608 2375 638 2406 h.
649 2375 669 2407 l.
679 2388 759 2407 unus
769 2377 889 2409 Medic.

231 2424 384 2464 agnoscit,
402 2429 434 2454 et
450 2423 599 2454 Heinsius
621 2435 658 2455 ex
676 2428 822 2462 impacata
838 2437 886 2456 or-

230 2479 295 2502 tum
311 2478 425 2503 temere
441 2473 583 2514 putabat.
612 2473 712 2509 Vorat,
729 2479 790 2504 etc.
817 2474 888 2504 Vir-

229 2520 332 2560 gilius,
344 2521 420 2552 ibid.
445 2526 464 2538 “
477 2522 544 2551 Imo
559 2522 696 2552 barathri
707 2529 752 2553 ter
767 2523 889 2564 gurgite

231 2576 332 2600 vastos
363 2570 473 2601 Sorbet
501 2570 532 2600 in
566 2571 731 2612 abruptum
765 2572 889 2608 fluctus,

228 2629 394 2660 rursusque
419 2620 476 2650 sub
505 2629 594 2650 auras
618 2620 717 2660 Erigit
744 2620 886 2657 alternos,

228 2673 259 2696 et
283 2666 383 2698 sidera
398 2669 539 2699 verberat
562 2669 678 2700 unda.’'
724 2669 887 2711 Copiosius

229 2715 359 2755 Scyllam
386 2716 551 2755 describit3
583 2717 652 2748 vide
679 2717 719 2748 ad
747 2719 809 2749 xiv.
834 2718 884 2749 60.

960 1449 1069 1488 Aliquo
1091 1457 1201 1487 qaoque
1223 1456 1331 1488 parum
1356 1446 1461 1487 placet
1484 1445 1620 1475 auribus.

963 1496 1097 1537 Virginis
1114 1496 1206 1537 hujus
1226 1494 1432 1524 mutationem
1451 1493 1545 1524 habet
1561 1493 1618 1523 hb.

959 1543 1024 1574 xiv.
1049 1544 1117 1574 init.
1141 1544 1244 1574 Mater
1268 1542 1335 1583 ejus
1358 1552 1440 1577 mox,
1463 1552 1528 1573 ver.
1546 1542 1622 1573 749.

959 1598 1156 1623 memoratur.

1004 1642 1078 1672 740.
1107 1641 1145 1672 Te
1170 1647 1278 1676 tamen,
1296 1646 1329 1671 ut
1346 1639 1388 1671 ix.
1405 1641 1478 1671 326.
1524 1640 1619 1670 Hand

962 1693 1083 1727 immite,
1100 1689 1174 1732 quia
1193 1701 1276 1725 mox,
1295 1700 1357 1721 ver.
1374 1691 1446 1721 759.
1463 1689 1619 1731 Polyphe-

960 1749 1029 1770 mus
1055 1741 1176 1770 z'mmitis
1200 1745 1341 1770 vocatur.
1390 1739 1510 1780 Negare
1536 1738 1619 1780 apud

959 1789 1109 1820 Nostrum
1127 1799 1210 1830 saepe
1231 1788 1391 1819 absolute:
1417 1798 1530 1828 negare
1546 1798 1618 1818 con-

960 1839 1168 1875 suetudinem,
1191 1838 1414 1877 concubitum3
1441 1839 1512 1869 vide
1539 1839 1620 1870 Bur-

960 1899 1064 1919 mann.
1105 1889 1162 1918 Cui
1176 1895 1263 1928 pater
1279 1895 1331 1924 est,
1348 1898 1526 1929 quanquam
1542 1887 1618 1918 1111111

959 1937 1192 1978 antiquissimus
1207 1938 1294 1968 Deus
1309 1936 1444 1967 marinus
1460 1942 1547 1978 pater
1562 1942 1620 1967 est.

962 1986 1062 2016 Tarba
1084 1997 1227 2021 sororum,
1243 1996 1355 2027 nempe
1379 1985 1619 2026 quinquaginta,

958 2042 992 2065 ut
1013 2035 1206 2066 admonitum
1229 2035 1267 2065 ad
1286 2034 1320 2065 ii.
1341 2035 1396 2064 11:
1423 2035 1548 2065 nomina
1565 2045 1616 2065 ea-

957 2095 1025 2114 rum
1054 2084 1171 2126 Hygin.
1194 2084 1227 2115 in
1253 2083 1433 2125 praefatione
1456 2083 1560 2119 habet,
1586 2084 1618 2114 in

958 2133 1072 2174 quibus
1088 2138 1119 2164 et
1137 2133 1279 2164 Galatea.
1325 2133 1430 2169 Quum
1446 2132 1551 2174 fugam
1566 2144 1619 2172 pei·

948 2184 1080 2224 fluctus,
1111 2188 1271 2223 tamquam
1305 2191 1368 2213 rem
1397 2181 1619 2223 periculosissi-

958 2241 1052 2267 mam,
1091 2236 1323 2266 commemorat,
1363 2241 1424 2261 non
1464 2237 1617 2267 meminit,

958 2280 1124 2312 Galateam
1140 2290 1206 2311 esse
1222 2279 1404 2321 Nympham
1419 2279 1541 2321 pelagi:
1561 2290 1614 2310 ne-

957 2341 1017 2371 que
1036 2340 1107 2361 vero
1125 2329 1265 2364 arbitror,
1285 2328 1433 2360 Ovidium
1455 2329 1498 2360 ita
1521 2329 1617 2370 scrip-

956 2379 1030 2410 sisse
1045 2391 1052 2417 ;
1077 2389 1211 2420 namque
1227 2378 1318 2408 MSS.
1333 2388 1437 2409 omnes
1454 2379 1502 2419 (et
1521 2378 1616 2419 Regii

956 2428 1064 2465 ambo)
1081 2427 1196 2458 habent
1208 2438 1261 2467 per
1273 2429 1382 2463 luctus,
1394 2433 1504 2468 praeter
1520 2438 1615 2458 unum

957 2477 1129 2508 Basileens.
1141 2476 1419 2518 quiflactas‘habet
1431 2487 1484 2518 pro
1496 2476 1617 2507 diversa

956 2525 1100 2561 lectione,
1118 2526 1199 2556 unde
1216 2525 1330 2566 recepit
1346 2525 1506 2556 Heinsius.
1554 2526 1615 2556 Per

958 2576 1058 2605 lactus
1080 2574 1212 2616 effugere
1235 2580 1336 2616 posset
1359 2574 1471 2617 accipi,
1490 2580 1523 2605 ut
1547 2575 1614 2606 Liv.

956 2622 976 2653 i.
992 2626 1022 2654 5.
1036 2634 1088 2662 per
1105 2624 1199 2654 lusum
1216 2630 1303 2663 atque
1319 2625 1467 2654 lasciviam
1483 2635 1614 2656 currere.

956 2671 1103 2702 Heinsius
1119 2672 1255 2702 malebat
1273 2673 1413 2712 loquenti.
1444 2673 1545 2714 Hujus
1560 2683 1613 2703 va-

954 2720 1070 2751 rietatis
1084 2721 1228 2762 exempla
1240 2720 1305 2762 jam
1322 2720 1410 2762 plura
1427 2721 1570 2753 vidimus.
