1779 3130
228 174 313 215 144

229 287 490 333 Sidereum
516 285 685 346 gracili
711 292 938 348 spectare
963 287 1222 332 cacumine
1247 287 1444 334 coelum.

644 172 694 212 P.
728 171 941 213 OVIDII
974 171 1256 213 NASONIS

1524 289 1614 332 14O

228 362 494 424 Ingemuit,
520 361 778 424 tristisque
806 361 972 409 Deus:
1010 368 1041 386 “
1069 362 1327 424 Lugebere
1352 361 1512 417 nobiS,

228 437 548 499 Lugebisque
574 437 711 492 alios,
739 436 1003 500 aderisque
1029 438 1363 493 dolentibus,”
1389 438 1568 500 inquit.

285 512 385 560 ΙΙΙ.
405 512 527 559 Tale
538 528 712 559 nemus
723 520 860 559 vates
873 520 1208 571 contraxerat3
1234 515 1385 577 inque
1404 514 1617 561 ferarum

225 588 452 637 Concilio
478 589 670 635 medius
696 589 843 634 turba
867 589 1224 652 volucrumque
1247 591 1472 637 sedebat.

225 666 296 713 Ut
315 665 434 712 satis
459 665 700 728 impulsas
723 664 932 711 tentavit
958 665 1138 727 pollice
1166 666 1404 721 chordas3

1518 667 1609 711 145

222 742 288 789 Et
312 741 467 789 sensit
491 741 668 795 varios,
697 741 922 803 quamvis
948 741 1143 788 diversa
1167 750 1413 796 sonarent,

221 816 540 865 Concordare
565 817 766 873 modos3
808 817 900 863 hoc
925 833 1096 864 vocem
1122 819 1337 865 carmine
1363 818 1525 880 rupit:

225 899 255 918 “
268 894 348 941 Ab
367 893 507 949 Jove,
527 893 677 940 Musa
697 910 891 956 parem,
910 895 1095 941 cedunt
1108 894 1138 940 J
1143 895 1246 941 ovis
1266 894 1432 941 omnia
1445 909 1612 955 regno,

224 1048 310 1072 mere,
328 1037 491 1079 accipere;
516 1037 559 1067 iii.
581 1048 617 1067 ex
643 1038 753 1073 Ponto,
776 1039 816 1068 iv.
833 1039 885 1069 31.

222 1095 335 1114 sumere
360 1087 498 1125 rigorem.
533 1085 663 1121 Gracili,
681 1086 778 1116 tenui.

270 1134 340 1164 142.
365 1134 551 1174 Lugebisque
573 1135 674 1174 alios]
702 1135 884 1176 Cupressus,

223 1183 299 1213 forte
325 1183 399 1224 quia
421 1193 503 1213 caesa
527 1193 587 1213 non
611 1184 806 1224 regermfflat,
831 1190 886 1214 aut

223 1232 262 1262 ob
289 1231 416 1261 sormam
442 1231 570 1266 tristem,
596 1231 664 1262 Diti
690 1238 882 1267 consecrata,

224 1286 296 1311 ante
320 1281 475 1310 funestam
497 1280 623 1309 domum
648 1282 830 1321 ponebatur,
848 1291 886 1311 ne

224 1329 293 1370 quis
307 1339 371 1359 rem
388 1327 527 1358 divinam
541 1328 689 1363 facturus,
707 1329 886 1369 imprudens

222 1377 362 1412 intraret,
379 1382 473 1417 atque
488 1376 531 1406 ita
547 1376 749 1416 pollueretur.
780 1379 888 1407 Adel-is

223 1427 400 1461 dolentibus,
412 1431 447 1455 ut
459 1425 481 1454 i.
499 1425 572 1455 560.
585 1424 624 1455 de
640 1425 737 1461 lauro,
755 1432 787 1455 tn
800 1428 885 1456 duci—

225 1475 277 1504 bus
291 1476 402 1504 aderis.

266 1522 446 1553 143—161.
473 1521 670 1562 Ganymedes,
687 1522 821 1563 primurn
834 1533 885 1553 ca-

223 1572 325 1603 nentis
341 1571 459 1613 Orphei
476 1577 705 1611 argumentum.
744 1572 816 1602 Fuit
831 1582 885 1603 au-

223 1628 284 1652 tem
302 1620 504 1660 Ganymedes
520 1619 607 1650 Trois
629 1619 722 1656 filius,
740 1620 815 1661 <etsi
833 1620 886 1651 alii

222 1670 328 1706 aliter;
354 1668 425 1699 vide
441 1668 589 1699 Munker.
606 1668 646 1698 ad
662 1669 780 1709 Hygini
797 1668 885 1699 sabu-

222 1722 284 1752 lam
308 1719 381 1748 271.
397 1723 428 1747 et
444 1718 573 1747 Barnes.
590 1717 628 1747 ad
653 1717 759 1758 Eurip.
775 1717 886 1748 Troad.

223 1778 289 1798 ver.
307 1766 402 1802 822.)
421 1765 537 1796 eximia
552 1765 784 1806 pulchritudine
796 1766 886 1806 juve-

223 1815 281 1851 nis,
298 1825 392 1856 quem
407 1814 530 1856 Jupiter
545 1814 595 1845 vel
618 1814 684 1855 ipse
700 1820 839 1845 mutatus
854 1815 886 1845 in

223 1864 371 1906 aquilam,
387 1863 437 1893 vel
462 1863 558 1893 missa
584 1863 691 1903 aquila
714 1863 830 1904 rapuit,
849 1874 884 1894 ac

223 1923 338 1943 mensae
354 1911 413 1942 sibi
428 1911 603 1941 ministrum
619 1910 703 1942 fecit.
747 1912 827 1941 Fons
841 1912 885 1941 fa-

222 1962 304 1992 bulae
329 1967 377 1991 est
391 1961 517 1990 Homer.
533 1960 572 1990 Il.
586 1963 620 1990 Υ.
635 1960 709 1989 232.
725 1966 756 1989 et
779 1959 886 2001 hymn.

223 2010 305 2040 Ven.
320 2010 381 2039 203
398 2019 466 2049 sqq.
483 2008 536 2038 ubi
557 2013 664 2038 tamen
686 2018 747 2038 non
772 2008 885 2048 aquilae

223 2057 404 2092 ministerio,
421 2056 475 2086 sed
499 2056 637 2097 procella
660 2062 766 2096 raptus
789 2057 885 2086 tradi-

224 2113 284 2137 tur.
330 2104 501 2145 Displicuit
524 2104 583 2134 hoc
612 2105 793 2145 figmentum
819 2104 886 2136 Cic.

223 2155 317 2184 Tusc.
332 2153 353 2183 i.
368 2153 429 2183 26:
455 2156 474 2169 “
490 2153 558 2182 Nec
583 2153 755 2182 Homerum
782 2152 885 2188 audio,

225 2202 279 2244 qui
306 2201 523 2242 Ganymedem
551 2211 569 2230 a
595 2200 667 2231 Diis
693 2206 815 2241 raptum
845 2201 888 2231 ait

225 2256 349 2291 propter
362 2250 502 2284 formam,
519 2255 553 2278 ut
570 2249 642 2279 Jovi
659 2248 766 2279 bibere
783 2249 887 2279 minis-

224 2304 331 2329 traret.
380 2297 531 2338 Fingebat
566 2297 634 2327 haec
669 2297 824 2328 Homerus
857 2304 888 2328 et

226 2348 364 2378 humana
390 2346 430 2376 ad
456 2347 541 2376 Deos
564 2346 804 2376 transferebat.”
849 2347 887 2377 In

228 2396 372 2437 Xenoph.
387 2396 529 2436 Sympos.
544 2395 607 2425 viii.
625 2396 678 2425 30.
695 2395 888 2426 existimatur

228 2455 290 2475 non
306 2449 429 2485 propter
444 2442 719 2484 pulchritudinem,
732 2443 785 2474 sed
796 2454 887 2485 prop-

227 2498 274 2524 ter
299 2492 393 2522 animi
418 2492 505 2522 dotes
527 2497 633 2533 raptus
659 2502 745 2529 esse3
782 2493 887 2523 confer

230 2540 388 2577 Horatius,
403 2540 444 2570 iv.
459 2541 521 2571 Od.
538 2542 567 2570 4.
583 2540 649 2571 init.
661 2547 692 2571 et
707 2540 795 2582 Virg.
812 2542 888 2571 AEn.

230 2602 259 2620 v.
270 2591 333 2620 254
349 2601 417 2630 sqq.
430 2589 483 2619 ubi
500 2589 557 2620 hoc
574 2596 790 2630 argumentum
803 2590 888 2620 chla-

230 2638 316 2678 mydi
328 2637 480 2668 intextum
494 2638 586 2668 fuisse
600 2638 741 2668 traditur.
786 2638 845 2668 Sed
860 2645 891 2668 et

232 2687 262 2718 in
284 2685 390 2718 multis
411 2685 480 2716 aliis
504 2685 577 2717 artis
601 2686 744 2728 operibus
765 2697 889 2728 expres—

953 1048 1022 1068 sum
1049 1044 1126 1068 erat.
1173 1037 1255 1068 Vide
1280 1037 1428 1073 Plinium,
1455 1035 1561 1066 xxxiv.
1586 1037 1616 1067 8.

954 1086 992 1115 In
1018 1087 1101 1117 bello
1126 1097 1196 1117 cum
1217 1085 1381 1116 Titanibus
1403 1090 1525 1126 raptum
1549 1095 1616 1115 esse

954 1134 1172 1175 Ganymedem
1198 1145 1216 1165 a
1238 1136 1328 1170 Jove,
1344 1139 1503 1175 praeeunte
1528 1133 1617 1173 signo

953 1182 1078 1223 aquilae,
1095 1183 1270 1223 suspicatur
1282 1182 1462 1222 Fulgentius
1477 1181 1615 1221 Mythol.

954 1230 976 1260 i.
999 1232 1058 1269 253
1085 1231 1189 1262 confer
1214 1231 1362 1273 Apollod.
1379 1231 1424 1261 Π.
1441 1242 1472 1260 ν.
1489 1231 1528 1267 9;
1551 1230 1618 1260 ΠΙ.

954 1280 1007 1310 xii.
1032 1282 1064 1311 2.
1092 1281 1143 1311 ubi
1169 1281 1312 1321 Heynius
1340 1286 1456 1315 monet,
1482 1279 1614 1310 fundum

953 1328 1067 1359 fabulae
1093 1335 1226 1359 veterem
1251 1339 1317 1360 esse
1343 1327 1492 1370 loquendi
1513 1339 1615 1364 usum,

954 1377 1042 1417 cujus
1068 1387 1175 1408 sensus
1202 1377 1252 1412 sit,
1277 1377 1371 1407 fuisse
1396 1376 1615 1418 Ganymedem

953 1426 1197 1467 pulcherrimum
1226 1436 1366 1467 puerum,
1397 1425 1538 1466 dignum,
1563 1426 1617 1466 qui

954 1484 1025 1504 cum
1041 1474 1112 1504 Diis
1135 1481 1227 1505 esset.
1278 1474 1489 1508 Contra.rerat‚
1506 1479 1619 1504 cantus

954 1522 1000 1553 sui
1021 1523 1175 1554 suavitate
1200 1528 1454 1563 congregaverat,
1472 1527 1618 1563 coegerat

954 1574 985 1602 in
1001 1573 1115 1607 locum,
1130 1572 1180 1602 cui
1196 1573 1307 1602 umbra
1321 1571 1440 1602 deerat.
1489 1571 1618 1600 Contra-

955 1622 1023 1651 here
1049 1622 1176 1656 nmilia,
1201 1622 1318 1655 milites,
1339 1626 1486 1655 senatum,
1511 1621 1619 1651 amicos

954 1669 1086 1711 passim:
1104 1668 1176 1699 vide
1193 1669 1304 1699 Burm.
1353 1668 1618 1710 Concilizcm,quia

955 1718 1114 1754 audiendi,
1130 1729 1191 1748 non
1207 1717 1401 1748 deliberandi
1417 1727 1524 1753 causa,
1541 1728 1617 1748 con-

953 1773 1121 1798 venerant:
1146 1767 1217 1797 vide
1235 1766 1274 1796 ad
1288 1766 1310 1797 i.
1328 1767 1400 1796 167.
1444 1766 1518 1795 Non
1538 1772 1616 1802 erat,

954 1826 1007 1847 cur
1023 1816 1172 1846 Heinsius
1193 1816 1348 1850 suaderet,
1365 1816 1459 1844 turbae
1475 1816 1618 1845 volucris-

953 1877 1027 1905 (με,-
1059 1875 1194 1905 namque
1222 1867 1254 1894 in
1281 1863 1373 1894 facile
1395 1868 1498 1904 potest
1518 1863 1617 1905 repeti

952 1913 1022 1944 ἀπὸ
1047 1915 1166 1949 κοινοῦ,
1182 1919 1213 1943 et
1238 1924 1293 1952 que
1315 1923 1397 1953 saepe
1418 1913 1508 1942 tertio
1525 1913 1617 1943 verbo

953 1962 1160 2002 subjungitur.
1207 1960 1257 1991 Sic
1283 1966 1314 1991 et
1339 1961 1538 1990 Burmannus
1563 1961 1616 2001 qui

953 2010 1052 2045 addit,
1080 2020 1168 2050 posse
1198 2009 1293 2040 etiam
1327 2009 1474 2050 conjungi
1503 2011 1617 2040 medius

955 2060 1053 2093 turba,
1068 2064 1100 2088 ut
1114 2058 1161 2088 II.
1174 2057 1249 2087 Ain.
1263 2057 1325 2087 xvi.
1338 2059 1390 2087 13.
1408 2058 1529 2087 Medius
1546 2058 1618 2087 Pol-

956 2108 1020 2136 luce
1035 2113 1062 2136 et
1081 2107 1201 2136 Castore
1217 2117 1322 2145 ponar.
1369 2105 1430 2135 Sed
1443 2105 1534 2140 illud,
1549 2106 1614 2147 opi-

955 2165 1021 2189 nor,
1041 2154 1164 2184 melius.

1001 2205 1073 2233 145.
1105 2203 1145 2232 Ut
1167 2204 1237 2232 satis
1253 2203 1404 2242 impulsas,
1421 2201 1496 2241 etc.]
1522 2202 1616 2243 Inge-

956 2251 1040 2282 niose
1064 2251 1200 2282 musicus
1222 2251 1406 2281 describitur
1429 2256 1618 2291 praetentans

957 2306 988 2329 et
1016 2300 1178 2341 experiens
1208 2299 1379 2330 tensionem
1414 2298 1613 2334 chordarum,

955 2355 1122 2389 antequam
1139 2354 1242 2379 canat.
1273 2348 1388 2379 Confer
1399 2359 1428 2378 v.
1442 2349 1516 2378 339.
1553 2347 1614 2377 Im-

952 2398 1062 2434 pellere
1080 2397 1187 2435 pollice
1208 2398 1331 2426 chordas
1352 2401 1398 2426 est
1420 2395 1516 2425 etiam
1532 2395 1616 2436 apud

953 2444 1123 2480 Tibullum,
1153 2445 1198 2474 Il.
1223 2455 1252 2475 v.
1283 2445 1320 2481 33
1357 2444 1481 2474 Pollicis
1508 2446 1613 2479 ictum,

954 2493 1160 2534 pulsationem
1190 2492 1317 2522 citharae
1345 2491 1424 2521 dixit
1453 2491 1616 2527 Horatius,

956 2541 1014 2571 [V.
1027 2541 1088 2571 Od.
1100 2540 1140 2571 vi.
1154 2541 1206 2570 36.
1242 2541 1339 2576 Μοάἱ,
1350 2539 1415 2570 soni
1431 2550 1507 2580 quos
1519 2540 1617 2570 edunt

956 2600 1109 2631 percussae
1125 2589 1259 2620 chordae.
1306 2589 1465 2628 Rumpere,
1477 2594 1512 2618 ut
1528 2588 1617 2618 Grae-

958 2638 1002 2668 cis
1017 2637 1161 2678 ρἡσειν.

1004 2687 1074 2717 148.
1100 2687 1144 2715 Ab
1164 2687 1246 2722 Jove,
1266 2686 1355 2716 Musa
1376 2685 1512 2726 parens.]
1543 2685 1616 2716 Jam
