1779 3130
238 165 323 208 120
626 161 676 204 Ρ.
710 161 924 205 OVIDII
957 162 1236 204 NASONIS

237 280 463 341 Ingenua
487 278 549 324 de
574 277 720 340 plebe
745 277 934 325 virum:
974 292 1066 324 neo
1092 292 1272 324 census
1298 276 1347 323 in
1372 276 1456 323 illo
1523 279 1622 323 670

236 355 515 403 Nobilitate
540 369 631 400 sua
654 354 837 415 major3
880 353 969 400 sed
993 353 1095 399 vita
1117 352 1346 415 fidesque

236 431 502 493 Inculpata
524 429 642 476 fuit:
683 429 897 491 gravidae
924 429 1009 491 qui
1035 429 1260 491 conjugis
1286 444 1430 476 aures

234 507 454 554 Vocibus
471 506 546 552 his
568 505 734 561 movit,
754 521 908 568 quum
919 506 1023 567 jam
1039 521 1193 568 prope
1210 512 1382 568 partus
1402 505 1623 561 adesset;

237 591 266 608 “
287 583 410 638 Quae
425 599 630 630 voveam
646 583 742 629 duo
760 589 888 638 sunt,
907 582 1110 629 minimo
1131 590 1185 629 ut
1202 583 1417 629 relevere
1433 582 1625 637 labore;

239 660 412 722 thue
432 675 618 705 marem
634 658 822 722 parias:
851 659 1102 705 onerosior
1118 659 1272 706 altera
1288 674 1391 705 sors
1413 665 1510 714 est3
1532 660 1628 704 675

239 736 305 784 Et
328 736 454 782 vires
481 735 678 782 fortuna
702 743 878 796 negat:
920 736 1053 798 quod
1078 736 1349 791 abominor,
1378 751 1495 797 ergo

239 812 390 860 Edita
413 812 538 859 sorte
563 819 647 859 tuo
672 812 819 859 fuerit
842 814 881 859 si
907 812 1090 859 femina
1115 820 1277 875 partu,

238 889 428 936 Invitus
456 889 663 946 mando3
706 889 883 952 pietas,
910 890 1139 952 ignosce3
1180 886 1434 935 necetur.’'

239 965 475 1012 Dixerat:
518 973 565 1013 et
590 966 805 1012 lacrimis
829 966 1021 1013 vultum
1044 967 1207 1012 lavare
1232 964 1462 1028 profusis,
1532 967 1626 1012 (379

237 1041 362 1088 Tam
389 1042 474 1105 qui
499 1042 786 1097 mandabat,
816 1058 968 1104 quam
997 1043 1076 1089 cui
1102 1042 1336 1088 mandata
1362 1041 1624 1088 dabantur.

241 1118 342 1166 Sed
367 1126 533 1165 tamen
559 1135 718 1181 usque
745 1135 891 1165 suum
914 1118 1053 1165 vanis
1080 1118 1353 1165 Telethusa
1376 1117 1605 1165 maritum

240 1194 488 1241 Sollicitat
519 1195 766 1258 p1·eeibUS‚
795 1211 857 1241 ne
883 1211 1024 1257 spem
1049 1194 1143 1240 sibi
1168 1201 1320 1257 ponat
1344 1194 1394 1240 in
1419 1202 1542 1240 arto.

241 1271 394 1317 Certa
418 1287 506 1317 sua
532 1278 608 1318 est
634 1270 790 1332 Ligdo
816 1271 1090 1318 sententia:
1125 1271 1334 1333 jamque
1359 1270 1561 1318 ferendo

242 1346 337 1393 Vix
364 1354 469 1394 erat
492 1347 575 1394 illa
600 1364 796 1409 gravem
823 1356 1015 1395 maturo
1040 1348 1260 1412 pondere
1283 1355 1534 1405 Ventrem3

240 1423 407 1477 Quum
428 1424 592 1471 medio
613 1425 771 1471 noctis
791 1426 969 1488 spatio,
988 1427 1080 1473 sub
1099 1426 1313 1487 imagine
1336 1425 1513 1482 somni,
1531 1429 1626 1473 685

239 1500 438 1548 Inachis
465 1509 579 1549 ante
605 1509 782 1558 torum,
810 1519 994 1567 pompa
1017 1503 1252 1550 comitata
1277 1519 1493 1559 suorum,

282 1624 355 1654 673.
376 1624 497 1654 Vocibus
510 1625 553 1654 his
565 1625 683 1665 morin]
704 1625 897 1656 Probitatem

238 1673 295 1703 viri
311 1674 421 1715 probat
436 1674 530 1703 etiam
546 1684 613 1714 seq.
630 1675 739 1704 oratio.
783 1676 833 1704 De
849 1685 898 1705 sa-

1010 1627 1083 1657 678.
1116 1626 1228 1661 Pietas,
1254 1625 1356 1656 officia
1386 1631 1528 1667 paterna,
1555 1637 1625 1667 quae

966 1675 1024 1706 hoc
1040 1675 1188 1705 mandato
1202 1674 1370 1705 laeduntur.

239 1722 302 1752 lute
336 1722 476 1763 conjugis
513 1728 559 1752 est
592 1722 754 1758 sollicitus,
784 1722 899 1753 invitus

239 1770 378 1806 mandat,
397 1771 483 1800 addit
500 1770 657 1801 lacrimas.
697 1772 797 1801 More!
813 1783 900 1802 aures

238 1821 366 1850 alterius
387 1827 418 1850 et
442 1821 477 1855 is,
498 1820 550 1861 qui
575 1830 645 1850 eum
671 1821 851 1862 alloquitur,
869 1827 900 1851 et

239 1880 297 1904 res,
318 1880 387 1910 quae
412 1875 570 1899 narratur:
597 1868 637 1899 iv.
653 1870 729 1899 271.
780 1870 898 1906 farere,

239 1917 373 1961 precari.
420 1918 535 1949 Labore
550 1919 686 1960 praetulit
702 1919 785 1950 idem
801 1920 899 1950 Hein-

240 1968 303 1998 sius
332 1977 369 1997 ex
400 1966 563 2002 Urbinate,
594 1967 691 2008 primo
723 1968 839 1998 Erfurt.
869 1974 900 1998 et

241 2021 373 2056 quatuor
395 2016 474 2051 aliis,
490 2027 543 2057 pro
559 2018 667 2052 dolore,
684 2017 782 2058 (quod
803 2023 848 2048 est
868 2018 900 2048 in

240 2064 350 2094 nostris
374 2063 511 2104 Regiis,)
534 2064 608 2105 quia
631 2065 717 2095 labor
740 2071 787 2096 est
808 2076 899 2107 puer-

238 2123 392 2154 perarum.
439 2114 545 2143 Altera
559 2125 630 2144 sors.
655 2115 782 2145 Safftius
798 2115 900 2151 vertit,

240 2165 289 2193 ein
304 2163 416 2192 andi-er
433 2162 518 2192 Fan.
564 2164 644 2198 Imo,
663 2174 755 2194 sexus
777 2163 898 2194 femini-

240 2222 299 2242 nus
314 2210 447 2251 intellig.
491 2211 541 2242 Sic
558 2222 617 2241 sors
632 2212 738 2247 etiam,
754 2212 799 2243 iii.
815 2213 897 2250 3293

240 2260 281 2290 vi.
297 2260 370 2290 580.
414 2260 461 2290 Ea
486 2271 550 2291 sors
573 2266 620 2291 est
643 2263 800 2297 onerosior,
825 2261 900 2302 quia

239 2314 359 2350 patrem
384 2319 444 2338 non
468 2309 616 2350 adjuvare
640 2315 741 2350 potest
763 2309 795 2340 in
814 2310 899 2340 victu

241 2357 419 2399 quaerendo.
461 2358 542 2387 Vires
558 2357 619 2388 dici
635 2369 689 2399 pro
704 2358 898 2400 patrimonio,

240 2407 360 2448 opibus,
376 2406 490 2437 docent
513 2406 697 2442 Gronovius,
716 2408 897 2438 Observatt.

241 2455 284 2485 iv.
300 2456 352 2485 29.
376 2460 406 2485 et
430 2455 630 2485 Burmannus
655 2454 696 2485 ad
720 2455 750 2486 h.
769 2456 792 2486 l.
838 2455 899 2487 Sed

242 2503 407 2534 duodecim
422 2503 504 2533 MSS
520 2504 649 2540 habent,
665 2510 779 2534 natura
797 2511 899 2545 negat,

243 2552 326 2593 quod
346 2552 454 2592 probat
472 2553 630 2583 Heinsius.
674 2553 822 2584 conditio
845 2564 897 2584 na-

242 2608 318 2632 turae
335 2600 495 2632 muliebris
511 2608 604 2642 negat
620 2602 709 2638 vires,
722 2613 783 2643 quo
798 2602 900 2634 minus

242 2659 368 2690 operam
380 2649 445 2680 filia
456 2660 569 2681 navare
581 2651 678 2691 possit
690 2652 780 2692 patri.
796 2651 900 2682 Etiam

245 2698 342 2729 Gron.
357 2698 436 2728 ObS.
453 2698 485 2729 ii.
503 2700 553 2730 12.
569 2700 702 2740 praefert,
718 2707 842 2730 natura.

1011 1725 1086 1755 679.
1123 1724 1241 1754 Lami-e
1270 1730 1353 1765 poet.
1381 1733 1448 1764 pm,
1480 1722 1626 1764 irrigare;

967 1773 1131 1814 Virgilius,
1157 1774 1232 1804 jEn.
1255 1773 1308 1802 xii.
1335 1773 1418 1809 1213
1449 1777 1480 1802 et
1509 1772 1625 1813 Georg.

966 1823 1010 1854 iii.
1026 1824 1104 1852 221.

1010 1871 1084 1901 681.
1108 1871 1163 1901 Sed
1189 1878 1283 1901 tamen
1308 1881 1398 1909 usque
1420 1881 1518 1904 suum,
1545 1870 1624 1910 etc.]

967 1919 1005 1949 In
1030 1919 1132 1950 animo
1151 1919 1296 1949 muliebri
1320 1918 1452 1949 affectus
1469 1924 1628 1948 maternus

966 1968 1128 2009 praevalet,
1152 1967 1235 2010 apud
1260 1967 1393 2008 Ligdum
1416 1967 1493 1997 dura
1516 1977 1624 1997 neces-

968 2018 1053 2048 sitas.
1099 2018 1180 2057 Spem
1200 2028 1308 2056 ponere
1326 2018 1354 2046 in
1376 2023 1453 2053 arto,
1469 2026 1556 2058 spem
1572 2026 1627 2046 an-

968 2067 1064 2107 gustis
1088 2067 1200 2097 finibus
1223 2066 1489 2102 circumscribere,
1503 2075 1628 2096 mascu-

968 2115 1031 2146 lam
1053 2121 1174 2146 tantum
1197 2115 1315 2156 prolem
1337 2124 1471 2156 sperare.
1516 2114 1579 2144 Sibi
1598 2120 1628 2145 et

967 2163 1006 2194 ad
1031 2163 1163 2205 Ligdum
1187 2170 1217 2193 et
1241 2163 1279 2193 ad
1298 2163 1501 2193 Telethusam
1523 2162 1628 2193 referri

966 2218 1078 2253 potest.
1125 2213 1226 2248 Certa,
1242 2211 1459 2242 immutabilis.

1010 2262 1084 2292 683.
1110 2262 1202 2292 Ferre
1218 2267 1347 2291 ventrem
1363 2260 1485 2302 proprie
1500 2260 1539 2291 de
1555 2271 1623 2302 gra-

967 2309 1060 2340 vidis.
1118 2310 1356 2351 Iit-atserendo,
1387 2314 1507 2350 poterat
1537 2309 1627 2345 ferre,

967 2364 1001 2388 ut
1019 2369 1078 2388 non
1093 2359 1230 2389 solvendo
1248 2369 1323 2388 esse:
1349 2358 1442 2388 etiam
1463 2357 1556 2393 infra,
1571 2369 1625 2389 κν.

968 2408 1044 2437 403.
1070 2409 1209 2448 onerique
1223 2408 1356 2449 ferendo
1383 2413 1434 2437 est.
1483 2407 1538 2436 Vis
1562 2414 1628 2437 erat

966 2456 1138 2497 profectum
1163 2463 1209 2487 est
1231 2467 1268 2486 ex
1286 2455 1409 2497 ingenio
1430 2455 1552 2485 Heinsii
1571 2456 1625 2496 qui

965 2504 1010 2535 ita
1022 2504 1143 2546 scripsit
1154 2516 1209 2546 pro
1219 2505 1305 2545 vulg.
1320 2510 1445 2540 rexerat,
1459 2503 1541 2544 quod
1551 2514 1627 2536 sane

967 2552 1037 2583 ferri
1059 2553 1181 2595 nequit.
1227 2553 1310 2583 Nam
1328 2553 1384 2583 etsi
1406 2553 1508 2583 vehere
1530 2552 1625 2583 inter-

967 2602 1041 2632 dum
1053 2613 1107 2643 pro
1119 2609 1239 2644 portare
1250 2602 1377 2638 dieitur,
1387 2601 1626 2642 tamenferendo

968 2652 1070 2682 vehere
1086 2651 1211 2687 nemini,
1227 2651 1345 2693 opinor,
1360 2650 1508 2693 placebit.

1011 2700 1085 2731 686.
1116 2699 1233 2731 Inachis
1255 2706 1325 2730 ante
1348 2706 1457 2733 torum.
1477 2699 1541 2740 etc]
1572 2699 1623 2730 Sic
