1779 3130
239 188 322 228 :386

618 188 666 227 P.
701 185 910 226 OVIDH
947 185 1223 227 NASONIS

245 301 383 346 Mille
411 300 528 362 lupi,
557 300 826 362 mixtaeque
852 299 980 363 lupis
1007 315 1250 362 ursaeque,
1277 300 1467 362 leaeque
1526 304 1622 347 255

244 378 470 422 Occursu
496 373 655 421 fecere
682 383 870 421 metum
894 392 903 422 :
945 376 1031 422 sed
1057 376 1191 422 nulla
1215 375 1449 432 timenda,

243 451 494 513 Nullaque
518 459 621 498 erat
647 459 812 498 nostro
837 451 1026 498 factura
1052 453 1100 498 in
1126 468 1329 514 corpore
1353 453 1545 499 vulnus.

240 527 372 580 Quin
398 528 547 574 etiam
574 528 780 574 blandas
807 543 1001 575 movere
1028 544 1114 591 per
1140 544 1253 575 aera
1278 529 1478 581 caudas,

241 603 525 665 Nostraque
547 604 805 650 adulantes
822 605 1061 651 comitant
1076 604 1311 665 vestigia3
1341 605 1499 651 donec
1525 607 1620 650 259

241 679 515 742 Excipiunt
539 679 751 736 famuIae‚
781 697 968 743 perque
994 681 1117 727 atria
1143 696 1382 727 marmore
1405 687 1538 726 tecta

239 756 317 801 Ad
343 756 594 802 dominam
617 757 833 804 ducunt:
859 757 1064 819 pulchro
1091 757 1233 803 sedet
1257 755 1341 802 illa
1365 771 1580 810 recessu,

239 831 476 878 Sublimis
503 832 640 886 solio,
668 833 953 894 pallamque
979 832 1151 878 induta
1175 831 1432 878 nitentem.

237 908 448 970 Insuper
473 915 643 954 aurato
669 909 1046 954 circumvelatur
1071 908 1255 955 amictu
1278 925 1287 955 :

237 983 478 1031 Nereides
508 983 859 1046 Nymphaeque
887 984 1050 1039 simul,
1078 1000 1189 1046 quae
1214 984 1395 1030 vellera
1418 984 1563 1030 motis

235 1059 386 1106 Nulla
401 1060 602 1106 trahunt
612 1059 797 1121 digitis,
816 1076 906 1107 nec
923 1060 1006 1107 fila
1021 1060 1281 1122 sequentia
1297 1060 1500 1114 ducunt,
1519 1062 1615 1108 265

237 1136 476 1182 Gramina
503 1136 788 1199 disponunt,
818 1152 1117 1199 sparsosque
1146 1137 1250 1182 sine
1278 1136 1448 1183 ordine
1472 1136 1617 1183 flores

236 1212 515 1258 Secernunt
539 1212 764 1266 calathis,
792 1212 1052 1275 variasque
1077 1213 1322 1259 coloribus
1349 1212 1543 1258 herbas.

235 1288 367 1351 Ipsa,
389 1288 521 1350 quod
542 1288 618 1334 hae
634 1287 834 1342 faciunt,
853 1305 977 1351 opus
996 1288 1178 1350 exigit:
1205 1289 1314 1351 ipsa
1333 1288 1444 1350 quis
1465 1305 1583 1335 usus

273 1437 347 1466 255.
373 1435 460 1465 Mille
477 1436 552 1474 lupi,
567 1434 643 1474 etc.]
672 1433 841 1464 Homerum
857 1434 888 1464 in

230 1484 277 1514 his
301 1484 414 1513 Noster
439 1482 527 1523 sequi
553 1482 673 1517 maluit,
697 1492 790 1523 quam
817 1482 888 1512 Vir-

229 1534 358 1574 gilium.-
383 1532 466 1574 apud
493 1532 581 1562 illum
607 1532 775 1562 humanam
800 1543 887 1562 man-

229 1581 425 1613 suetudinem
462 1582 533 1611 ferae
579 1580 746 1611 induerant
781 1582 889 1612 Circes

229 1630 342 1666 herbis,
359 1630 440 1672 apud
456 1630 537 1660 hunc
554 1640 591 1660 ex
609 1630 784 1660 hominibus
798 1630 888 1661 factae

229 1686 316 1710 erant
329 1679 398 1710 ferae
411 1691 418 1716 ;
432 1679 561 1708 Homer.
574 1677 635 1708 Od.
651 1682 690 1709 K.
701 1679 774 1708 212.
792 1678 888 1720 Ἀμφὶ

228 1727 259 1758 δέ
270 1740 325 1769 μιν
338 1727 431 1758 λύκοι
444 1727 531 1764 ἦσαν
544 1725 711 1767 ὀρέστεροι,
728 1726 781 1765 ἠδὲ
798 1726 886 1758 λέον-

229 1775 400 1814 τες-Οὐδ’
423 1775 453 1806 οἳ
474 1775 503 1817 γ’
531 1775 731 1816 ὡρμήθησαν
754 1776 804 1806 ἐπ’
829 1776 887 1806 ἀν·

226 1825 350 1867 δράσιν,
368 1824 441 1854 ἀλλ’
456 1825 521 1864 ἄρα
541 1824 629 1865 τοίγε
649 1824 788 1865 Οὐρῇσιν
806 1836 887 1865 μακ-

226 1875 299 1916 ρῇσι
317 1873 579 1914 περισσαίνοντες
593 1872 751 1904 ἀνέσταν.
791 1873 886 1904 Blan-

227 1926 290 1957 dus,
317 1922 443 1952 blande.
492 1922 643 1951 Comitant
669 1923 804 1963 vestigia,
832 1933 886 1964 per

225 1971 450 2008 archaismum3
475 1972 578 2000 comita
601 1970 683 2000 enim
708 1981 768 2000 non
790 1971 833 2001 ita
853 1972 884 2001 in

227 2031 284 2050 usu
306 2018 512 2060 frequentiore
534 2025 593 2051 est,
612 2026 645 2048 ut
664 2021 804 2049 comitor.-
825 2020 883 2050 hoc

225 2074 329 2098 tamen
348 2067 476 2097 verbum
499 2067 629 2097 formam
653 2067 787 2097 activam
811 2068 883 2098 alibi

225 2117 406 2158 usurpavit;
443 2115 549 2146 confer
576 2125 669 2156 supra
705 2116 770 2146 viii.
800 2117 884 2154 692;

225 2165 291 2196 xiii.
316 2167 369 2195 55.
398 2172 428 2195 et
451 2164 544 2194 alibi:
571 2165 749 2205 Propertius
771 2165 881 2200 etiam,

223 2215 269 2244 II.
288 2214 327 2244 vi.
343 2216 390 2244 15.
409 2214 494 2247 Quod
509 2215 533 2243 si
550 2225 617 2243 zera
634 2225 698 2244 merc
711 2216 884 2244 comitarent

222 2268 319 2292 castra
348 2263 465 2301 puellae,
494 2262 563 2291 Nan
588 2263 659 2292 mihi
683 2268 729 2292 sat
756 2274 883 2304 magnus

226 2312 355 2340 Castoris
374 2312 431 2340 iret
452 2321 554 2350 equus.
600 2310 789 2351 Defamulis
805 2314 882 2342 exci-

220 2360 369 2397 pientibus
384 2358 461 2388 nihil
478 2359 642 2389 Homerus.

266 2409 342 2438 261.
368 2407 502 2437 Pulchro
513 2409 590 2438 sedet
602 2409 655 2437 illa
671 2419 792 2443 recessu,
802 2408 879 2448 etc.]

225 2457 345 2486 Domus
362 2456 469 2486 Circes
485 2455 516 2486 in
534 2456 676 2486 convalle
691 2467 708 2487 e
725 2456 883 2497 lapidibus

225 2505 328 2546 politis
367 2510 523 2540 extructa,
554 2505 669 2536 foribus
707 2504 883 2546 splendidis

223 2559 343 2589 ornata,
369 2553 563 2594 supellectile
589 2553 809 2594 pretiosissima
833 2554 880 2584 in-

222 2606 357 2639 structa;
372 2601 567 2633 Homer.Od.
580 2607 621 2633 K.
633 2603 706 2632 211.
717 2604 881 2640 311.348;

224 2650 294 2679 hinc
312 2652 433 2688 superba
447 2657 524 2681 tecta
539 2651 620 2691 apud
631 2651 808 2692 Virgilium,
823 2651 878 2681 vii.

225 2699 273 2729 12.
320 2699 367 2728 De
397 2710 508 2730 weessn.
538 2699 654 2730 dictum
685 2699 723 2729 ad
754 2700 774 2729 i.
809 2700 879 2730 177.

958 1435 1098 1465 Sublimis
1112 1436 1191 1465 solio.
1236 1435 1287 1465 De
1304 1435 1373 1465 solio
1391 1434 1446 1464 illo
1461 1434 1532 1465 vide
1550 1436 1615 1466 Ho-

957 1494 1087 1519 merum,
1112 1494 1174 1514 ver.
1199 1484 1274 1513 311.
1324 1484 1440 1518 Nitens,
1469 1484 1614 1521 candida,

956 1532 1118 1574 ἀργύφεον
1138 1534 1235 1574 φᾶρος
1258 1533 1384 1562 Homer.
1409 1534 1487 1563 543:
1512 1532 1615 1564 cincta

957 1587 1022 1611 erat
1045 1592 1121 1611 zona
1144 1591 1237 1611 aurea
1257 1587 1287 1610 et
1310 1580 1341 1610 in
1365 1581 1467 1622 capite
1490 1582 1617 1621 gerebat

957 1630 1146 1664 flammeum,
1163 1628 1370 1669 καλύπτρην.
1398 1629 1458 1658 Pro
1471 1629 1517 1660 his
1532 1631 1614 1661 Nos·

957 1684 1002 1707 ter
1027 1688 1094 1708 eam
1122 1679 1317 1708 circumvelat
1338 1679 1462 1713 amictu,
1486 1684 1522 1708 ut
1544 1680 1613 1720 Hy-

956 1736 1111 1756 menaeum
1123 1727 1173 1756 x.i
1189 1739 1194 1755 :
1220 1728 1346 1756 anzirtus
1361 1726 1443 1756 enim
1460 1737 1560 1768 neque
1575 1728 1614 1759 de

957 1785 1042 1810 zona,
1053 1784 1154 1816 neque
1165 1774 1202 1805 de
1219 1775 1359 1816 calyptra
1371 1775 1503 1817 intellig.
1515 1787 1613 1818 quan-

955 1833 1049 1865 quam
1065 1823 1109 1852 ita
1124 1823 1268 1865 Lenzius.

997 1872 1072 1902 264.
1100 1872 1245 1902 Nereides
1264 1871 1490 1913 Nymphaque-J
1517 1874 1614 1916 Apud

954 1921 1081 1950 Homer.
1106 1919 1170 1950 Od.
1188 1924 1228 1951 K.
1244 1921 1319 1950 221.
1339 1921 1413 1951 254.
1431 1929 1611 1954 cantantem

951 1968 1064 1999 Circen
1088 1967 1245 2009 reperiunt
1265 1973 1295 1998 et
1312 1968 1408 1998 telam
1423 1974 1579 2001 texentem
1597 1984 1605 2009 ;

950 2017 994 2048 sic
1007 2023 1038 2048 et
1048 2017 1130 2058 apud
1140 2017 1319 2057 Virgilium.
1344 2017 1433 2048 Idem
1446 2019 1611 2056 Homerus,

951 2068 1024 2098 347.
1045 2067 1091 2097 illi
1113 2066 1167 2097 dat
1187 2067 1343 2097 ministras
1363 2073 1506 2108 quatuor,
1527 2070 1609 2101 Fon-

952 2115 1039 2152 tium‚
1069 2115 1247 2146 Fluminum
1277 2121 1307 2145 et
1337 2116 1490 2147 Silvarum
1519 2118 1609 2149 filias.

952 2164 1088 2205 Negotia
1120 2174 1225 2194 earum
1258 2165 1392 2195 Ovidius
1428 2166 1472 2197 sic
1508 2167 1608 2204 finxit,

952 2214 1027 2254 quia
1057 2213 1147 2243 Circe
1171 2213 1322 2244 venefica.
1370 2214 1609 2247 Trahunt—du-

949 2268 1034 2292 cunt.
1079 2261 1226 2291 Heinsius
1242 2261 1330 2292 malit
1346 2263 1469 2293 trahant
1483 2265 1609 2296 ducant.

951 2309 1116 2340 Secermmt
1136 2316 1270 2340 secretos
1292 2316 1443 2352 reponunt
1469 2311 1500 2342 in
1525 2313 1608 2343 cala-

951 2359 1023 2389 this.

993 2407 1066 2437 268.
1092 2407 1159 2446 Ipsa
1175 2410 1250 2447 quod
1270 2407 1481 2449 haefaciunt.]
1501 2409 1605 2441 Thua·

951 2465 1027 2485 neus
1040 2462 1070 2485 et
1086 2455 1164 2486 alter
1177 2455 1489 2497 Twisdeniifuciant.
1524 2459 1607 2498 Opus

950 2506 1052 2545 erigit,
1069 2504 1122 2545 qui
1143 2515 1247 2534 curam
1267 2505 1367 2545 operis
1390 2505 1494 2541 habet,
1508 2506 1604 2548 idque

949 2558 980 2582 et
994 2553 1085 2593 jubet
1105 2559 1135 2583 et
1155 2553 1330 2590 examinat3
1354 2553 1547 2585 Schwarzius
1565 2556 1605 2586 ad

950 2600 1032 2630 Plin.
1052 2611 1163 2643 paneg.
1179 2601 1246 2631 xix.
1262 2603 1294 2631 3.
1343 2602 1463 2636 Pensas,
1486 2603 1604 2644 ponde-

948 2657 1051 2687 ratas3
1088 2659 1187 2690 neque
1221 2650 1302 2680 enim
1339 2650 1517 2691 pharmaca,
1546 2651 1604 2681 nisi

946 2698 1165 2739 ponderentur,
1182 2704 1264 2728 recte
1283 2699 1425 2740 componi
1440 2705 1579 2740 possunt.
