1779 3130
257 174 340 215 174

643 173 693 213 Ρ.
728 172 941 214 OVIDII
975 173 1254 214 NASONIS

261 288 452 334 Litora:
493 302 590 332 non
615 286 714 332 alto
741 286 920 349 repetit
939 286 1149 350 Paphon
1170 303 1368 350 aequore
1387 288 1616 344 cinctam,

257 363 616 424 piscosamque
643 361 859 418 Gnidon,
878 363 1188 424 gravidamve
1206 363 1513 411 Amathunta
1536 381 1637 412 me-

255 438 490 485 Abstinet
514 444 564 484 et
587 437 739 485 coelo:
769 439 893 485 coelo
919 438 1175 502 praefertur
1201 439 1418 488 Adonis:

1493 441 1634 502 [talli.

258 514 403 562 Hunc
428 521 591 571 tenet3
632 515 745 561 huic
778 531 945 563 comes
978 524 1081 573 est3
1122 524 1421 580 assuetaque
1443 533 1639 580 semper

451 591 501 637 in
526 591 701 637 umbra

255 667 519 729 Indulgere
544 667 654 722 sibi,
681 667 989 730 formamque
1015 684 1196 730 augere
1222 669 1446 724 colendo,

252 743 351 791 Per
368 745 506 806 juga,
535 759 621 807 per
646 743 810 799 silvas,
831 745 1140 807 dumosaque
1160 760 1283 791 saxa
1296 752 1502 806 vagatur
1538 748 1632 793 535

253 820 403 867 Nuda
427 836 574 882 genu,
597 826 787 867 vestem
812 820 908 867 ritu
934 821 1189 868 succincta
1211 820 1414 877 Dianae3

251 895 589 959 Hortaturque
613 911 791 953 canes;
832 904 1054 960 tutaeque
1079 897 1311 944 animalia
1334 897 1531 960 praedae,

248 973 352 1019 Aut
377 988 556 1036 pronos
582 973 793 1035 lepores,
812 979 897 1020 aut
921 974 1110 1021 celsum
1136 974 1186 1020 in
1205 989 1390 1021 cornua
1414 989 1629 1029 cervum,

249 1049 351 1096 Aut
375 1050 530 1112 agitat
553 1049 724 1097 damas
744 1066 752 1096 :
795 1066 823 1097 a
847 1049 1054 1097 fortibus
1081 1050 1302 1098 abstinet
1326 1050 1482 1114 apris;

247 1204 279 1224 se
296 1193 494 1230 transferunt,
509 1204 645 1233 spernere
661 1194 788 1235 (Horat.
801 1195 827 1225 I.
841 1195 902 1226 Od.

249 1254 321 1273 XXX.
346 1242 396 1282 2.)
425 1253 484 1273 non
507 1253 630 1278 curare,
656 1244 825 1284 relinquere
848 1243 903 1274 illa

249 1292 327 1323 loca.
373 1291 488 1322 Veneri
510 1301 598 1322 sacra
620 1292 765 1332 Cythera,
782 1303 846 1324 una
864 1303 902 1324 ex

248 1339 451 1382 Cycladibus.
507 1340 625 1379 Paphos
651 1351 765 1380 (equore
792 1343 903 1378 cincta,

246 1399 341 1430 quam
367 1387 481 1429 Πάφον
511 1387 701 1430 τεριρῤὑταν
727 1389 807 1420 dixit
828 1390 902 1421 Alc-

245 1448 320 1469 man
346 1437 378 1468 in
401 1438 443 1468 H.
466 1437 617 1479 Stephani
642 1438 747 1479 Lyric.
770 1450 803 1481 p.
831 1441 905 1472 628.

246 1487 368 1518 Gnidus
386 1487 460 1517 urbs
482 1485 620 1523 Doridis,
641 1492 672 1517 et
687 1488 844 1524 Amathus,
866 1488 903 1520 de

246 1535 335 1577 cujus
356 1534 592 1566 metallifodinis
608 1534 678 1565 vide
695 1535 735 1566 ad
750 1546 814 1567 ver.
829 1538 902 1568 220.

246 1583 413 1614 Gravidam
439 1584 553 1613 metalli
580 1594 634 1625 pro
657 1586 817 1625 gravidam
846 1596 903 1616 me—

247 1633 328 1662 tallis
354 1643 391 1662 ex
407 1631 584 1663 Genevensi
609 1631 726 1673 recepit
744 1633 903 1671 Heinsius,

245 1681 320 1723 quia
336 1682 419 1722 apud
435 1680 556 1717 Silium,
572 1681 651 1712 libro
666 1681 698 1712 ii.
716 1682 816 1713 Mellz's
839 1694 905 1722 apes

241 1734 384 1773 gravidae.
423 1731 499 1761 Mox
515 1730 650 1761 suaviter
666 1730 817 1768 additum,
834 1734 904 1763 coelo

241 1781 405 1821 prtrjertur
442 1780 579 1816 Adonis3
616 1780 744 1811 Heroid.
779 1780 820 1812 iv.
850 1783 902 1813 36.

246 1830 444 1870 Hippolytum
473 1830 576 1859 videar
598 1831 794 1868 prepositura
822 1830 900 1862 Jovz'.

247 1878 347 1914 Tenet,
363 1887 424 1908 non
440 1876 569 1907 dimittit
585 1887 602 1907 a
617 1888 661 1908 se.

285 1927 360 1957 533.
375 1927 556 1965 Assuetaque
574 1937 684 1966 semper
707 1928 739 1956 in
762 1929 896 1968 umbra]

241 1975 313 2006 Alio
337 1974 431 2005 etiam
455 1973 557 2005 studio
580 1975 722 2006 trahitur.
768 1976 818 2007 De
842 1977 897 2008 tali

240 2023 389 2065 obsequio
404 2023 474 2053 vide
490 2023 530 2054 ad
547 2034 611 2054 ver.
627 2025 683 2054 171
702 2037 709 2062 ;
735 2025 815 2056 adde
831 2026 896 2057 He-

242 2073 319 2103 roid.
344 2072 386 2103 iv.
414 2073 453 2102 37
483 2083 571 2113 sqq-3
604 2072 774 2109 Tibullum,
798 2074 840 2105 iv.
866 2077 896 2106 3.

241 2122 326 2152 Olim
354 2121 439 2151 molli
465 2120 536 2151 vitae
562 2128 678 2152 assueta
707 2130 785 2158 erat,
814 2134 896 2154 nunc

239 2171 351 2201 durum
366 2177 513 2201 venatum
538 2176 633 2201 amat.
680 2171 826 2203 Mollium
842 2173 895 2204 ho—

239 2221 357 2251 minum
395 2226 451 2256 est,
482 2221 639 2262 indulgere
674 2222 738 2257 sihi,
768 2222 896 2263 obsequi

239 2269 402 2311 cupiditati
417 2280 492 2304 suae,
508 2275 670 2311 totumque
687 2280 751 2301 esse
767 2271 798 2300 in
809 2272 895 2302 cultu

239 2318 382 2360 corporis.
437 2318 600 2355 Quomodo
629 2320 737 2350 Venus
766 2319 895 2350 colendo

238 2368 365 2397 formam
390 2372 513 2407 augeat,
531 2365 665 2397 suaviter
688 2367 779 2397 docet
800 2368 894 2398 Clau-

237 2416 359 2451 dianus,
375 2417 474 2456 Nupt.
487 2416 602 2445 Honor.
618 2416 658 2446 99
675 2426 743 2456 sqq.
780 2416 890 2452 Colere,

235 2474 355 2500 ornare,
379 2469 414 2494 ut
438 2463 506 2493 Art.
529 2464 636 2494 Amat.
658 2463 702 2493 iii.
722 2465 796 2494 225.
821 2467 892 2495 dum

236 2515 359 2549 ‹·aleris;
385 2512 511 2543 Curtius
529 2512 622 2542 VIII.
638 2512 680 2542 ix.
695 2513 749 2542 21.
767 2514 891 2543 lacertos

236 2572 311 2590 auro
331 2562 447 2591 colunt.
493 2562 622 2603 fingere,
639 2560 889 2602 conspiciendam

236 2609 345 2650 magis,
383 2609 588 2651 pulchriorem
627 2609 765 2645 reddere,
798 2616 833 2641 ut
860 2604 888 2640 i.

235 2658 310 2689 530.

278 2707 350 2738 535.
377 2706 505 2736 Dumosa
530 2707 629 2746 saun]
658 2707 742 2741 Tre&
767 2709 888 2737 clirosa-

970 1206 1024 1235 que
1044 1206 1133 1231 sa1a5
1157 1204 1238 1225 unus
1264 1195 1427 1234 clivosaque
1448 1205 1536 1224 rura.
1574 1194 1633 1224 Su-

970 1254 1026 1286 pra
1040 1243 1080 1274 iv.
1097 1245 1169 1274 777.
1192 1243 1388 1285 exquisitius,
1403 1244 1485 1274 silvis
1508 1244 1629 1273 horren-

971 1295 1014 1323 tia
1030 1293 1259 1334 saa-afragosis:
1275 1292 1356 1323 conf.
1371 1291 1502 1328 Plinius,
1517 1301 1631 1333 paneg.

971 1342 1023 1372 81.
1052 1342 1105 1372 ubi
1142 1341 1283 1371 similiter
1319 1340 1467 1371 molestiae
1499 1346 1630 1371 venatus

971 1390 1199 1421 describuntur.
1245 1390 1345 1420 Nudae
1365 1401 1447 1431 genu
1470 1395 1559 1420 erant
1573 1399 1628 1419 ve-

972 1438 1117 1470 natrices.
1158 1438 1219 1468 Sed
1243 1448 1261 1468 e
1289 1438 1431 1479 Virgilio,
1453 1437 1581 1468 AEneid.
1605 1437 1628 1468 i.

972 1488 1046 1517 319.
1076 1486 1133 1518 hoc
1161 1486 1344 1517 translatum
1373 1487 1404 1516 in
1433 1486 1466 1517 h.
1491 1486 1512 1517 l.
1541 1491 1631 1528 putat

971 1535 1130 1566 Heinsius.
1178 1536 1245 1565 Imo
1260 1534 1457 1566 verisimilius
1478 1540 1525 1566 est
1547 1535 1627 1567 Nos-

971 1590 1052 1615 trum
1076 1584 1261 1626 expressisse
1284 1584 1373 1615 illum
1396 1585 1510 1615 locum.
1532 1585 1628 1616 MSS.

971 1639 1075 1664 tamen
1110 1633 1160 1663 hic
1191 1632 1282 1664 valde
1312 1632 1441 1669 variant,
1470 1638 1501 1664 et
1530 1643 1626 1674 quum

969 1682 1073 1723 plures
1089 1682 1225 1712 habeant
1242 1682 1317 1712 Fine
1329 1693 1420 1723 genu,
1435 1681 1522 1712 Fune
1536 1693 1627 1723 genu,

971 1731 1052 1761 Peme
1080 1743 1160 1772 genu
1186 1730 1323 1771 (Regius
1350 1737 1452 1762 noster
1478 1732 1506 1761 B
1533 1731 1627 1761 habet

968 1779 1045 1810 Fine
1054 1780 1165 1821 geum)
1176 1779 1324 1810 Heinsius
1340 1779 1537 1810 scribendum
1553 1789 1625 1810 een-

966 1835 1025 1864 set‚
1044 1829 1120 1859 Fine
1140 1839 1245 1870 genus,
1261 1835 1295 1858 ut
1307 1839 1403 1869 genus
1418 1828 1456 1859 sit
1471 1827 1627 1859 secundus

965 1888 1054 1908 casus
1070 1878 1118 1908 vel
1137 1888 1155 1908 a
1167 1890 1223 1919 gen
1230 1889 1259 1913 u,
1270 1877 1319 1907 vel
1333 1878 1371 1907 ab
1385 1878 1514 1918 antiqua
1529 1877 1626 1907 forma
1655 1901 1662 1903 μ

962 1937 1069 1967 genus,
1085 1926 1167 1966 quod
1189 1932 1354 1966 utrumque
1377 1925 1528 1967 exemplis
1546 1926 1623 1956 alla-

965 1975 1004 2005 tis
1016 1975 1205 2016 comprobat.
1245 1975 1320 2004 Fine
1335 1980 1437 2006 autem
1450 1986 1546 2016 genus
1560 1975 1623 2006 sive

961 2035 1093 2065 genuum
1117 2023 1235 2054 dictum
1259 2034 1337 2058 esse,
1357 2029 1389 2054 ut
1410 2023 1492 2064 apud
1509 2023 1622 2054 Avien-

964 2072 996 2102 in
1012 2072 1174 2112 Arat.fi11e
1190 2083 1294 2102 manus
1309 2084 1317 2106 ;
1335 2072 1418 2113 apud
1436 2072 1620 2103 Nemesian.

965 2122 1084 2162 Cyneg.
1111 2128 1257 2151 castarum
1287 2123 1339 2151 sub
1356 2122 1446 2161 υΙίνιιις
1472 2121 1621 2152 Claudia-

964 2180 1038 2200 num
1065 2169 1193 2210 Gigant.
1219 2171 1272 2200 79.
1297 2171 1442 2205 semorum
1457 2170 1537 2209 fine,
1559 2176 1622 2201 etc.

965 2219 1119 2249 Hortatur
1132 2230 1217 2249 canes
1228 2218 1298 2249 vide
1315 2219 1355 2249 ad
1370 2219 1414 2248 iii.
1429 2220 1503 2249 242.
1537 2220 1620 2249 Prae-

963 2270 1012 2304 da,
1039 2268 1102 2298 fera
1122 2274 1226 2309 capta,
1248 2274 1282 2298 ut
1306 2268 1348 2298 iii.
1370 2269 1445 2299 225.
1470 2267 1521 2298 ubi
1547 2267 1618 2299 vide

964 2323 1088 2347 notam:
1126 2318 1271 2347 animalia
1303 2324 1373 2347 tuta>
1399 2319 1517 2357 praeda‘,
1548 2328 1617 2358 quae

964 2372 1038 2401 tuto,
1052 2366 1118 2396 sine
1130 2365 1280 2406 periculo,
1293 2366 1468 2407 capiuntur.
1494 2366 1616 2402 Pronus,

962 2414 1095 2449 veloces,
1112 2414 1264 2455 pernices.
1287 2415 1389 2444 Etiam
1401 2414 1616 2445 Remed.201.

957 2474 1083 2501 pronum
1107 2464 1229 2502 leporem
1243 2475 1253 2500 ‚·
1279 2464 1425 2494 Horatius
1440 2464 1512 2493 Art.
1529 2464 1617 2495 Poet.

963 2512 1030 2542 160.
1055 2514 1141 2551 proni
1163 2515 1249 2547 αηιιὶ,
1277 2518 1308 2542 et
1332 2513 1393 2543 IV.
1413 2512 1477 2543 Od.
1496 2512 1537 2542 vi.
1558 2513 1613 2543 39.

955 2564 1042 2600 proni
1061 2572 1179 2596 menses,
1197 2560 1337 2591 celeriter
1351 2561 1613 2602 praeterlabentes.

957 2610 1145 2651 Metapliora
1167 2609 1265 2651 petita
1292 2620 1311 2640 a
1335 2610 1437 2651 pronis
1459 2610 1541 2645 rivis,
1558 2610 1611 2651 qui

956 2658 1064 2700 rapido
1079 2670 1170 2689 cursu
1187 2658 1335 2689 feruntur.
1369 2659 1485 2689 Celsum
1501 2660 1532 2688 in
1547 2670 1609 2689 cor-

958 2719 1017 2738 nua
1039 2708 1222 2748 elegantius,
1239 2718 1330 2748 quam
1351 2710 1432 2738 celsis
1451 2709 1610 2743 cornibus,-
