1779 3130
238 176 324 216 342
631 173 679 212 P.
720 171 932 212 OVIDII
967 171 1247 213 NASONIS

240 287 605 350 Exspoliatque
630 301 783 347 genas
810 285 983 339 oculis,
1011 285 1130 332 facit
1154 286 1225 332 ira
1250 285 1525 339 valente1n;

239 363 596 424 Immergitque
622 378 814 416 manus,
841 361 1128 424 foedataque
1154 362 1394 422 sanguine
1421 361 1547 408 sonti

237 440 351 486 Non
371 440 554 493 lumen,
567 454 732 500 neque
754 439 886 485 enim
904 445 1147 501 superest,
1166 438 1275 483 loca
1290 437 1489 484 luminis
1506 438 1625 484 hau-

237 516 395 562 Clade
421 516 496 562 sui
522 514 769 561 Thracum
791 531 912 576 gens
938 515 1125 561 irritata
1145 514 1342 577 tyranni
1525 514 1624 574 [rit.

235 592 431 639 Troada
454 592 666 638 telorum
684 591 1009 653 lapidumque
1029 591 1278 637 incessere
1297 591 1437 652 jactu
1530 593 1625 636 566

236 667 429 731 Coepit:
459 675 510 714 at
530 667 635 714 haec
651 667 859 714 missum
880 684 1026 715 rauco
1046 683 1160 714 cum
1176 683 1425 713 murmure
1447 682 1625 713 saxum

236 743 489 791 Morsibus
516 743 823 806 insequitur;
864 744 1092 806 rictuque
1117 744 1166 790 in
1192 743 1343 790 verba
1366 749 1537 806 parato

237 820 469 876 Latravit,
489 828 668 868 conata
685 822 821 883 loqui
840 838 849 868 :
879 822 1017 868 locus
1042 827 1197 875 extat,
1217 826 1268 867 et
1287 836 1350 867 ex
1369 835 1421 865 re
1477 820 1624 880 [rum,

238 896 434 943 Nomen
468 897 647 953 habet;
685 904 1012 959 veterumque
1038 897 1122 943 diu
1150 912 1336 942 memor
1364 895 1448 942 illa
1475 895 1626 941 malo-

234 972 363 1018 Tum
389 988 591 1035 quoque
620 973 874 1019 Sithonios
899 973 1103 1019 ululavit
1128 980 1306 1019 moesta
1330 988 1417 1035 per
1439 987 1599 1033 agros.

235 1047 376 1096 Illius
401 1048 658 1111 Troasque
684 1065 816 1105 suos,
844 1049 1116 1111 hostesque
1146 1049 1401 1110 Pelasgos,

238 1244 411 1283 Eizspolz'are
439 1244 566 1274 verbum
603 1244 732 1284 probum
757 1250 788 1274 et
814 1243 893 1273 anti-

235 1303 344 1333 quum,
362 1291 445 1333 quod
469 1291 552 1333 apud
573 1291 643 1322 Cic.
660 1291 787 1323 Sallust.
804 1291 895 1322 alios-

235 1351 296 1381 que
335 1346 477 1371 auctores
506 1340 645 1382 egregios
682 1340 815 1381 legitur3
848 1346 896 1371 cst

237 1394 344 1419 autem
373 1389 404 1419 h.
425 1389 446 1419 l.
476 1388 661 1430 simpliciter
697 1390 830 1431 privare,
862 1395 896 1420 ut

234 1439 360 1476 spoliare
389 1439 490 1468 lucum
511 1449 604 1473 ramo,
634 1438 720 1468 Fast.
747 1437 788 1468 iv.
811 1439 896 1477 7533

235 1487 360 1525 spoliare
395 1488 495 1516 anima
525 1485 661 1527 aliquem
692 1486 793 1522 Ibide,
823 1487 896 1518 623.

234 1535 318 1576 apud
342 1534 482 1576 Euripid.
497 1545 560 1565 ver.
580 1535 672 1565 1170.
688 1535 794 1565 fibulis
819 1535 895 1566 effo-

236 1583 326 1615 diunt
348 1584 507 1614 oculorum
532 1584 676 1626 pupulas.
714 1583 896 1615 Lectionem

235 1634 432 1672 e1sp0liatqne
455 1643 549 1674 genas
575 1634 667 1663 oculis
690 1631 778 1663 dedit
799 1631 895 1663 Hein-

235 1682 312 1717 sius,
330 1681 403 1723 quia
419 1682 463 1712 ita
478 1681 591 1722 legitur
607 1681 638 1712 in
651 1682 753 1713 Jureti
768 1692 895 1724 excerp—

236 1730 286 1766 tis,
303 1736 333 1761 et
349 1741 401 1772 pro
416 1730 539 1761 diversa
554 1731 687 1761 lectione
707 1732 737 1761 in
757 1731 896 1761 Aronde-

236 1779 332 1809 liano.
368 1779 477 1810 Codex
499 1779 619 1820 Regius
645 1779 684 1809 A.
701 1779 795 1810 habet
819 1782 897 1818 erpi-

238 1830 338 1868 [atque
357 1830 443 1869 genis
470 1829 589 1864 oculos,·
614 1827 711 1858 codex
735 1829 777 1858 B.
803 1830 898 1868 expel-

239 1877 329 1917 litque
357 1878 440 1918 genis
470 1878 587 1913 ocztl0s3
612 1882 779 1918 utrumque
804 1878 896 1913 bene,

237 1926 380 1966 quamvis
404 1925 493 1956 aliter
519 1925 646 1966 quidam
672 1932 780 1967 putare
795 1926 897 1956 videa-

237 1980 299 2009 tur,
318 1974 370 2015 qui
395 1973 472 2004 dicit
487 1975 606 2012 erpellit
628 1974 796 2004 femineam
815 1974 897 2004 infir-

237 2023 377 2053 mitatem
397 2032 581 2063 repugnare.
620 2022 707 2052 Facit
733 2026 778 2053 ira
797 2025 896 2053 salen-

237 2078 304 2107 tem,
321 2071 472 2106 validam,
491 2071 569 2101 vires
585 2071 648 2101 dat.
681 2071 771 2101 Talia
793 2082 896 2112 asper-

235 2120 280 2160 git
296 2121 420 2155 Noster,
437 2130 533 2160 quum
549 2119 693 2149 mulieres
713 2119 832 2160 insigne
849 2120 892 2150 fa-

236 2169 326 2199 cinus
339 2179 431 2198 ausas
445 2178 511 2198 esse
528 2174 641 2198 narrat.
668 2168 737 2198 Non
756 2170 898 2198 limien—

237 2220 363 2253 huurit,·
381 2217 447 2247 haec
462 2217 556 2247 verba
568 2216 812 2248 condonabimus
828 2218 896 2247 lux-

238 2265 352 2296 urianti
371 2265 477 2296 Ovidii
498 2265 641 2306 ingenio:
666 2265 691 2295 si
715 2266 813 2296 oculis
831 2266 897 2306 jam

236 2314 466 2356 exspoliaverat
485 2324 591 2354 genas,
617 2324 690 2344 saue
720 2324 780 2344 non
800 2313 899 2355 potuit

237 2375 289 2394 eos
308 2363 410 2393 denuo
433 2363 567 2398 haurire,
584 2362 740 2399 effodere3
767 2364 829 2393 loca
850 2364 896 2392 ίιι-

239 2413 326 2442 minz's
355 2411 435 2452 (viii.
466 2412 540 2442 805.
570 2412 649 2441 locus
681 2412 807 2449 temris)
837 2422 898 2441 nou

238 2466 365 2502 possunt
387 2459 493 2494 effodi,
512 2459 619 2500 itaque
644 2470 727 2489 nunc
747 2460 895 2501 cogitabi-

240 2520 307 2539 mus
325 2509 439 2539 vicinas
451 2508 549 2538 oculis
563 2514 680 2549 partes.

281 2557 354 2588 566.
382 2556 588 2596 Lapiduquce
618 2558 760 2586 incessere
778 2559 895 2595 jactu,-

241 2616 319 2635 nnus
333 2605 554 2635 Ambrosianus
565 2611 595 2634 et
605 2605 723 2635 Heinsii
737 2606 873 2635 lacessere
887 2617 895 2639 ‚-

237 2655 291 2685 sed
309 2654 415 2683 Amor.
433 2654 495 2684 III.
512 2654 575 2683 xiii.
588 2655 763 2692 21.jacnlis
779 2656 895 2683 incessi-

238 2712 289 2732 και·
305 2704 388 2732 iudei
403 2714 413 2739 ,ε
439 2708 469 2733 et
490 2702 568 2733 infra
592 2703 656 2733 xiv.
674 2704 746 2733 402.
762 2704 897 2742 satisque

1529 1050 1623 1094 572

960 1250 1074 1283 parant
1100 1245 1240 1273 incessere
1261 1244 1338 1273 telis.
1385 1243 1424 1271 At
1447 1242 1627 1272 haec—inse-

963 1293 1080 1331 quitur,
1098 1297 1160 1321 etc.
1199 1290 1297 1321 Canis
1320 1290 1403 1320 facta
1426 1295 1484 1325 est,
1500 1295 1533 1320 ut
1548 1300 1627 1330 prae-

963 1340 1084 1370 dixerat
1112 1339 1305 1380 Polymestor
1329 1338 1412 1380 apud
1433 1337 1627 1379 Euripidem,

964 1389 1044 1419 Hec.
1064 1389 1157 1419 1265.
1202 1387 1499 1428 Ingeniose.sa.1um
1523 1389 1626 1417 morsi-

964 1439 1015 1468 bus
1046 1440 1223 1477 insequitur,
1250 1437 1395 1472 accurrit,
1427 1442 1461 1467 ut
1489 1436 1627 1467 mordeat

965 1496 1076 1517 saxum
1088 1487 1226 1521 missum,
1240 1496 1324 1516 more
1337 1496 1461 1516 canum.
1487 1486 1523 1515 In
1540 1487 1627 1516 verba

965 1534 1119 1577 (plurimi,
1145 1541 1176 1565 et
1203 1536 1296 1565 nostri
1320 1534 1426 1575 Regii,
1453 1537 1491 1564 ad
1524 1534 1626 1575 rerba)

961 1591 1082 1623 parato,
1100 1595 1196 1626 quum
1221 1584 1426 1614 conformaret
1445 1589 1476 1614 et
1492 1583 1626 1625 aperiret

964 1644 1008 1669 os,
1037 1639 1071 1664 ut
1100 1644 1193 1663 voces
1222 1633 1374 1663 humanas
1401 1633 1561 1674 proferret,
1592 1639 1627 1663 ut

964 1683 1103 1722 Lycaon,
1124 1682 1143 1712 i.
1159 1683 1233 1712 233.
1251 1687 1281 1712 et
1297 1682 1342 1717 Io,
1359 1692 1424 1711 ver.
1442 1682 1514 1712 637.
1563 1682 1626 1712 Ea-

964 1737 1020 1767 tat,
1041 1731 1144 1761 adhuc
1166 1730 1348 1766 ostenditur,
1365 1736 1396 1761 et
1415 1742 1444 1761 ω
1468 1742 1499 1761 re
1522 1731 1624 1762 dictus

965 1780 1157 1821 Cynossema
1184 1781 1299 1819 (κυνὸς
1329 1779 1490 1818 ταλαίνης
1524 1783 1626 1821 σῆμα,

965 1828 1105 1870 Euripid.
1119 1839 1182 1859 ver.
1202 1830 1312 1867 1275.)
1328 1829 1411 1870 quod
1427 1829 1533 1860 Julius
1552 1830 1626 1860 Pol-

964 1878 1029 1912 lux,
1046 1889 1074 1907 v.
1091 1879 1120 1907 5.
1146 1877 1185 1907 ad
1207 1878 1343 1913 Sestum,
1366 1884 1397 1907 et
1420 1877 1544 1918 Dictys,
1572 1877 1628 1908 lib.

965 1937 995 1955 v.
1021 1936 1092 1966 pag.
1126 1926 1198 1957 137.
1229 1926 1269 1956 ad
1299 1925 1449 1966 Abydum
1478 1926 1625 1956 collocat.

966 1973 1039 2004 Vid.
1051 1980 1082 2004 et
1093 1975 1215 2009 Strabo,
1228 1974 1284 2004 lib.
1298 1974 1362 2004 xiii.
1373 1985 1405 2015 p.
1420 1975 1502 2011 8123
1518 1975 1626 2016 Steph.

966 2023 1042 2063 Byz.
1059 2022 1090 2052 h.
1105 2034 1132 2053 v.
1167 2023 1291 2063 Nempe
1316 2023 1449 2053 Hecuba
1467 2023 1506 2053 ob
1531 2023 1627 2054 animi

966 2070 1168 2101 acerbitatem
1198 2070 1356 2111 quandam
1381 2077 1412 2101 et
1446 2072 1564 2101 rabiem
1594 2072 1625 2102 in

965 2129 1075 2150 canem
1097 2119 1254 2150 transiisse
1272 2119 1387 2150 tradita
1402 2125 1460 2156 est,
1474 2125 1505 2150 et
1519 2120 1625 2161 sepul-

966 2179 1052 2198 erum
1079 2169 1145 2209 ejus
1176 2168 1295 2198 dictum
1323 2168 1538 2209 Cynossema3
1569 2169 1624 2199 Ci-

965 2227 1048 2254 cero,
1075 2218 1169 2248 Tusc.
1194 2217 1237 2246 iii.
1261 2218 1326 2254 26;
1352 2217 1466 2258 Dictys
1491 2217 1522 2248 d.
1538 2218 1559 2248 l.
1595 2218 1624 2248 A

966 2266 1087 2296 Graecis
1117 2276 1186 2296 eam
1216 2276 1283 2296 esse
1318 2265 1489 2306 lapidatam
1522 2272 1627 2297 narrat

965 2315 1070 2345 Schol.
1099 2315 1256 2356 Euripidis
1279 2314 1320 2344 ad
1342 2316 1424 2346 Hec.
1444 2325 1507 2345 ver.
1535 2317 1627 2346 1257.

965 2363 1029 2393 Alii
1058 2364 1167 2401 aliter5
1203 2362 1272 2393 vide
1301 2363 1418 2404 Hygini
1448 2364 1510 2394 sab.
1544 2365 1624 2401 lll;

963 2412 1104 2442 Servium
1122 2412 1159 2442 ad
1178 2412 1264 2453 Virg.
1280 2413 1355 2442 AEn.
1371 2412 1415 2442 iii.
1431 2414 1460 2443 6.
1487 2413 1544 2442 Ille
1558 2425 1566 2441 :
1593 2415 1624 2443 in

964 2460 1193 2499 Hellespontum
1217 2471 1297 2489 mare
1317 2471 1345 2489 se
1362 2463 1570 2499 praecipitarit,
1596 2468 1624 2491 et

964 2511 1045 2538 canis
1068 2511 1183 2539 dicitur
1200 2509 1293 2550 suem
1317 2520 1384 2544 csse,
1411 2511 1488 2539 uude
1510 2516 1536 2539 et
1563 2511 1622 2550 Cy-

962 2567 1049 2586 neum
1066 2564 1106 2587 est
1124 2559 1323 2596 appellatum.
1348 2557 1464 2588 Confer
1476 2564 1506 2587 et
1519 2559 1621 2594 Quin-

964 2612 1029 2636 tum
1046 2606 1175 2637 Calabr.
1193 2606 1254 2636 xiv.
1273 2607 1335 2636 345
1351 2618 1419 2647 sqq.
1454 2607 1537 2637 Jocz's
1553 2619 1621 2637 con-

953 2657 1027 2691 jnx,
1049 2666 1119 2696 quae
1146 2655 1248 2685 stabat
1276 2665 1293 2685 a
1323 2655 1465 2697 partibus
1494 2656 1620 2686 Graeco-

964 2713 1041 2735 rum.
