1779 3130
224 170 309 211 156

613 169 663 210 Ρ.
697 168 911 210 OVIDII
943 168 1224 211 NASONIS

229 284 635 346 Incumbensque
663 290 768 330 toro
794 283 932 330 dedit
956 283 1154 329 oscula:
1194 282 1299 329 visa
1323 289 1493 345 tepere
1518 289 1611 329 est.

225 360 477 407 Admovet
496 360 588 406 hos
608 360 803 417 iterum,
821 360 1050 407 manibus
1071 375 1272 423 quoque
1289 366 1491 423 pectora
1507 366 1615 406 ten-

227 436 496 484 Tentatum
516 437 763 484 mollescit
784 437 934 493 ebur3
970 437 1237 500 positoque
1262 437 1423 498 rigore

1495 436 1591 497 [tat
1604 451 1613 482 ε

230 512 458 560 Subsidit
481 512 667 575 digitis,
691 512 951 575 ceditque3
979 520 1036 559 ut
1060 512 1324 576 Hymettia
1348 513 1451 559 sole

230 589 361 636 Cera
384 590 700 645 remollescit,
727 597 1041 653 tractataque
1067 590 1249 654 pollice
1274 590 1455 636 multas
1520 591 1617 635 285

229 666 471 715 Flectitur
495 667 545 713 in
570 666 740 722 facies,
768 667 980 730 ipsoque
1004 667 1060 715 fit
1083 667 1218 714 utilis
1243 683 1354 713 usu.

228 743 363 791 Dum
389 751 576 807 stupet,
604 751 654 791 et
682 745 855 792 timide
882 745 1082 807 gaudet,
1110 743 1315 806 fallique
1340 749 1550 797 veretur,

228 819 422 867 Rursus
443 837 632 877 amans,
654 837 926 884 rursusque
944 838 1093 868 manu
1120 837 1209 868 sua
1226 826 1340 867 vota
1363 825 1617 866 retractat.

228 897 425 961 Corpus
451 905 583 945 erat:
625 898 810 946 saliunt
834 905 1040 945 tentatae
1065 899 1246 962 pollice
1271 913 1425 944 venae.

225 972 353 1021 Tum
377 991 492 1021 vero
519 975 742 1038 Paphius
767 975 1058 1038 plenissima
1082 974 1303 1037 concipit
1326 972 1470 1020 heros
1519 975 1617 1019 290

268 1143 342 1174 283.
368 1143 558 1184 Tentatnm]
585 1144 657 1174 Non
684 1154 746 1174 una
769 1148 800 1174 et
823 1144 888 1174 sola

224 1191 283 1222 fnit
298 1191 366 1222 haec
379 1192 465 1232 virgo
481 1193 618 1223 eburnea
630 1198 682 1223 aut
698 1203 885 1223 marmorea:

224 1240 374 1282 plurimas
389 1241 483 1271 credo
498 1241 591 1272 duras
610 1241 743 1283 primurn
760 1248 791 1273 et
807 1241 886 1272 diffi-

225 1289 300 1320 ciles
325 1290 527 1326 amatoribus,
553 1291 703 1332 obsequio
728 1297 832 1321 tamen
856 1297 886 1320 et

225 1338 359 1370 assiduis
372 1340 516 1381 precibus
527 1339 693 1371 emollitas.
742 1340 885 1370 subsidit.

227 1388 310 1419 Vide
340 1388 380 1419 ad
404 1399 526 1419 versum
552 1390 627 1420 257.
674 1389 826 1419 Flectitur
856 1392 887 1420 in

215 1437 327 1478 fizcies.
371 1436 477 1478 Vulgo
491 1439 622 1467 vertitur
638 1438 787 1479 insat-ies.
821 1439 886 1469 Vo-

224 1485 311 1516 lebat
335 1485 440 1516 dicere
465 1487 625 1527 digitisque
647 1489 735 1523 cedst,
752 1487 806 1517 sed
829 1487 888 1517 hoc

225 1533 270 1564 ita
288 1534 467 1570 exornavit,
485 1541 674 1575 tractataque
688 1537 794 1574 pollice
810 1537 886 1566 mul-

226 1584 421 1624 tasflectltur
433 1583 584 1624 insacies.
628 1584 742 1615 Confer
752 1596 803 1615 xv.
817 1586 888 1616 169.

229 1632 369 1663 Tractarz'
383 1638 414 1663 et
427 1633 517 1673 flecti
538 1633 630 1664 verba
646 1644 712 1665 esse
734 1634 765 1664 in
781 1634 839 1665 hac
855 1645 887 1665 re

224 1681 359 1723 propria,
383 1682 474 1713 docet
498 1682 660 1713 Heinsius.
708 1683 830 1724 Ipsoque
842 1685 887 1724 fit

225 1731 310 1760 utilis
330 1742 400 1761 usu.
446 1731 498 1761 Sic
520 1736 637 1767 statua,
654 1731 754 1773 posito
777 1732 887 1773 rigore,

224 1779 309 1810 utilis
324 1780 419 1810 fiebat
430 1780 640 1821 Pygmalioni.
678 1781 778 1812 Paulo
794 1782 888 1813 altius

225 1828 357 1869 repetita
371 1830 522 1870 posterior
537 1829 749 1860 similitudinis
764 1841 844 1872 pars.

266 1879 342 1908 287.
372 1879 454 1908 Dum
478 1879 603 1918 stupet.]
636 1879 779 1910 Affectus
804 1881 888 1921 Pyg-

224 1926 380 1962 malionis,
396 1927 559 1968 repentino
573 1927 690 1958 laetitiae
709 1939 801 1959 sensu
820 1939 888 1970 per-

225 1975 295 2011 fusi,
313 1976 437 2017 egregie
464 1982 600 2007 notatus.
644 1977 765 2018 Regius
787 1985 889 2009 noster

225 2023 324 2054 codex
355 2024 398 2054 A.
427 2026 516 2055 dubie
543 2027 681 2066 gaudem
718 2026 815 2057 codex
846 2028 887 2057 B.

225 2074 319 2103 medio
331 2075 465 2114 gaudet:
489 2074 545 2104 sed
568 2076 670 2105 timide
692 2076 890 2116 praestantius

224 2128 256 2152 et
270 2128 355 2153 recte
370 2123 409 2153 ab
426 2123 554 2154 Heinsio
568 2123 750 2165 praelatum;
770 2124 890 2156 indicat

224 2181 336 2213 nempe
362 2177 477 2202 statum
505 2172 685 2213 ambiguum
710 2174 888 2214 Pygmalio-

225 2219 274 2250 nis
297 2220 443 2251 haerentis
466 2221 553 2251 dubii
577 2221 656 2252 inter
682 2222 832 2262 gaudium
859 2230 890 2254 et

224 2268 377 2300 timorem.
424 2269 539 2301 Timide
558 2273 671 2312 gaudet
686 2273 834 2313 praeclare
851 2273 889 2304 de

225 2329 275 2354 eo,
305 2319 398 2360 cujus
427 2319 577 2360 gaudium
607 2321 745 2351 nondum
771 2329 889 2352 certum

224 2366 298 2398 satis
311 2373 370 2398 est.
417 2368 530 2410 Supra,
549 2368 591 2399 ix.
608 2370 681 2400 791.
699 2370 762 2400 Nec
784 2373 888 2401 timida

224 2417 444 2457 gaiedelefid25
469 2417 526 2447 Sil.
537 2418 578 2448 xi.
590 2419 801 2450 572.sollieite
819 2421 889 2450 lcrti.

227 2465 367 2505 Fallique
380 2473 508 2503 veretur,
520 2477 581 2497 non
593 2467 692 2498 credit
708 2469 804 2498 tactui
821 2480 888 2505 suo,

224 2513 331 2555 itaque
348 2526 451 2546 rursus
472 2527 633 2556 rursusque
650 2523 808 2553 retractat,
828 2528 887 2548 non

225 2568 371 2598 statuam,
403 2564 456 2594 sed
486 2564 583 2595 multo
614 2565 809 2606 exquisitius,
834 2578 887 2596 sua

225 2618 302 2641 vola.
330 2612 484 2647 Tractare,
498 2613 519 2643 i.
530 2624 560 2654 q.
572 2615 706 2653 palpare,
717 2615 887 2658 ψηλαφςίν.

227 2660 359 2691 saliunt.
384 2661 465 2692 Vide
482 2662 520 2692 ad
538 2662 577 2692 vi.
595 2663 668 2693 390.

268 2710 341 2740 289.
368 2710 481 2749 Corpus
505 2711 601 2751 evah]
638 2712 781 2753 Proprie:
819 2719 887 2743 tan-

956 1154 1028 1184 gere
1048 1144 1129 1174 enim
1150 1150 1182 1174 et
1202 1143 1301 1184 tangi,
1314 1143 1372 1174 nisi
1393 1153 1516 1185 corpus,
1533 1142 1620 1173 nulla

956 1199 1057 1235 potest
1073 1203 1130 1224 res.

999 1243 1073 1273 290.
1105 1243 1241 1282 Paphius
1268 1244 1360 1279 heros,
1380 1247 1414 1272 ut
1435 1241 1502 1282 jam
1526 1241 1620 1271 Bers-

955 1302 1089 1322 mannus
1103 1292 1292 1328 observavit,
1309 1302 1364 1333 per
1379 1290 1536 1332 prolepsin
1552 1289 1618 1320 dic—

955 1347 1041 1379 tum3
1074 1351 1145 1371 nam
1174 1341 1301 1383 Paphus
1323 1340 1449 1371 demum
1473 1350 1511 1369 ex
1535 1340 1619 1380 Pyg-

956 1389 1090 1420 malione
1107 1395 1208 1420 natus.
1257 1390 1433 1420 Plenissima
1449 1389 1536 1418 cerba
1549 1398 1619 1428 quae

955 1440 1028 1475 sint,
1056 1448 1119 1469 non
1152 1438 1299 1479 intelligit
1329 1439 1531 1468 Burmannus
1565 1435 1618 1477 qui

956 1488 1080 1529 praefert
1099 1487 1192 1518 unius
1213 1487 1377 1518 Heinsiani
1400 1486 1471 1517 MS.
1486 1485 1619 1526 scriptu-

955 1547 1033 1573 ram,
1049 1538 1217 1576 plenissima
1240 1543 1318 1572 rota,
1334 1536 1456 1567 scilicet
1479 1540 1515 1565 ut
1538 1535 1620 1565 frua—

957 1593 1005 1617 tur
1019 1593 1050 1617 et
1065 1592 1155 1617 coeat
1167 1597 1238 1617 cum
1254 1585 1391 1625 imagine
1403 1585 1459 1615 illa
1471 1585 1623 1619 eburnea,

950 1636 1017 1677 jam
1040 1636 1157 1667 femina
1178 1636 1281 1667 facta:
1307 1636 1339 1665 in
1360 1645 1421 1676 quo
1436 1644 1493 1675 ego
1509 1632 1539 1663 ei
1558 1643 1621 1663 non

956 1685 1118 1715 assentior.
1163 1686 1247 1715 Nam
1273 1683 1353 1725 quid
1375 1683 1433 1714 hoc
1459 1688 1516 1717 est,
1539 1688 1620 1717 vota,

955 1736 1060 1774 quibus
1075 1734 1183 1764 Veneri
1196 1741 1299 1775 grates
1314 1734 1408 1775 agat?
1432 1731 1522 1762 Votis
1536 1730 1620 1761 enim

954 1782 1106 1824 susceptis
1135 1793 1196 1813 non
1231 1782 1338 1823 gratiae
1369 1786 1505 1822 aguntur
1534 1779 1620 1810 Diis.

956 1832 996 1861 Et
1021 1831 1046 1861 si
1073 1831 1146 1862 licet
1171 1833 1261 1871 plena
1288 1838 1352 1861 vota
1382 1830 1500 1865 dicere,
1524 1828 1619 1860 etiam

953 1886 1044 1921 plena
1060 1883 1143 1911 rerba
1158 1880 1285 1911 ferenda
1297 1885 1379 1911 sunt.
1407 1878 1621 1914 Schirachius‚

957 1929 1010 1971 qui
1027 1940 1096 1960 eam
1113 1931 1152 1960 ob
1168 1940 1294 1960 causam
1313 1930 1398 1971 justo
1417 1928 1560 1959 acerbius
1574 1927 1619 1958 vi-

956 1985 1081 2021 tuperat
1112 1981 1342 2014 Burmannum,
1365 1984 1467 2020 putat,
1494 1988 1619 2007 sensum

957 2039 1022 2059 esse
1070 2028 1350 2069 elegantissimum,
1390 2027 1415 2057 si
1460 2026 1621 2067 intelligas

956 2078 1051 2108 verba
1066 2078 1205 2119 perfecta
1220 2083 1250 2107 et
1266 2077 1403 2118 integra3
1427 2076 1532 2111 verba,
1549 2086 1620 2116 quae

957 2127 1153 2167 proferuntur
1188 2126 1310 2167 integra
1343 2136 1418 2156 voce
1454 2130 1486 2155 et
1521 2124 1620 2155 clara.

957 2175 1112 2216 Equidem
1129 2175 1269 2216 intelligo
1283 2174 1416 2216 plurima
1432 2174 1535 2207 verba,
1548 2184 1619 2214 quae

958 2235 994 2254 ex
1019 2224 1197 2265 plenissimo
1221 2230 1347 2265 pectore
1370 2229 1566 2264 promanant,
1589 2227 1622 2252 et

956 2273 1138 2314 plenissimo
1160 2284 1210 2304 ore
1232 2273 1438 2315 proferuntur.
1483 2272 1529 2302 Ea
1548 2277 1621 2302 sunt

955 2322 1073 2353 laetitiae
1088 2333 1215 2353 summae
1232 2323 1366 2363 signum.
1403 2321 1453 2352 Sic
1467 2321 1499 2351 in
1515 2322 1619 2355 Nuce,

958 2382 1021 2401 ver.
1047 2373 1099 2402 92.
1123 2377 1154 2401 et
1179 2372 1270 2401 Pont.
1295 2371 1422 2402 1V.vii.
1447 2371 1500 2400 17:
1528 2370 1619 2399 Pleni

945 2420 1076 2461 fructus
1110 2427 1181 2451 sunt
1215 2420 1361 2461 plurimi:
1397 2426 1492 2460 atque
1522 2419 1617 2450 etiam

956 2469 1024 2500 Art.
1040 2470 1148 2500 Amat.
1165 2470 1196 2500 ii.
1213 2471 1285 2500 322.
1301 2471 1388 2509 plena
1401 2470 1491 2510 falce
1511 2476 1623 2499 metere.

957 2518 1000 2548 ita
1016 2519 1146 2560 accipio,
1164 2525 1197 2548 ut
1219 2519 1302 2560 apud
1319 2518 1539 2551 Claudianum,
1557 2518 1618 2559 Ep.

957 2567 995 2597 ad
1011 2569 1118 2598 Seren.
1134 2569 1185 2597 41.
1202 2568 1461 2608 numerosafalce,
1478 2566 1618 2606 plurimis

956 2616 1089 2647 falcibus
1104 2622 1219 2647 metere
1233 2629 1240 2653 ;
1264 2617 1348 2647 male
1360 2615 1402 2646 ibi
1418 2616 1619 2645 Burmannus

956 2665 1075 2699 mallet,
1100 2667 1188 2704 plenu
1211 2668 1307 2700 lance,
1331 2665 1422 2695 lance
1448 2664 1532 2694 enin]
1556 2675 1617 2694 non

956 2714 1092 2745 metitur.
1129 2715 1199 2745 Cic.
1220 2715 1313 2745 Rosc.
1331 2714 1402 2744 Ain.
1418 2715 1449 2744 2.
1464 2715 1551 2753 plenu
1566 2723 1616 2752 pe-
