1779 3130
232 173 317 214 194
623 168 675 209 Ρ.
708 165 921 208 OVIDII
954 164 1233 206 NASONIS

238 287 530 333 Innumeras
564 282 806 336 volucres,
841 294 1145 341 anguesque,
1179 292 1457 339 agmenque
1497 275 1621 323 fera-

240 361 497 407 Maenades
524 357 713 420 Orphei
739 356 939 402 titulum
964 370 1170 417 rapuere
1196 352 1402 399 theatri:
1493 353 1623 413 [rum

238 437 363 484 Inde
389 433 656 482 cruentatis
680 438 936 479 vertuntur
956 430 1005 476 in
1033 430 1235 493 Orphea
1258 428 1475 484 dextris3

240 513 307 561 Et
330 518 527 567 coeunt,
553 518 609 557 ut
632 526 763 564 aves,
792 508 831 554 si
858 507 1056 570 quando
1079 507 1189 553 luce
1213 513 1477 567 vagantem
1562 505 1625 549 24

241 589 418 635 Noctis
435 603 574 634 avem
589 592 820 639 cernunt3
844 590 1131 645 Structoque
1149 583 1396 644 utrimque
1416 582 1625 634 theatro,

243 665 352 712 Ceu
378 664 621 711 matutina
645 677 818 709 cervus
844 661 1091 723 periturus
1119 675 1284 715 arena,
1480 656 1626 719 [renti

241 741 421 788 Praeda
445 755 625 787 canum
646 747 745 795 est;
774 746 1040 800 vatemque
1063 743 1264 799 petunt3
1295 742 1346 782 et
1368 734 1540 781 fronde
1558 732 1627 780 vi-

245 818 532 880 Conjioiunt
556 817 771 879 thyrsos,
797 830 896 860 non
920 814 1027 859 haec
1054 813 1104 858 in
1129 827 1334 858 munera
1357 811 1530 858 factos

245 893 339 939 Hae
365 893 550 956 glebas,
577 892 672 938 illae
699 892 930 953 dereptos
957 890 1129 936 arbore
1150 905 1328 942 ramos,

243 968 367 1016 Pars
394 975 626 1031 torquent
652 968 843 1014 silices:
884 983 980 1013 neu
1006 966 1172 1013 desint
1196 965 1294 1012 tela
1318 962 1483 1017 furori,

1567 964 1631 1007 30

245 1045 392 1092 Forte
418 1047 568 1092 boves
595 1060 766 1108 presso
792 1044 1090 1105 subigebant
1113 1057 1311 1088 vomere
1334 1048 1542 1095 terram3

247 1121 355 1169 Nec
383 1122 555 1185 procul
580 1121 712 1176 hinc,
740 1120 895 1168 multo
920 1119 1135 1166 fructum
1160 1118 1339 1164 sudore
1361 1122 1609 1179 parantes,

247 1279 332 1310 ribus
356 1280 440 1317 dici3
464 1279 596 1315 Plinius,
616 1290 731 1321 paneg.
755 1280 819 1316 54;
842 1279 907 1309 Ho-

246 1329 354 1364 ratius,
371 1329 397 1359 Ι.
410 1329 467 1370 Ep.
482 1329 546 1359 xix.
563 1330 614 1358 41.
649 1329 770 1358 Titulus
786 1330 907 1363 theatri,

247 1377 345 1418 gloria
378 1376 503 1413 theatri,
531 1377 717 1407 honorificus
749 1387 910 1407 consessus

248 1426 443 1456 auditorum:
467 1428 543 1455 mira
561 1427 677 1455 theatra
692 1425 809 1465 Orphei
826 1425 909 1466 apud

249 1474 470 1510 Claudianum,
487 1475 531 1505 Π.
546 1475 604 1516 Ep.
621 1474 661 1505 vi.
711 1475 831 1505 Titulus
855 1485 910 1505 au-

248 1529 312 1553 tem
333 1522 376 1552 sie
397 1523 533 1564 passim3
559 1524 600 1553 iv.
618 1523 692 1553 644.
708 1526 814 1562 prcrdoe
835 1526 910 1554 titu-

249 1572 317 1607 lus,·
343 1571 394 1601 vii.
410 1572 461 1601 56.
479 1572 588 1601 titulus
609 1578 729 1601 serratae
750 1572 856 1609 puhis;
881 1582 911 1601 x.

251 1620 323 1650 602.
359 1621 430 1659 quid
456 1620 586 1660 jhcilem
624 1621 749 1649 titulum
787 1620 912 1659 quaeris?

250 1668 414 1709 Sumptum
431 1674 477 1698 est
489 1668 679 1698 vocabulum
704 1678 720 1698 a
741 1674 913 1698 statuarum

250 1717 361 1752 titulis,
378 1717 431 1758 qui
447 1716 538 1747 valde
558 1717 680 1757 gloriosi
704 1717 912 1747 habebantur.

252 1765 325 1795 Duo
357 1766 450 1796 MSS.
475 1766 629 1804 populum,
661 1766 743 1806 quod
779 1765 915 1796 illustrat

252 1814 452 1844 Burmannus
467 1813 592 1844 Manilii
606 1820 637 1844 et
653 1813 795 1855 Alciphr.
811 1824 915 1844 exem-

249 1862 323 1904 plis,
353 1863 406 1903 qui
431 1864 575 1902 populum
596 1864 723 1901 piscium
753 1869 785 1893 et
808 1864 916 1893 alitum

251 1917 284 1941 et
321 1910 428 1953 δῆμον
465 1910 588 1951 ὀρνέων
625 1911 782 1941 dixerunt.
826 1911 916 1941 Idem

254 1959 454 1989 Burmannus
478 1969 539 1989 non
563 1958 726 2000 improbat,
743 1959 827 2000 quod
848 1960 917 2000 qui-

255 2006 327 2037 dam
343 2007 470 2042 habent,
488 2007 597 2046 Orphei
615 2008 778 2046 triumphi3
804 2007 918 2048 partim

255 2055 330 2096 quia
344 2066 412 2085 mox
432 2056 570 2096 sequitur
586 2057 711 2091 theatro,
721 2056 833 2097 partim
845 2056 919 2097 quia

256 2106 366 2135 titulus
377 2106 455 2135 bene
469 2106 618 2144 triumpho
631 2104 825 2135 conveniret.
856 2106 917 2135 Ra-

254 2164 356 2192 pueoe,
374 2153 532 2184 dilaniatis
556 2154 621 2184 istis
642 2154 713 2184 seris
735 2159 766 2184 et
784 2154 917 2184 volucri-

256 2203 334 2232 bus:
350 2202 420 2233 vide
437 2202 477 2233 ad
492 2213 554 2233 ver.
569 2204 609 2233 38
624 2215 630 2232 :
657 2202 728 2233 hinc
745 2214 814 2233 mox
827 2210 920 2234 ruunt

257 2254 422 2281 cruentatis
437 2253 558 2282 dextris.

301 2301 356 2330 23.
385 2300 467 2330 l'ertz'
492 2302 523 2330 in
546 2301 674 2339 aliquem
699 2300 849 2340 impetum
872 2300 918 2330 in-

260 2347 356 2384 dicat,
374 2348 426 2390 qui
451 2348 486 2378 fit
511 2349 549 2378 ab
577 2349 635 2379 alio
660 2348 691 2378 in
715 2348 821 2383 alium,
844 2355 878 2378 ut
901 2349 921 2378 i.

260 2398 336 2427 235.
398 2398 525 2432 Coeunt,
565 2397 703 2439 undique
745 2397 919 2427 confluunt.

260 2445 449 2486 Exemplum
473 2456 533 2476 non
561 2445 641 2476 male
663 2445 840 2482 delectum3
867 2445 921 2476 sed

262 2500 336 2523 nota
350 2494 573 2535 negligentiam
589 2494 747 2530 orationis,
763 2502 868 2524 coeunt
888 2501 922 2524 ut

263 2552 340 2577 aves,
364 2549 392 2572 et
416 2554 470 2573 ceu
490 2554 594 2573 cerrus
616 2545 717 2582 prada
739 2554 847 2573 cunum
869 2550 922 2579 est,

264 2596 414 2630 vatemque
432 2597 552 2630 petunt.
598 2591 755 2621 Structum
774 2593 923 2631 utrimque

263 2639 423 2673 theatrum,
440 2639 713 2680 amphitheatrum,
729 2640 761 2670 in
777 2650 839 2681 quo
854 2640 918 2670 Ro-

263 2696 321 2716 mae
344 2688 421 2717 bene
444 2699 529 2717 mane
545 2688 733 2723 venationes,
750 2689 807 2718 sub
831 2688 921 2718 meri—

974 1278 1057 1308 diem
1069 1284 1174 1308 autem
1186 1276 1252 1308 ludi
1267 1274 1442 1317 gladiatorii
1454 1274 1636 1305 edebantur.

976 1326 1145 1362 Matutina,
1162 1326 1235 1367 quia
1250 1327 1314 1367 ipse
1330 1335 1420 1354 mane
1434 1322 1524 1365 perit.
1563 1322 1637 1353 Haec

976 1378 1007 1405 in
1031 1386 1166 1409 munera,
1182 1375 1266 1405 hunc
1289 1374 1321 1404 in
1345 1384 1446 1408 usum,
1462 1372 1538 1402 forte
1561 1369 1635 1411 quia

977 1435 1101 1454 munera
1118 1422 1263 1453 dicuntur
1284 1422 1385 1453 officia
1400 1428 1549 1455 extrema,
1566 1429 1636 1460 quae

977 1479 1164 1514 praestantur
1181 1471 1381 1502 monentibus
1398 1477 1451 1501 aut
1466 1470 1605 1499 mortuis.

1021 1523 1073 1552 29.
1113 1522 1168 1552 Ha:
1193 1523 1303 1562 glebas,
1335 1521 1392 1550 illae
1423 1530 1526 1554 ramos,
1556 1517 1634 1557 etc.]

980 1569 1099 1600 Eadem
1123 1570 1208 1600 fuere
1230 1569 1511 1610 antiquissimorum
1537 1566 1638 1596 homi-

981 1629 1054 1648 num
1083 1629 1178 1650 arma.
1224 1618 1398 1651 Lucretius.
1421 1629 1450 1647 v.
1467 1618 1548 1646 1282
1572 1626 1640 1656 sqq.

983 1667 1097 1703 Presso,
1127 1667 1292 1709 impresso3
1322 1666 1484 1706 Virgilius,
1508 1667 1641 1703 depresso

982 1722 1094 1746 aratro.

1026 1765 1080 1794 32.
1120 1765 1222 1794 Multo
1239 1764 1384 1804 fructum
1412 1765 1527 1797 sudore,
1557 1762 1638 1803 etc.]

984 1813 1096 1844 Verbis
1118 1813 1248 1843 delectis
1267 1813 1418 1842 molestiae
1445 1811 1642 1853 agriculturae

984 1862 1208 1903 exprimuntur.
1247 1860 1546 1895 fructum.victum.
1575 1861 1643 1891 Du-

983 1921 1038 1947 ra‚·
1064 1910 1222 1945 Horatius,
1234 1910 1260 1940 Ι.
1272 1911 1336 1940 Sat.
1353 1910 1506 1951 i.gravem
1522 1916 1644 1940 terram.

986 1959 1138 1989 Lacertosi
1165 1964 1273 2000 aptum
1299 1958 1442 1998 agricolis
1469 1957 1642 1999 epitheton,

986 2018 1116 2048 quorum
1154 2009 1259 2038 lacerti
1290 2006 1388 2036 multo
1418 2007 1521 2038 labore
1550 2005 1646 2037 validi

985 2055 1059 2086 facti
1086 2062 1158 2086 sunt
1184 2063 1214 2087 et
1240 2056 1370 2086 robusti.
1418 2056 1511 2085 Arma
1538 2057 1644 2094 operis,

986 2105 1191 2136 instrumenta
1207 2105 1332 2135 rustica.
1354 2104 1517 2145 Virgilius,
1531 2104 1647 2144 Georg-

986 2154 1007 2184 i.
1036 2155 1105 2184 160.
1132 2154 1302 2184 Dicendum
1331 2160 1359 2184 et
1389 2165 1451 2194 quae
1477 2156 1536 2183 sint
1561 2155 1647 2183 duris

986 2205 1150 2244 agrestibus
1171 2215 1267 2233 arma.
1315 2203 1396 2242 Opus
1417 2201 1532 2232 dicitur
1546 2202 1585 2233 de
1601 2201 1648 2232 la-

986 2253 1059 2283 bore
1074 2252 1198 2283 rustico.
1238 2252 1360 2288 Vacuus,
1375 2252 1449 2293 quia
1464 2252 1649 2293 aufugerant

987 2301 1099 2332 coloni.
1146 2301 1317 2336 Surculum,
1342 2301 1510 2341 σκαφεῖον,
1536 2300 1649 2331 instru-

988 2356 1127 2380 mentum
1164 2349 1345 2380 sarritionis.
1396 2350 1502 2380 Rastri
1535 2359 1649 2389 magno

987 2404 1076 2429 erant
1099 2398 1257 2439 pondere;
1289 2399 1413 2429 Terent.
1438 2398 1557 2428 Heaut.
1580 2398 1607 2429 I.
1628 2397 1650 2428 i.

988 2448 1039 2477 40.
1064 2448 1118 2478 ubi
1144 2447 1294 2478 Chremes
1317 2458 1369 2477 eos
1397 2446 1540 2482 tentavit,
1566 2446 1647 2481 Hui,

988 2503 1048 2526 tum
1070 2507 1176 2537 graves
1197 2497 1264 2526 hos?
1289 2496 1455 2537 Ligonibus
1472 2501 1553 2525 terra
1569 2494 1650 2525 erui-

988 2551 1049 2575 tur.
1104 2545 1203 2585 Longi
1233 2545 1344 2585 ligones
1373 2543 1468 2574 etiam
1497 2544 1524 2574 I.
1557 2543 1650 2573 Pont-

989 2593 1054 2624 viii.
1070 2594 1109 2624 59
1123 2606 1129 2623 z
1156 2593 1210 2623 sed
1227 2593 1256 2622 h.
1272 2594 1295 2623 l.
1315 2604 1392 2623 unus
1408 2593 1477 2622 MS.
1493 2595 1648 2632 curvique,

988 2642 1071 2683 quod
1088 2643 1286 2672 Burmannus
1301 2647 1418 2672 rectum
1431 2640 1564 2682 judicat,
1577 2639 1651 2681 quia

988 2701 1084 2721 curva
1095 2690 1206 2729 ligonis
1223 2691 1318 2720 forma
1333 2690 1468 2721 cernitur
1482 2690 1514 2720 in
1527 2699 1650 2730 gemma
