1779 3130
354 175 971 217 METAMORPHOSEON
1007 175 1124 217 LIB.
1156 177 1300 219 XIII.
1433 178 1519 221 319

137 291 441 338 Continuere
466 290 580 346 diu;
620 305 712 337 nec
739 290 896 353 aperti
922 290 1067 353 copia
1091 290 1268 338 Martis

137 367 255 414 Ulla
277 367 396 414 fuit:
437 367 630 413 decimo
655 366 854 412 demum
882 367 1209 429 pugnavimus
1236 384 1381 415 annO.

140 443 271 497 Quid
294 443 414 490 facis
440 444 644 497 interea,
672 442 757 504 qui
784 443 867 498 nil,
896 443 988 488 nisi
1013 443 1199 504 praelia,
1225 445 1385 492 nosti?
1423 449 1521 492 210

141 525 264 579 Quis
290 532 404 571 tuus
430 540 549 570 usus
575 524 712 571 erat?
750 539 864 569 nam
891 523 931 569 si
958 539 1068 570 mea
1094 525 1224 572 facta
1249 527 1480 588 requiris,

143 600 386 648 Hostibus
412 600 617 647 insidior
639 617 648 647 z
688 599 844 647 fossas
868 600 1137 647 munimine
1163 602 1332 664 cingo:

143 677 388 723 Consolor
415 677 590 731 socios,
620 683 674 722 ut
696 675 831 737 longi
858 676 1007 722 taedia
1029 677 1148 723 belli

144 753 317 800 Mente
344 752 502 799 ferant
527 753 746 816 placida;
787 753 960 807 doceo,
990 769 1089 815 quo
1117 753 1269 799 simus
1296 754 1475 810 alendi,

143 830 442 876 Armandive
469 830 643 876 modo:
683 830 865 884 mittor,
894 846 993 892 quo
1019 831 1237 892 postulat
1260 847 1394 878 usus.
1430 834 1526 880 215

148 905 281 953 Ecce
307 905 445 952 Jovis
473 906 678 962 monitu,
705 906 946 968 deceptus
972 906 1184 967 imagine
1211 907 1384 963 somni,

151 982 264 1029 Rex
284 982 430 1044 jubet
455 982 656 1045 incoepti
683 997 850 1028 curam
876 981 1123 1028 dimittere
1148 982 1265 1028 belli
1288 999 1298 1029 :

149 1059 241 1106 Ille
268 1066 435 1122 potest
461 1067 661 1107 auctore
688 1075 827 1105 suam
854 1058 1119 1106 defendere
1144 1075 1362 1107 causam.

150 1135 263 1182 Non
291 1136 420 1182 sinat
437 1136 530 1182 hoc
555 1137 700 1199 Ajax,
722 1135 1036 1198 delendaque
1064 1136 1311 1198 Pergama
1334 1144 1530 1200 poscat3

151 1211 400 1274 Quodque
433 1219 613 1274 potest,
647 1219 859 1275 pugnet:
907 1228 994 1258 cur
1021 1228 1118 1259 non
1143 1220 1414 1260 remoratur
1438 1213 1534 1260 itu-

349 1294 427 1324 ros
446 1278 463 1323 ?
1439 1283 1538 1326 220

153 1355 256 1401 Cur
273 1371 370 1401 non
388 1370 523 1401 arma
533 1354 695 1418 capit?
708 1355 810 1410 dat,
822 1355 956 1417 quod
971 1371 1096 1417 vaga
1110 1357 1256 1403 turba
1268 1356 1538 1418 sequatur?

155 1430 269 1477 Non
286 1439 391 1478 erat
406 1432 500 1478 hoc
516 1431 722 1477 nimium
733 1447 989 1493 nunquam
1000 1432 1090 1478 nisi
1104 1432 1535 1495 magnaloquenti.

156 1507 323 1561 Quid?
352 1509 487 1571 quod
512 1518 562 1555 et
585 1508 693 1571 ipse
717 1508 879 1570 fugis?
908 1509 1022 1564 vidi,
1049 1509 1329 1572 puduitque
1354 1509 1536 1563 videre,

201 1640 274 1670 210.
301 1639 482 1680 Quidfacis
509 1642 634 1675 interea,
659 1639 737 1678 etc.]
763 1640 819 1669 Se-

160 1688 288 1730 quentia
303 1688 451 1729 praeclare
472 1687 650 1722 ostendunt,
668 1692 820 1727 quantum

158 1737 263 1767 valeat
286 1736 317 1767 in
335 1736 420 1767 bello
437 1736 614 1771 consilium,
630 1745 688 1766 nec
710 1745 820 1776 parum

162 1791 307 1827 premunt
344 1785 486 1826 Ajacem.
530 1784 665 1815 Putidus
693 1783 726 1814 in
762 1783 822 1814 hoe

165 1840 347 1876 argumento
372 1840 418 1864 est
447 1834 576 1875 Ulysses
604 1833 687 1875 apud
713 1832 823 1869 Quint.

166 1883 240 1915 Cal.
263 1894 327 1914 ver.
348 1883 410 1913 238
434 1893 503 1923 sqq.
527 1881 593 1917 ubi,
611 1887 772 1922 tamquam
791 1881 823 1911 in

164 1932 273 1963 schola
297 1937 479 1967 versaretur,
501 1930 643 1972 plurimis
674 1930 825 1971 exemplis

162 1987 194 2012 et
209 1980 379 2011 rationibus
394 1980 498 2015 docet,
513 1986 631 2021 quanta
645 1979 684 2010 sit
699 1978 744 2009 vis
761 1979 823 2009 elo-

165 2029 300 2070 quentiae
313 2035 344 2059 et
357 2028 531 2070 sapientiae.
557 2029 716 2058 Munimen
728 2027 824 2063 Illud,

165 2077 327 2118 ἀλεωρὴν,
351 2077 500 2108 describit
523 2077 688 2112 Homerus,
711 2077 753 2106 Il.
776 2079 824 2107 M.

167 2128 306 2158 52—57.
336 2127 462 2157 Fossam
478 2127 574 2156 latam
590 2125 746 2166 utrimque
761 2124 826 2156 cin-

168 2176 284 2216 gebant
312 2174 485 2217 praecipitia
513 2174 658 2210 declivia,
690 2174 828 2215 κρημνοὶ

167 2223 350 2265 ἐπηρεφέες,
367 2223 500 2265 desuper
515 2223 589 2253 valli
605 2223 700 2259 acuti,
716 2221 826 2253 σκόλο-

171 2285 230 2310 πες
246 2274 340 2312 ὀξεῖς,
357 2273 450 2303 defixi
467 2278 566 2303 erant.
606 2272 668 2302 Sed
682 2271 738 2302 illa
752 2282 829 2313 opus

170 2322 293 2363 Ulyssis
308 2322 412 2358 fuisse,
431 2322 583 2352 Homerus
599 2332 660 2352 non
675 2321 763 2352 dicit.

214 2372 287 2401 216.
315 2371 388 2401 Ecce
401 2371 482 2401 Jovis
498 2372 622 2406 monitu,
639 2370 716 2410 etc.]
743 2369 829 2400 Con-

171 2430 295 2450 cursum
322 2419 457 2460 plurium
483 2418 745 2449 substantivorum
775 2417 829 2448 uni

172 2469 266 2499 verbo
281 2467 460 2509 junctorum
476 2478 536 2498 non
553 2477 620 2498 esse
635 2467 830 2502 insolentem,

173 2522 206 2547 et
226 2518 340 2546 monitu
360 2516 479 2547 dictum
499 2527 565 2558 pro,
589 2528 622 2546 ex
642 2517 765 2551 monitu,
783 2526 830 2545 os-

175 2565 276 2595 tendit
308 2566 521 2596 Burmannus.
568 2564 693 2596 Monere
730 2570 835 2595 autem

178 2624 245 2643 esse
267 2614 395 2644 verbum
418 2614 616 2650 somniorum,
635 2613 701 2655 jam
726 2613 838 2654 saepius

181 2661 327 2692 vidimus.
375 2663 530 2693 Caeterum
560 2662 644 2703 quod
673 2661 722 2692 hic
754 2672 836 2691 com-

180 2715 541 2752 memoratur,sumptum
550 2722 586 2741 ex
600 2711 638 2741 Il.
654 2714 689 2742 B.
705 2711 839 2740 1-332.

885 1640 1020 1681 Jupiter,
1033 1640 1204 1681 pernicioso
1222 1640 1262 1671 ad
1276 1640 1544 1682 Agamemnonem

886 1688 1005 1718 somnio
1035 1689 1139 1725 misso,
1163 1688 1295 1725 monuit,
1326 1696 1359 1719 ut
1383 1688 1545 1720 invaderet

885 1737 1035 1778 Trojanos
1049 1750 1057 1775 3
1080 1738 1142 1768 fore
1157 1738 1252 1772 enim,
1268 1743 1303 1768 ut
1317 1739 1425 1768 urbem
1438 1748 1544 1769 eorum

889 1786 1002 1827 capiat.
1048 1786 1266 1827 Agamemnon
1286 1793 1402 1823 autem,
1421 1793 1455 1818 ut
1477 1792 1545 1819 ten-

891 1840 970 1865 taret
986 1834 1214 1876 milites,jussit
1236 1837 1355 1875 incoeptz'
1375 1847 1479 1866 curam
1498 1837 1546 1866 di-

891 1886 1008 1914 mittere
1032 1885 1111 1919 belli,
1129 1884 1277 1915 desistere
1300 1894 1317 1914 a
1336 1884 1430 1920 bello,
1452 1890 1546 1926 atque

892 1932 1023 1963 navibus
1043 1933 1074 1963 in
1095 1943 1179 1963 mare
1200 1933 1345 1963 deductis
1363 1932 1393 1963 in
1413 1934 1546 1974 patriam

892 1981 1002 2012 redire.
1047 1981 1139 2018 Quod
1156 1982 1205 2012 vix
1225 1982 1407 2012 audiverant
1422 1981 1549 2018 milites,

892 2040 988 2071 quum
1003 2029 1067 2060 laeti
1082 2040 1257 2071 magnoque
1274 2041 1344 2061 cum
1359 2030 1494 2061 clamore
1510 2030 1550 2061 ad

894 2088 989 2108 naves
1012 2078 1204 2115 festinarent,
1233 2079 1430 2120 reditumque
1458 2088 1550 2120 para-

893 2132 973 2157 rent.
1020 2127 1081 2157 Hic
1112 2127 1241 2168 Ulysses
1274 2138 1355 2158 unus
1391 2127 1460 2163 fuit,
1498 2127 1551 2169 qui

894 2175 1077 2207 festinantes
1112 2175 1161 2206 vel
1198 2175 1299 2208 verbis
1331 2175 1464 2213 reduxit,
1501 2175 1552 2206 vel

894 2224 1074 2255 verberibus
1097 2225 1244 2261 coercuit,
1268 2230 1300 2256 et
1325 2235 1379 2266 pro
1403 2224 1552 2255 concione

895 2272 1008 2304 milites
1032 2273 1072 2303 ad
1091 2273 1210 2303 bellum
1232 2273 1475 2304 continuandum
1500 2283 1550 2303 co-

896 2320 1035 2352 hortatus
1057 2327 1124 2360 est3
1161 2322 1288 2353 Homer.
1310 2333 1376 2353 ver.
1399 2322 1462 2352 284
1485 2332 1555 2363 sqq.

897 2370 935 2400 In
949 2370 1006 2400 hoc
1019 2370 1113 2412 igitur
1129 2381 1210 2401 nunc
1226 2372 1345 2401 exultat
1361 2371 1427 2412 ejus
1445 2371 1556 2402 oratio.

898 2419 1039 2455 Auctore,
1060 2419 1244 2450 auctoritate
1264 2419 1366 2452 Jovis.
1383 2429 1475 2460 quem
1497 2419 1555 2449 sibi

898 2467 1029 2498 suasisse
1040 2468 1173 2498 reditum
1186 2468 1403 2499 mentiebatur.
1422 2469 1497 2504 Dat,
1505 2468 1555 2499 vel

901 2516 1042 2557 proponit
1054 2516 1229 2552 consilium,
1240 2516 1288 2547 vel
1301 2516 1356 2546 dat
1368 2517 1557 2558 exemplum.

905 2564 1019 2605 Magna
1043 2566 1196 2605 lnquenti5
1223 2565 1291 2595 vide
1315 2564 1334 2595 i.
1353 2565 1426 2596 751.
1471 2565 1557 2596 Ordo

902 2618 959 2649 est,
990 2613 1053 2644 Hoc
1076 2626 1135 2644 non
1167 2621 1231 2645 erat
1266 2616 1390 2645 nimium
1428 2615 1558 2655 loquenti

903 2667 1056 2696 nunquam
1092 2659 1149 2687 nisi
1178 2669 1285 2698 magno
1314 2668 1466 2697 nunquam
1500 2659 1560 2687 nisi

903 2716 1023 2744 semper.
