1779 3130
382 155 1002 199 METAMORPHOSEON
1035 157 1154 199 LIB.
1186 158 1277 200 XI.

1440 161 1523 202 199

144 269 271 316 Crus
298 270 382 316 ubi
408 269 656 316 commisit
679 271 907 325 volucris,
935 272 1192 334 sensitque
1216 273 1388 327 teneri,
1460 278 1521 320 74

140 344 416 406 plangitur,
444 361 500 391 ac
527 344 781 407 trepidans
808 347 1035 408 astringit
1057 348 1253 394 vincula
1276 356 1441 396 motu:

142 420 242 474 Sic,
269 428 324 466 ut
348 436 561 483 quaeque
586 420 691 466 solo
717 420 883 467 defixa
906 422 1178 469 cohaeserat
1201 423 1388 478 harum,

141 496 416 543 Externata
440 496 606 558 fugam
632 496 812 545 frustra
836 499 1087 545 tentabat:
1128 505 1179 545 at
1202 499 1335 546 illam

141 571 299 619 Lenta
321 580 458 619 tenet
483 572 640 628 radix,
665 573 1072 636 exultantemque
1098 582 1323 622 coercet:

142 649 377 711 Dumque
396 649 480 695 ubi
501 649 600 696 sint
619 649 777 711 digiti,
796 650 914 696 dum
936 666 1023 712 pes
1044 650 1127 697 ubi
1150 650 1344 713 quaerit,
1363 658 1412 698 et
1435 669 1523 699 un-

139 724 336 787 Aspicit
359 725 408 771 in
435 732 617 772 teretes
643 725 832 787 lignum
858 726 1127 773 succedere
1153 742 1319 783 suras3
1363 730 1522 789 [gues,

143 800 208 847 Et
232 809 410 848 conata
434 801 592 848 femur
615 802 840 849 moerenti
866 803 1101 865 plangere
1133 803 1325 857 dextra,
1463 807 1518 850 81

142 875 343 923 Robora
366 878 639 941 percussit:
679 886 855 940 pectus
881 895 1083 941 quoque
1108 880 1282 926 robora
1305 880 1455 937 fiunt;

141 952 342 1001 Robora
367 961 483 1000 sunt
507 954 725 1011 hume1·i;
767 962 1091 1018 porrectaque
1117 956 1318 1002 brachia
1340 972 1481 1002 veros

143 1027 269 1077 Esse
294 1037 438 1093 putes
464 1046 642 1085 ramOS,
670 1038 719 1077 et
743 1047 839 1077 non
865 1030 1033 1077 fallare
1059 1031 1295 1093 putandO.

208 1104 306 1152 III.
349 1105 457 1152 Nec
494 1107 615 1152 satis
652 1106 744 1153 hoc
780 1106 980 1154 Baccho
1017 1115 1120 1154 est:
1160 1107 1294 1171 ipsos
1327 1123 1526 1170 quoque

341 1181 526 1228 deserit
551 1198 692 1244 agros
709 1201 720 1239 3

187 1318 238 1347 78.
263 1318 360 1348 Lenta
376 1318 482 1358 tenen]
507 1318 580 1348 Duo
600 1320 688 1360 longa
712 1325 801 1350 tenet.

142 1365 235 1407 Regii
252 1367 344 1397 nostri
361 1367 441 1397 bene
458 1367 575 1398 habent
593 1369 695 1404 lentu5
714 1370 802 1409 longa

141 1415 222 1444 enim
242 1415 362 1445 videtur
377 1415 498 1455 glossa3
524 1416 664 1446 arborum
681 1416 803 1447 scilicet

140 1463 228 1493 radix
254 1474 376 1505 semper
404 1464 514 1505 plusve
543 1465 684 1496 minusve
715 1467 803 1507 longa

141 1518 206 1550 est;
233 1514 314 1542 lenta
339 1518 444 1543 autem
461 1524 519 1543 vox
542 1514 665 1555 propria
691 1514 802 1545 radici-

140 1561 199 1591 bus
215 1567 249 1591 ut
265 1562 414 1592 salicibus
430 1568 460 1592 et
476 1563 629 1603 virgultis,
643 1575 712 1604 quae
729 1565 800 1595 flec-

141 1615 249 1640 tuntur
269 1610 374 1640 facile.
422 1610 586 1650 Ingeniose
606 1614 801 1648 exultantem,

142 1668 211 1699 quae
243 1659 413 1689 conabatur
438 1660 575 1700 prosilire
605 1666 636 1691 et
665 1661 760 1702 pedes
784 1672 802 1692 a

141 1712 222 1737 terra
240 1707 399 1738 revellere.
446 1708 577 1745 Coercet,
593 1709 716 1740 retinet.

185 1755 237 1785 79.
269 1756 406 1796 Dumque
432 1758 482 1785 ubi
505 1758 564 1787 sint
593 1759 695 1798 digiti,
719 1758 800 1798 etc.]

143 1804 258 1835 Confer
276 1804 319 1834 iv.
336 1805 410 1835 591.
429 1805 549 1840 Cadme,
566 1808 637 1845 quid
657 1807 726 1836 hoc?
751 1809 802 1837 ubi

138 1854 212 1892 pes?
243 1854 293 1882 ubi
322 1860 391 1883 sunt
421 1854 591 1893 humerique
618 1857 802 1895 manusque?

145 1901 260 1935 Quaerit
272 1911 310 1932 ex
322 1907 445 1932 vetusto
459 1902 547 1933 metri
559 1913 654 1933 causa
666 1904 803 1944 praetulit

146 1948 269 1989 Regius
297 1949 426 1990 vulgato
454 1952 541 1990 petit.
586 1951 678 1992 Regii
708 1952 802 1982 nostri

143 2002 262 2037 quaerit.
311 1998 442 2029 Teretes:
467 1999 536 2030 vide
554 1999 592 2030 ad
608 2011 639 2031 x.
658 2001 734 2030 ll2:
761 2007 802 2031 te-

143 2053 216 2076 retes
239 2057 325 2077 suras
347 2047 455 2078 laudat
478 2048 572 2078 etiam
598 2049 756 2085 Horatius,
770 2049 802 2080 ii.

145 2095 207 2126 Od.
224 2097 254 2125 4.
292 2097 454 2127 Suet-edere
468 2107 550 2127 nunc
567 2097 689 2133 melius,
708 2109 802 2139 quam

143 2155 337 2179 succrescere,
356 2145 439 2185 quod
462 2146 551 2175 multi
568 2146 660 2176 MSS.
676 2146 802 2183 habent,

145 2198 240 2233 atque
251 2193 344 2223 etiam
356 2193 398 2224 ix.
409 2195 460 2224 35.
475 2194 518 2224 sic
531 2194 656 2235 legitur.
681 2195 803 2226 Femur.

145 2240 334 2282 Plerumque
350 2248 476 2282 pectora
490 2241 730 2283 plangebantur,
746 2245 802 2275 sed

145 2298 176 2320 et
192 2290 261 2320 aliae
277 2290 410 2332 corporis
425 2296 540 2331 partes.

189 2340 241 2369 83.
255 2339 455 2380 Porrectaque
466 2341 587 2370 brachia
601 2340 708 2380 veros]
730 2340 803 2371 Plu-

146 2387 215 2417 rimi
240 2388 340 2429 longos
362 2400 473 2428 quoque
499 2390 619 2419 brachia
646 2400 726 2420 veros
751 2396 805 2420 aut

148 2447 237 2466 veru:
261 2436 409 2467 Heinsius
433 2437 504 2467 hinc
530 2438 660 2478 putabat
683 2439 804 2468 brachiu

147 2495 221 2514 vara
237 2490 290 2515 aut
305 2491 497 2525 porrectaque
509 2487 629 2516 brachia
644 2497 727 2516 varos
739 2487 806 2517 Esse

144 2539 230 2571 putes
254 2544 358 2565 ramos.
404 2534 512 2564 Codex
536 2535 657 2575 Regius
676 2535 705 2565 A
728 2535 804 2566 nihil

149 2587 267 2620 mutat3
291 2588 323 2612 et
337 2583 437 2613 bene:
463 2582 569 2613 Codex
587 2584 625 2619 B,
644 2595 723 2614 veros
737 2595 805 2624 quo-

149 2641 204 2668 que
220 2632 339 2661 brachia
355 2633 463 2672 longos.
488 2631 603 2662 Confer
618 2638 721 2662 notam
736 2632 807 2663 libri

150 2689 180 2708 x.
190 2680 264 2710 250.
276 2680 358 2710 unde
372 2679 543 2721 apparebit,
554 2681 726 2721 superfluas
741 2691 806 2711 esse

1466 1187 1525 1231 85

869 1319 927 1349 hoc
955 1319 1022 1350 loco
1048 1320 1257 1360 Interpretum
1286 1320 1531 1353 emendationes,

868 1367 959 1397 Lusit
974 1378 1077 1398 rursus
1093 1367 1238 1403 Ovidius,
1256 1378 1340 1398 more
1355 1379 1419 1400 suo.

912 1418 1072 1447 85-145,
1090 1417 1330 1458 Midaefabula.]
1351 1417 1443 1448 Conf.
1461 1418 1527 1457 Hy.

868 1464 971 1505 ginus,
998 1465 1061 1496 fab.
1078 1467 1152 1502 191;
1179 1466 1299 1496 Conon.
1326 1466 1408 1506 apud
1435 1466 1526 1496 Phot.

869 1523 938 1555 cap.
954 1513 981 1552 i3
1008 1514 1132 1544 Servius
1151 1513 1190 1544 ad
1210 1513 1388 1554 Virgilium,
1404 1515 1471 1545 Ecl.
1488 1513 1529 1545 vi.

870 1568 901 1592 et
926 1562 1053 1592 AEneid.
1078 1574 1108 1592 x.
1132 1563 1209 1599 1423
1235 1562 1394 1593 Maximus
1419 1563 1528 1603 Tyrius

869 1610 966 1641 Serm.
985 1612 1036 1641 30.
1082 1611 1273 1641 Narraverat
1292 1611 1359 1640 haec
1381 1619 1413 1641 et
1429 1611 1529 1642 Theo-

868 1669 1010 1700 pompus.
1020 1660 1142 1700 Nempe
1152 1659 1298 1700 Phrygiae
1312 1670 1440 1700 regnum
1449 1660 1529 1691 Gor-

868 1707 937 1738 dius
970 1707 1121 1743 condidit,
1147 1708 1234 1749 cujus
1263 1708 1344 1739 filius
1367 1709 1473 1739 Midas
1502 1709 1529 1740 ei

868 1757 1017 1787 successit
1043 1767 1124 1787 anno
1151 1758 1231 1787 1428
1256 1763 1328 1788 ante
1355 1757 1527 1790 Christum.

870 1807 1023 1836 Fabulam
1040 1812 1143 1836 autem
1159 1805 1197 1836 de
1218 1816 1292 1836 auro
1308 1807 1375 1848 ejus
1389 1806 1462 1837 inde
1478 1818 1527 1837 or-

870 1860 934 1885 tam
958 1855 1056 1885 credit
1080 1855 1119 1885 cl.
1133 1854 1178 1885 vir
1204 1855 1322 1896 Gognet
1342 1855 1381 1886 de
1400 1856 1528 1897 Origine

870 1903 993 1939 artium,
1018 1909 1091 1934 tom.
1112 1903 1147 1933 ii.
1172 1915 1202 1945 p.
1220 1905 1292 1934 266.
1318 1904 1400 1944 quod
1423 1905 1529 1936 Midas

869 1958 958 1983 terrae
975 1963 1037 1983 suae
1054 1958 1238 1993 proventum
1253 1953 1332 1984 bene
1343 1953 1528 1989 vendiderit,

870 2006 1150 2042 mercaturamque,
1164 2012 1232 2042 quae
1246 2008 1333 2042 tropo
1349 2012 1409 2032 non
1423 2002 1529 2033 admo-

870 2048 944 2079 dum
961 2049 1037 2080 duro
1054 2049 1114 2079 dici
1131 2050 1226 2091 possit
1241 2050 1345 2081 omnia
1365 2050 1396 2081 iu
1420 2061 1528 2082 aurum

870 2104 1002 2135 mutare,
1018 2098 1215 2140 promoverit.
1260 2099 1352 2130 Certe
1367 2100 1461 2130 etiam
1475 2111 1530 2131 nos

869 2146 1001 2177 dicimus
1022 2148 1060 2177 de
1080 2147 1207 2183 colonis,
1225 2147 1278 2188 qui
1298 2158 1440 2188 agrorum
1460 2159 1529 2179 suo·

870 2205 936 2225 rum
952 2202 1137 2236 proventum
1153 2197 1230 2226 bene
1246 2196 1395 2232 vendunt,
1409 2200 1449 2227 sie
1464 2199 1529 2227 uris-

870 2255 917 2274 sen
932 2245 996 2274 ihre
1010 2245 1162 2275 Producte
1177 2256 1213 2274 zu
1229 2246 1400 2275 versilbern.
1416 2245 1528 2276 ‘Anco-

870 2303 934 2322 ram
949 2292 1104 2323 invenisse
1116 2292 1222 2323 Midas
1237 2293 1369 2323 traditur
1381 2303 1399 2323 a
1411 2293 1527 2324 Pausa-

870 2340 933 2376 nia,
958 2341 1058 2371 Attic.
1082 2353 1112 2383 p.
1130 2343 1178 2371 12.
1201 2340 1465 2382 quemadmodum
1489 2342 1529 2372 ad

871 2389 1078 2426 Demodicen,
1098 2400 1225 2420 uxorem
1250 2390 1328 2430 ejus,
1349 2395 1444 2420 artem
1468 2390 1529 2431 sig-

872 2437 967 2468 nandi
980 2449 1121 2468 nummos
1131 2437 1322 2475 referebant3
1338 2437 1462 2474 Pollux,
1474 2438 1530 2470 lib.

873 2487 950 2517 VII.
966 2497 1038 2528 cap.
1049 2487 1176 2518 vi.sect.
1192 2488 1262 2516 181.
1286 2486 1413 2516 Divitiae
1428 2487 1526 2517 Midae

873 2535 904 2565 in
928 2536 1089 2576 proverbio
1115 2541 1221 2573 erant3
1247 2535 1399 2576 Tyrtaeus,
1423 2535 1468 2567 iii.
1490 2538 1530 2574 6;

874 2584 1005 2619 Plinius,
1022 2583 1130 2614 xxxiii.
1151 2585 1199 2614 15.
1229 2585 1256 2614 Ε
1269 2583 1402 2615 Thracia
1418 2585 1529 2615 transi-

875 2643 942 2663 mus
965 2632 996 2662 in
1021 2632 1152 2673 Lydiam
1178 2638 1209 2663 et
1231 2632 1412 2674 Phrygiam.
1460 2634 1529 2664 Non

873 2684 944 2711 satis
962 2681 988 2711 ei
1005 2689 1057 2716 est,
1073 2681 1163 2722 cujus
1176 2682 1221 2711 ira
1241 2692 1300 2712 non
1321 2681 1463 2722 mitigata
1483 2688 1528 2713 est
