1779 3130
221 190 306 231 376

601 186 650 224 P.
687 183 889 225 OVIDII
923 184 1199 225 NASONIS

225 303 285 348 In
310 299 530 347 deforme
552 298 685 344 viros
711 297 892 344 animal
920 298 1142 353 mutavit,
1171 305 1226 344 ut
1250 298 1381 345 idem

223 375 505 424 Dissimiles
530 373 715 420 homini
742 381 962 436 possent,
990 373 1279 436 similesque
1305 374 1487 421 videri:
1550 377 1611 420 94

222 452 553 513 Membraque
579 449 843 505 contraxit,
870 466 1117 512 naresque
1143 466 1172 497 a
1196 450 1358 497 fronte
1384 451 1590 498 resimas

225 527 485 582 Contudit,
515 533 567 573 et
590 526 723 588 rugis
749 526 995 588 peraravit
1019 526 1232 573 anilibus
1258 542 1367 574 ora:

221 605 450 667 Totaque
474 603 662 649 velatos
688 602 889 649 flaventi
915 618 1122 665 corpora
1144 602 1259 648 villo

223 681 365 727 Misit
388 681 437 726 in
463 681 552 726 has
579 679 751 725 sedes:
792 695 885 725 nec
911 694 1008 725 non
1035 679 1170 741 prius
1193 679 1397 725 abstulit
1418 694 1563 725 usum

220 757 513 811 Verborum,
542 762 594 802 et
618 762 745 802 natae
771 755 877 801 dira
898 755 946 800 in
971 755 1189 817 perjuria
1212 754 1418 816 linguae;

222 833 380 881 Posse
405 832 545 895 queri
570 839 763 878 tantum
789 847 937 877 rauco
963 830 1169 877 stridore
1196 831 1444 893 relinquit.

1526 834 1614 877 lOo

289 908 395 955 Has
419 909 503 954 ubi
523 907 775 970 praeteriit,
803 913 855 954 et
880 906 1247 969 Parthenopeia
1270 907 1446 954 dextra

223 985 413 1032 Moenia
436 985 670 1038 deseruit,
698 984 821 1029 laeva
845 983 907 1029 de
929 991 1071 1044 parte
1097 984 1262 1029 canori
1303 1028 1306 1029 ⁷

265 1157 317 1187 93.
343 1154 381 1185 In
408 1154 537 1195 deforme
563 1155 690 1188 animal,
717 1153 748 1183 in
776 1152 882 1183 simias

221 1205 365 1236 mutavit.
409 1203 470 1234 Sed
495 1213 579 1234 more
603 1214 658 1233 suo
684 1202 813 1232 somnam
842 1201 882 1232 si-

223 1254 354 1284 miarum
366 1252 505 1293 jucunde
520 1251 679 1281 describit.
723 1251 816 1286 siros,
828 1250 882 1280 ho-

221 1302 332 1337 mines,
348 1307 382 1331 ut
397 1311 478 1342 saepe
495 1299 578 1342 apud
594 1300 754 1329 Nostrum.
789 1300 882 1329 Mem-

224 1353 277 1382 bra
291 1352 452 1381 contraxit.
498 1350 603 1378 Amin.
621 1349 724 1379 Marc.
742 1348 816 1378 xxii.
835 1349 883 1377 14.

223 1399 262 1430 de
289 1398 427 1434 Julian0‚
461 1398 634 1432 Videbatur,
673 1404 708 1426 ut
746 1398 881 1436 Cera-aps,

224 1450 304 1479 homo
322 1449 424 1477 brevis.
470 1447 555 1477 Simae
575 1457 672 1481 nares,
689 1445 720 1475 id
742 1451 789 1475 est
808 1456 881 1475 con-

223 1502 343 1531 tractae,
360 1495 457 1526 simiis
474 1495 599 1525 dantur.
636 1495 739 1524 Etiam
755 1494 808 1534 qui
825 1494 884 1524 fas-

224 1544 340 1575 tidiunt
355 1543 474 1584 aliquid
490 1542 610 1573 retortis
627 1542 766 1578 naribus,
779 1544 886 1573 simare

223 1604 310 1624 nares
335 1592 491 1623 dicuntur.
536 1592 597 1621 Sed
624 1591 738 1621 Noster
761 1591 884 1626 maluit,

223 1653 260 1672 ex
284 1641 502 1672 emendatione
527 1639 652 1681 quidem
677 1639 821 1670 salmasii
845 1639 884 1670 ad

222 1691 319 1721 Solin.
348 1701 422 1732 pag.
454 1690 508 1720 68.
545 1691 678 1724 resimas,
713 1688 885 1730 ἀνάσιμος,

225 1750 287 1781 quo
313 1745 344 1769 et
367 1739 478 1774 Varro,
503 1738 681 1769 Columella
707 1744 739 1768 et
764 1738 816 1768 alii
838 1738 885 1768 usi

225 1798 318 1826 sunt3
335 1787 406 1818 vide
421 1787 596 1818 Heinsium.
621 1787 671 1818 Ita
687 1789 823 1817 contudit
838 1799 885 1817 re—

222 1840 310 1868 simas
327 1836 396 1871 erit,
411 1835 565 1871 contudit,
582 1842 616 1866 ut
630 1843 733 1867 essent
754 1835 885 1871 resimae,

223 1892 255 1917 et
279 1899 296 1916 a
315 1887 436 1927 fronte,
460 1886 517 1915 sub
547 1885 656 1915 fronte.
701 1885 775 1916 Jam
803 1885 885 1926 vulg.

222 1936 355 1965 >remissas
375 1943 498 1964 sensum
521 1933 597 1962 mihi
618 1933 746 1963 fundere
764 1933 886 1963 videtur

222 1983 296 2013 satis
311 1983 445 2012 bonurn:
471 1981 574 2011 Nares
594 1981 752 2011 hominum
778 1981 886 2012 elatio-

221 2041 270 2062 res
294 2036 327 2061 et
352 2041 422 2060 eum
449 2029 547 2059 fronte
574 2036 723 2060 coeuntes
744 2040 762 2060 a
788 2030 886 2061 fronte

223 2078 342 2109 remisit
369 2084 400 2109 et
431 2077 583 2108 contudit.
639 2077 734 2118 Regii
764 2078 887 2109 codices

223 2127 339 2158 habent
360 2127 530 2165 vulgatam.
574 2126 737 2167 Exquisite
759 2137 884 2165 perara-

223 2178 265 2206 vit
284 2177 337 2215 (ut
348 2176 418 2206 Art.
433 2175 502 2204 Am.
514 2174 619 2204 ii.218
634 2187 641 2212 3
661 2175 770 2205 Horat.
783 2175 884 2216 Epod.

221 2225 288 2255 viii.
306 2225 355 2264 3.)
380 2223 455 2265 quia
475 2234 559 2264 rugae
579 2223 676 2254 veluti
698 2224 777 2254 sulci
801 2232 884 2255 sunt.

224 2273 307 2304 Hinc
332 2283 425 2315 supra
448 2272 495 2303 iii.
519 2273 596 2303 276.
624 2273 758 2303 δαῖσαι-ὴ*
787 2280 885 2304 cartem

222 2324 318 2363 rugis.
336 2322 421 2352 Posse
431 2324 527 2361 queri,
539 2327 574 2352 ut
582 2333 661 2361 posse
674 2323 752 2362 loqui
764 2322 799 2352 ii.
810 2323 884 2354 483.

271 2372 341 2401 101.
366 2371 590 2409 Parthenopeia.
612 2373 732 2406 moenia,
758 2371 885 2413 Neapo-

222 2420 271 2455 lis,
286 2420 324 2450 ab
338 2429 401 2449 una
415 2419 559 2450 Sirenum
575 2419 619 2449 sic
635 2419 739 2457 dicta3
763 2420 819 2451 Sil.
832 2420 885 2451 xii.

224 2470 276 2499 32.
321 2468 446 2498 AEolida’
475 2470 621 2504 tumulus,
644 2468 675 2499 h.
703 2475 882 2510 promonto-

223 2517 312 2551 rium,
331 2516 414 2558 quod
430 2517 521 2558 paulo
536 2523 605 2558 post
618 2527 635 2547 a
651 2517 786 2553 Miseno,
801 2518 884 2548 AEoli

224 2565 299 2601 filio,
315 2565 452 2596 tubicine
473 2566 591 2601 elassis,
608 2576 721 2596 nomen
742 2567 884 2608 accepit3

224 2613 357 2654 Dionys.
381 2614 485 2644 Halic.
508 2613 531 2644 i.
557 2615 610 2644 53.
655 2616 774 2645 AEneas
801 2615 883 2645 enim

223 2662 304 2691 infra
327 2661 445 2692 Cumas
468 2673 610 2703 egressus
633 2663 737 2694 statim
761 2671 883 2694 antrum

224 2709 351 2750 Sibyllae
374 2709 480 2741 intrat.
525 2711 572 2740 lbi
589 2722 684 2751 quum
705 2723 882 2753 responsum

951 1153 1082 1188 tulisset,
1099 1158 1170 1183 aute
1195 1152 1394 1183 condendum
1416 1163 1482 1183 esse
1505 1162 1616 1194 corpus

951 1201 1043 1231 amici
1064 1201 1265 1243 insepultum,
1282 1212 1377 1242 quam
1392 1201 1519 1232 oracula
1538 1211 1611 1231 con-

951 1251 1044 1286 sulat,
1070 1250 1194 1281 rediens
1217 1250 1257 1281 ad
1280 1250 1356 1281 litus
1379 1250 1493 1292 reperit
1518 1250 1614 1280 Mise-

951 1309 1037 1333 num,
1053 1308 1071 1328 a
1086 1299 1224 1333 Tritone,
1243 1309 1379 1340 quocum
1396 1305 1492 1328 cantu
1513 1304 1614 1329 certa-

952 1353 1049 1382 verat,
1064 1347 1297 1388 interemptum.
1321 1347 1401 1377 Tum
1419 1357 1532 1388 corpus
1547 1347 1614 1388 ejus

952 1395 1116 1431 comburit,
1147 1395 1356 1437 reliquiasque
1388 1397 1445 1426 sub
1477 1396 1615 1437 proximo

952 1450 1056 1474 monte
1073 1445 1184 1486 sepelit
1200 1456 1207 1481 3
1234 1445 1308 1474 AEn.
1324 1443 1367 1474 vi.
1387 1445 1446 1475 163
1463 1455 1531 1485 sqq.
1576 1444 1615 1474 In

950 1492 1005 1522 illo
1018 1492 1106 1523 litore
1118 1493 1274 1534 speluncae
1287 1499 1386 1527 erant,
1398 1493 1497 1523 fontes
1508 1492 1614 1527 calidi,

952 1540 1021 1571 loca
1036 1541 1153 1571 sulfure
1166 1541 1328 1576 fumantia,
1338 1541 1472 1582 paludes
1487 1541 1615 1582 ferrugi-

953 1590 1018 1620 neis
1041 1591 1130 1631 aquis
1154 1596 1186 1621 et
1209 1591 1290 1621 ulvis
1313 1590 1435 1625 obsitae,
1458 1590 1530 1620 hinc
1555 1591 1615 1620 loca

943 1640 1016 1681 feta
1033 1641 1218 1678 palustribus
1241 1641 1329 1669 alvis.
1373 1639 1421 1669 lbi
1441 1639 1537 1670 etiam
1560 1651 1614 1669 αη-

955 1696 1035 1720 trum
1063 1688 1210 1723 immane,
1239 1694 1393 1719 secretum
1430 1688 1615 1718 horrendum

952 1737 1092 1778 Sibyllae,
1106 1737 1195 1778 cujus
1219 1747 1377 1778 responsa,
1394 1747 1412 1766 a
1428 1736 1550 1767 Phoebo
1570 1737 1616 1766 in·

953 1786 1079 1827 spirata,
1095 1796 1149 1827 per
1163 1791 1289 1816 centum
1305 1786 1385 1816 ostia
1399 1786 1479 1816 antri
1497 1796 1615 1816 remea-

953 1836 1040 1866 bant.
1058 1836 1132 1866 AEn.
1148 1834 1189 1865 vi.
1205 1845 1268 1865 ver.
1283 1836 1334 1865 43.
1380 1835 1527 1875 Sibyllam
1550 1835 1616 1865 adit

955 1885 1073 1914 „lineas
1094 1883 1167 1913 olim
1191 1884 1229 1914 ab
1246 1883 1368 1913 Heleno
1384 1884 1478 1923 (AEn.
1495 1883 1538 1913 iii.
1554 1885 1613 1913 441

952 1932 1069 1969 —59.)
1098 1938 1208 1973 postea
1237 1932 1276 1962 ab
1301 1931 1441 1962 Anchisa
1470 1938 1556 1973 patre
1585 1931 1616 1962 in

952 1981 1067 2012 somnis
1092 1981 1227 2011 monitus
1249 1982 1295 2021 (v.
1320 1981 1497 2019 731—37.)
1520 1987 1555 2011 ut
1579 1992 1617 2012 ea

954 2030 1033 2060 duce
1063 2030 1095 2060 in
1123 2040 1249 2071 campos
1277 2030 1400 2070 Elysios
1429 2029 1615 2065 descendat,

954 2079 1080 2119 fataque
1097 2078 1245 2109 instantia
1266 2084 1445 2118 cognoscat.
1489 2078 1617 2109 Fundus

954 2127 1068 2157 fabulae
1086 2132 1132 2157 est
1148 2126 1217 2157 hic:
1243 2127 1362 2157 AEueas
1385 2132 1554 2167 antequam
1577 2138 1615 2157 ex

949 2175 1068 2206 Troade
1099 2175 1284 2211 discederet,
1315 2175 1434 2206 adierat
1463 2176 1615 2217 Sibyllam

951 2225 1157 2266 Erythraeam,
1183 2225 1214 2254 h.
1231 2230 1334 2254 vatem
1357 2225 1515 2266 quandam
1538 2226 1615 2266 Ery—

950 2273 1026 2304 thris
1041 2274 1073 2304 in
1089 2273 1215 2304 sEolide
1229 2285 1237 2311 3
1262 2273 1396 2314 Dionys.
1409 2273 1514 2304 Halic.
1529 2274 1550 2304 i.
1562 2276 1615 2305 55.

950 2323 1023 2354 Jam
1048 2333 1144 2363 quum
1162 2322 1270 2353 Cumae
1294 2322 1325 2352 in
1342 2322 1437 2353 ltalia
1458 2333 1495 2353 ex
1512 2323 1612 2353 Cuma

951 2371 1087 2402 AEolidis
1098 2372 1223 2402 colonos
1235 2371 1394 2412 accepisse
1407 2372 1614 2407 crederentur,

951 2419 983 2450 in
996 2420 1090 2450 Italia
1102 2426 1206 2451 autem
1223 2431 1285 2451 non
1298 2420 1400 2450 minus
1415 2421 1542 2461 Sibyllae
1558 2421 1616 2450 ali-

951 2469 1039 2510 cujus
1063 2469 1171 2510 priscae
1192 2469 1340 2500 memoria
1355 2470 1616 2505 circumferretur,

951 2518 1096 2548 Cumana
1110 2517 1164 2548 illa
1179 2525 1210 2548 et
1224 2518 1387 2559 Erythraea
1401 2529 1455 2559 pro
1470 2519 1579 2549 eadem
1596 2530 1614 2550 a

951 2566 1108 2596 nonnullis
1122 2566 1228 2596 haberi
1241 2567 1357 2607 coepit3
1373 2566 1443 2596 vide
1456 2567 1612 2608 Heynium

951 2614 990 2645 ad
1004 2615 1174 2651 Tibullum,
1186 2616 1233 2646 II.
1245 2627 1275 2645 v.
1291 2616 1340 2646 19.
1392 2615 1524 2651 Γῖιταοὶες
1544 2615 1613 2645 vide

952 2674 1021 2694 mox
1039 2675 1102 2695 ver.
1121 2665 1180 2694 132
1207 2675 1277 2706 sqq.
1322 2665 1372 2694 De
1398 2666 1524 2694 Auernis
1541 2665 1611 2695 vide

952 2712 991 2742 acl
1008 2724 1037 2742 x.
1054 2714 1107 2744 51.
