1779 3130
350 170 969 212 METAMORPHOSEON
1006 171 1063 211 LI
1075 172 1122 212 B.
1157 171 1265 212 XV.

1415 175 1499 214 479

189 282 286 327 Vix
313 299 371 329 ea
396 283 523 330 fatus
550 292 670 338 erat,
699 284 862 330 media
889 301 1039 347 quum
1067 286 1184 332 sede
1211 294 1412 333 senatus

124 358 361 405 Constitit
386 361 515 406 alma
540 360 725 413 Venus,
753 361 873 406 nulli
900 362 1164 416 cernenda,
1193 363 1367 425 suique

123 433 334 481 Caesaris
360 436 540 499 eripuit
564 437 813 491 membris,
840 453 930 483 nec
957 438 1004 482 in
1031 453 1143 484 aera
1169 438 1288 484 solvi

1407 443 1500 486 845

123 509 281 557 Passa
306 519 555 558 recentem
581 513 812 566 animam,
839 513 1126 559 coelestibus
1153 514 1315 560 intulit
1340 517 1500 562 astris.

125 585 360 649 Dumque
386 589 512 643 tulit,
531 605 713 635 numen
739 605 932 651 capere,
951 596 1103 651 atque
1119 589 1371 651 ignescere
1393 607 1502 638 sen-

126 661 404 725 Emisitque
430 664 536 710 sinu
557 681 565 710 :
608 666 725 711 luna
749 665 881 711 volat
905 665 1051 711 altius
1076 665 1174 719 illa,

1402 667 1504 728 [sit‚

124 737 594 802 Flammiferumque
620 741 818 787 trahens
845 741 1064 803 spatioso
1089 741 1244 788 limite
1269 743 1452 789 crinem

126 814 284 861 Stella
304 815 469 871 micat,
491 815 692 878 natique
707 816 879 862 videns
902 816 1178 871 benefacta,
1202 817 1381 865 fatetur
1410 822 1505 865 850

127 889 253 937 Esse
279 893 379 938 suis
405 893 605 954 majora,
633 900 683 939 et
707 893 834 939 vinci
863 894 1048 954 gaudet
1073 895 1134 941 ab
1161 895 1259 942 illo.

125 965 220 1013 Hic
247 984 338 1014 sua
362 968 578 1030 praeferri
604 985 890 1031 quanquam
914 977 1049 1017 vetat
1073 978 1183 1017 acta
1207 972 1440 1034 paternis,

125 1041 303 1090 Libera
325 1043 456 1090 fama
479 1052 661 1100 tamen,
690 1045 937 1107 nullisque
963 1046 1179 1093 obnoxia
1197 1048 1350 1109 jussis

126 1118 342 1166 Invitum
368 1120 579 1182 praefert,
602 1137 799 1184 unaque
825 1122 874 1168 in
901 1130 1039 1185 parte
1065 1131 1322 1186 repugnat.

129 1195 212 1241 Sic
239 1197 403 1257 magni
422 1197 555 1243 cedit
575 1197 732 1244 titulis
754 1198 1142 1259 Agamemnonis
1165 1199 1344 1247 Atreus
1363 1218 1373 1248 z
1415 1205 1508 1248 855

126 1271 283 1333 AEgea
308 1274 377 1319 sic
403 1273 644 1329 TheseUS‚
674 1274 744 1320 sic
771 1274 925 1321 Pelea
948 1276 1101 1322 vincit
1125 1275 1361 1324 Achilles.

127 1347 358 1412 Denique
383 1358 437 1396 ut
461 1351 704 1413 exemplis
732 1350 866 1413 ipsos
893 1352 1206 1413 aequantibus
1233 1359 1357 1406 utar,

127 1423 210 1471 Sic
236 1432 287 1472 et
314 1426 556 1473 Saturnus
580 1427 739 1474 minor
764 1436 840 1474 est
865 1428 1017 1475 Jove:
1047 1428 1280 1492 Juppiter
1305 1446 1442 1477 arces

123 1500 391 1565 Temperat
415 1504 658 1559 aetheriaS,
687 1513 736 1551 et
761 1506 931 1551 mundi
958 1522 1109 1568 regna
1134 1506 1393 1553 triformis:

125 1580 278 1626 Terra
292 1581 385 1627 sub
402 1579 652 1642 Augusto:
675 1589 814 1644 pater
830 1589 906 1629 est
921 1590 972 1628 et
987 1589 1148 1629 rector
1162 1590 1388 1645 uterque.
1414 1586 1509 1630 860

192 1656 272 1713 Di,
291 1673 479 1720 precor,
504 1657 673 1705 AEneae
695 1659 917 1715 comites,
936 1659 1116 1722 quibus
1138 1659 1286 1713 ensis,
1306 1666 1356 1706 et
1381 1659 1508 1722 ignis

125 1820 222 1857 Alibi,
245 1833 357 1851 summa
383 1834 447 1852 arx.
493 1822 608 1852 Similis
630 1823 785 1853 sententia

126 1869 156 1900 in
184 1868 314 1911 Epiced.
342 1870 437 1900 Drusi
463 1881 507 1900 vs.
530 1872 591 1900 61:
626 1876 645 1888 “
663 1881 782 1901 summa

125 1929 213 1950 sacer
236 1918 288 1949 ille
310 1919 430 1950 locatus
452 1920 483 1949 in
505 1929 586 1955 arce,
602 1920 667 1950 Res
686 1920 781 1950 homi>

125 1978 197 1997 num
229 1978 266 1998 ex
295 1974 362 1999 tuto
391 1978 515 1999 cernere
540 1968 652 2010 dignus
681 1969 782 1999 erat.''

127 2016 167 2046 V.
183 2017 246 2047 vol.
264 2016 284 2047 i.
299 2028 329 2058 p.
345 2017 420 2047 410.

170 2066 245 2095 849.
264 2065 548 2107 Flammiferumque
565 2067 694 2102 trahens,
706 2066 783 2106 etc.]

125 2114 304 2150 Suetonius,
329 2115 396 2146 Jul.
412 2114 493 2146 Caes.
511 2116 583 2145 88.:
610 2119 629 2131 ‘⁴
647 2115 684 2145 In
700 2116 784 2145 Deo-

126 2173 194 2194 rum
227 2173 388 2194 numerum
417 2163 532 2194 relatus
561 2170 618 2199 est,
645 2175 705 2194 non
735 2174 786 2194 ore

127 2212 218 2242 modo
242 2211 487 2248 decernentium,
513 2212 567 2242 sed
599 2218 630 2243 et
660 2223 785 2253 persua-

125 2260 210 2291 sione
241 2260 336 2301 vulgi.
391 2261 552 2302 Siquidem
586 2261 679 2297 ludis,
709 2272 786 2302 quos

126 2310 240 2350 primos
273 2309 301 2340 ei
334 2310 430 2340 haeres
462 2309 620 2351 Augustus
661 2310 786 2345 edebat,

127 2358 217 2389 stella
240 2358 352 2389 crinita
373 2370 427 2400 per
455 2365 573 2401 septem
598 2359 664 2389 dies
687 2359 784 2390 conti-

129 2418 206 2438 nuos
225 2406 323 2442 fulsit,
339 2408 479 2438 exoriens
494 2408 577 2438 circa
590 2408 786 2438 undecimam

129 2456 234 2486 horam
248 2468 253 2485 z
271 2455 487 2497 creditumque
503 2462 559 2492 est,
574 2456 708 2487 animam
723 2465 788 2486 esse

130 2505 263 2536 Caesaris
282 2505 314 2535 in
335 2505 451 2536 eoelum
464 2505 582 2547 recepti
597 2518 603 2535 :
628 2511 660 2536 et
674 2505 732 2536 hac
748 2505 787 2535 de

130 2563 225 2584 causa
236 2553 400 2584 simulacro
413 2555 480 2596 ejus
491 2554 522 2584 in
535 2555 648 2585 vertice
665 2554 788 2584 additur

132 2603 254 2634 stella.''
283 2602 365 2634 Vide
381 2613 484 2645 supra,
501 2604 575 2634 749.

175 2652 248 2682 859.
279 2652 458 2693 Triformis3
490 2652 560 2683 vide
590 2652 628 2682 ad
654 2652 707 2681 xii.
738 2653 788 2680 40.

132 2700 289 2741 Expressit
306 2704 410 2730 autem
424 2700 543 2729 Horatii
562 2700 674 2733 locum.
687 2700 712 2729 Ῐ.
727 2699 788 2729 od.

852 1822 905 1853 xii.
933 1824 992 1853 50:
1029 1828 1049 1839 “
1068 1824 1144 1853 Orte
1171 1824 1315 1859 Saturno,
1342 1823 1397 1854 tibi
1434 1835 1510 1855 cura

853 1872 955 1912 magni
972 1872 1105 1903 Caesaris
1122 1872 1190 1902 fatis
1206 1872 1296 1903 data:
1323 1879 1356 1903 tu
1375 1873 1510 1904 secundo

853 1921 976 1951 Caesare
991 1931 1112 1960 regnes.
1142 1920 1186 1951 Te
1203 1921 1300 1951 minor
1314 1922 1410 1951 latum
1427 1929 1512 1962 reget

853 1979 960 2009 aequus
973 1970 1094 1999 orbem:
1119 1970 1165 1999 Tu
1182 1969 1267 2010 gravi
1285 1980 1374 2000 curru
1390 1971 1511 2010 quaties

853 2017 1058 2058 Olympum.'’
1097 2018 1211 2048 Confer
1227 2019 1309 2048 Fast.
1321 2019 1354 2049 ii.
1376 2019 1446 2048 130.

896 2067 971 2096 861.
999 2067 1099 2096 AE'neoe
1119 2069 1247 2103 comites,
1267 2067 1412 2102 Penates,
1435 2079 1512 2108 quos

853 2114 997 2145 incendio
1022 2115 1154 2156 Trojano
1184 2122 1306 2156 ereptos
1330 2116 1361 2146 in
1389 2117 1511 2147 Latium

853 2163 979 2193 advexit
995 2164 1126 2193 AEneaS.
1165 2163 1215 2193 Ab
1232 2164 1279 2193 his
1296 2163 1408 2194 diversi
1430 2166 1510 2195 indi-

851 2219 940 2253 getes,
955 2211 1112 2253 ἐγχώριοι,
1129 2212 1159 2242 in
1173 2212 1284 2253 quibus
1294 2212 1359 2254 ipse
1371 2213 1490 2244 AEneas
1504 2226 1511 2247 ;

854 2261 915 2291 xiv.
938 2262 1010 2291 608.
1059 2262 1231 2303 Expressus
1255 2266 1358 2292 autem
1388 2262 1473 2293 locus
1495 2274 1510 2293 e

855 2310 997 2350 Virgilio,
1015 2312 1130 2349 Georg.
1144 2310 1164 2340 i.
1177 2311 1249 2341 498.
1283 2311 1421 2347 Genitor,
1438 2323 1511 2342 con-

854 2358 944 2394 ditor,
962 2361 1053 2389 urbis.
1093 2359 1160 2389 Cic.
1177 2359 1215 2389 de
1231 2358 1305 2389 Div.
1322 2360 1341 2389 i.
1356 2361 1386 2390 2.
1409 2360 1510 2399 Hujus

854 2409 936 2437 urbis
955 2418 1060 2446 parens
1078 2408 1241 2442 Romncus;
1265 2407 1371 2442 Silius,
1390 2408 1421 2437 ii.
1434 2410 1506 2439 654.

853 2466 960 2495 parens
986 2467 1149 2491 murorum,
1178 2455 1230 2486 ubi
1253 2455 1323 2485 vide
1350 2456 1510 2487 Drakenb.

858 2505 1050 2538 Domesticus‚
1076 2504 1250 2534 Palatinus.
1286 2504 1336 2534 Cf.
1358 2505 1464 2536 Horat.
1483 2508 1509 2536 l.

857 2554 913 2594 Ep.
938 2553 981 2582 iii.
1010 2554 1059 2583 17.
1108 2553 1208 2583 Tarda
1236 2555 1283 2587 sit,
1307 2559 1366 2584 etc.
1412 2555 1508 2585 Hora-

857 2602 928 2636 tius,
945 2601 971 2630 1.
987 2602 1048 2632 Οὐ.
1065 2601 1097 2632 ii.
1112 2603 1171 2632 45:
1197 2606 1217 2618 “
1233 2604 1324 2632 Serus
1341 2601 1372 2632 in
1393 2603 1507 2633 coelum

856 2650 972 2684 redeas,
988 2649 1102 2691 diuque
1128 2650 1229 2680 Lectus
1253 2650 1373 2680 intersis
1397 2652 1510 2691 populo

859 2698 1014 2734 Quirini.⁸'
