1779 3130
198 188 282 229 {338
576 184 625 223 P.
659 181 871 223 OVIDII
906 180 1185 222 NASONIS

207 302 354 354 Nata,
400 308 496 344 tuae
547 296 690 360 (quid
740 296 869 342 enim
922 302 1151 357 superest
1167 294 1208 354 ἲ)
1245 295 1383 341 dolor
1420 295 1590 341 ultime

404 374 563 429 matri,
1495 373 1591 417 494

207 453 355 505 Nata,
370 452 537 514 jaces3
566 450 812 511 videoque
837 454 995 501 tuum,
1016 463 1128 493 mea
1152 448 1370 501 vulnera,
1391 446 1592 492 vulnus!

207 529 300 584 En,
322 544 383 575 ne
410 525 710 590 perdiderim
738 539 1042 587 quemquam
1069 524 1175 570 sine
1198 524 1332 570 caede
1353 538 1592 577 meorum,

207 605 282 651 Tu
304 619 505 666 quoque
524 603 700 649 vulnus
722 601 877 647 habes
897 617 905 647 :
935 606 986 646 at
1007 606 1073 654 te,
1096 599 1215 662 quia
1233 599 1431 655 femina,
1454 599 1596 647 rebar

206 681 251 727 A
276 680 402 727 ferro
426 686 585 726 tutam
605 696 614 734 ;
655 676 880 724 cecidisti
908 683 957 722 et
981 675 1164 722 femina
1188 675 1312 723 ferro
1332 692 1341 722 :

206 757 404 820 Totque
430 763 541 802 tuos
567 755 700 801 idem
726 753 918 807 fratres,
945 758 995 798 te
1020 751 1239 814 perdidit
1264 751 1397 797 idem

209 833 431 880 Exitium
456 832 634 894 Trojae,
663 830 919 892 nostrique
945 829 1157 884 orbator,
1187 827 1425 874 Achilles.

1500 830 1596 874 500

207 910 275 956 At
300 916 568 972 postquam
595 906 791 953 Paridis
817 905 1015 959 cecidit,
1046 904 1326 967 Phoebique
1352 903 1562 966 sagittis,

209 985 358 1032 Nunc
385 992 536 1038 certe,
565 982 686 1038 dixi,
714 998 812 1028 non
837 988 914 1028 est
938 981 1238 1027 metuendus
1264 980 1515 1028 Achilles:

210 1062 358 1108 Nunc
383 1076 586 1124 quoque
606 1062 673 1106 mi
690 1058 987 1106 metuendus
1004 1064 1132 1104 erat:
1155 1057 1278 1103 cinis
1295 1058 1401 1120 ipse
1418 1056 1599 1120 sepulti

209 1138 269 1184 In
295 1154 451 1200 genus
473 1138 565 1184 hoc
587 1137 752 1192 saevit3
783 1135 974 1182 tumulo
995 1150 1197 1196 quoque
1223 1133 1467 1181 sensimus
1487 1133 1599 1179 hos-

210 1214 428 1261 AEacidae
453 1212 683 1260 foecunda
706 1211 804 1258 fui:
839 1212 975 1274 jacet
1001 1209 1127 1256 Ilion
1153 1209 1358 1272 ingens3

210 1394 314 1424 dolor?
338 1395 445 1423 ultima
470 1396 573 1423 matri.
621 1393 797 1423 Abstractis
818 1403 872 1433 pro

212 1442 365 1472 concretis
379 1442 486 1482 positis
502 1441 695 1482 frequentius
710 1441 804 1471 etiam
820 1451 872 1481 ge-

212 1491 328 1525 nitivus
358 1490 493 1525 additur,
523 1500 619 1530 quam
648 1489 790 1519 dativus:
820 1489 874 1520 xii.

213 1540 285 1569 61⁴2.
312 1539 455 1569 Achilles
485 1540 571 1568 timor
598 1538 778 1578 Phrygum,
804 1537 874 1567 vide

213 1588 337 1617 omnino
354 1587 490 1618 Bentlei.
507 1586 546 1617 ad
568 1587 677 1617 Horat.
695 1587 723 1616 Ι.
742 1587 804 1617 Od.
821 1597 874 1616 XV.

213 1638 265 1667 21.
293 1637 402 1672 Tuum,
421 1648 483 1666 mea
508 1637 645 1671 vulnera,
668 1636 800 1665 vulnus!
824 1645 876 1665 ea—

214 1685 284 1716 dem
314 1685 422 1720 forma,
453 1696 523 1726 quae
554 1696 584 1714 x,
618 1685 702 1722 1973
740 1686 877 1724 videoque

215 1742 245 1764 111
254 1747 312 1770 um,
330 1746 389 1764 meu
407 1736 546 1770 crimina,
564 1735 683 1764 vulnus.

258 1785 332 1814 500.
350 1784 485 1813 Eritium
505 1783 598 1823 Trqjae
614 1783 707 1813 etiam
723 1782 810 1812 Paris
825 1793 876 1812 vo-

217 1840 305 1863 catur
330 1844 349 1863 a
374 1838 477 1864 vetere
507 1839 601 1874 poeta
630 1832 714 1874 apud
745 1832 812 1863 Cic.
839 1831 877 1862 de

215 1882 289 1912 Div.
314 1881 333 1911 i.
356 1882 421 1917 213
454 1887 484 1911 et
509 1881 639 1922 Ulysses
668 1881 708 1911 ab
737 1881 878 1915 Horatio,

216 1931 243 1961 I.
260 1931 322 1961 Od.
339 1941 391 1960 xv,
407 1931 460 1960 21.
483 1930 626 1960 Achilles
642 1931 765 1960 esitium
784 1929 878 1968 Triy'ae

218 1980 257 2009 ob
274 1985 382 2020 captas
398 1984 443 2008 tot
458 1979 560 2013 urbes
575 1978 818 2018 interfectosque
835 1983 879 2007 tot

219 2028 307 2062 viros,
338 2027 476 2058 Hectora
514 2026 678 2068 imprimis,
709 2026 762 2066 qui
800 2037 880 2056 unus

217 2076 355 2106 omnium
382 2075 545 2106 fortissime
570 2075 760 2105 defendebat
783 2074 879 2116 patri-

219 2135 280 2156 am.

264 2174 339 2204 503.
381 2173 465 2203 Ciuis
495 2175 553 2211 ipse
582 2172 712 2211 sepulti3
748 2172 883 2202 Scaurus

220 2221 303 2263 apud
319 2222 482 2256 Senecam,
502 2221 647 2252 Controv.
664 2222 715 2251 28.
732 2219 882 2251 Ovidium

219 2270 387 2311 vituperat,
400 2270 482 2311 quod
494 2280 552 2300 nec
567 2269 637 2304 hoc,
653 2279 711 2299 nec
728 2268 796 2299 aliis
808 2268 883 2298 locis

219 2319 334 2355 scierit,
345 2329 415 2361 quae
426 2320 506 2349 bene
519 2318 680 2354 cesserint,
690 2318 882 2358 relinquere:

219 2368 275 2399 sed
290 2379 427 2399 morosus
438 2368 491 2398 ille
508 2367 599 2398 nimis
611 2373 667 2403 est,
681 2377 775 2408 quum
791 2366 885 2396 etiam

221 2418 399 2458 sequentia,
412 2416 766 2456 AEacidoeflrcundafui,
777 2415 886 2445 abesse

221 2467 308 2505 vult3
332 2466 380 2496 his
403 2465 486 2496 enim
507 2465 609 2496 verbis
635 2465 742 2506 utique
765 2463 885 2504 aliquid

223 2516 294 2545 novi
311 2515 454 2546 additur:
481 2514 624 2544 Achilles
639 2514 731 2544 etiarn
748 2519 887 2543 mortuus

221 2563 255 2593 in
282 2575 380 2604 genus
406 2569 543 2594 nostrum
569 2563 669 2598 saevit,
696 2568 730 2593 ut
756 2561 834 2592 adeo
857 2561 885 2592 ei

224 2612 279 2642 soli
322 2619 368 2643 tot
408 2613 519 2643 liberos
568 2612 722 2653 peperisse
768 2611 887 2641 videar.

224 2662 413 2702 Quanquam
449 2671 506 2691 nec
541 2661 673 2691 alterum
711 2660 883 2701 urgendum

223 2717 287 2747 est;
304 2709 476 2749 lugentium
493 2710 574 2739 enim
591 2709 721 2740 affectus
736 2709 883 2739 verbosus

1445 1211 1568 1271 [tem
1587 1225 1596 1255 ;

939 1402 1006 1423 esse
1036 1391 1126 1425 solet,
1155 1390 1373 1432 miseriamque
1403 1400 1490 1421 suam
1520 1389 1603 1420 varie

941 1451 1117 1481 expressam
1134 1446 1284 1481 repetere.
1328 1440 1484 1470 Caeterum
1500 1439 1604 1469 confer

942 1491 984 1526 Q.
1008 1489 1133 1519 Calabr.
1155 1488 1219 1519 xiv.
1241 1489 1302 1518 297
1325 1499 1394 1529 sqq.
1416 1488 1469 1518 ubi
1493 1488 1603 1519 eadem

942 1538 1107 1568 sententia.

986 1587 1060 1617 505.
1089 1587 1175 1617 Jacet
1201 1586 1304 1622 Ili0n5
1335 1586 1504 1616 Boxhornii
1528 1585 1605 1616 liber

933 1636 1005 1676 fuit
1024 1636 1152 1671 Ili011,ut
1164 1635 1277 1676 Virgil.
1290 1636 1366 1665 AEn.
1379 1634 1411 1665 ii.
1423 1636 1497 1666 325.
1524 1636 1605 1665 Ilion

946 1687 1070 1726 ingens,·
1100 1685 1170 1715 vide
1201 1685 1240 1715 ad
1266 1695 1328 1715 ver.
1356 1685 1426 1715 169.
1473 1685 1606 1714 Eventus

943 1737 1057 1775 gravis,
1074 1734 1176 1764 exitus
1199 1733 1306 1769 tristis,
1322 1732 1423 1774 ipsum
1447 1733 1497 1763 Ilii
1521 1733 1605 1764 exci-

946 1783 1045 1813 dium.
1094 1783 1242 1823 Pergama
1268 1790 1390 1819 restant,
1408 1788 1526 1813 restant
1548 1792 1604 1824 pe·

947 1832 1045 1862 ricula
1071 1837 1102 1862 et
1128 1837 1239 1867 metus,
1265 1837 1425 1872 tamquam
1451 1831 1606 1872 Pergama

947 1879 1050 1910 adhuc
1073 1885 1347 1921 oppugnarentur3
1371 1880 1464 1910 etiam
1480 1879 1608 1910 Heroid.

947 1928 968 1959 i.
986 1930 1038 1959 51.
1054 1928 1212 1969 Penelope
1229 1928 1334 1969 Ulyssi
1349 1941 1354 1958 :
1372 1930 1427 1958 uni
1443 1929 1515 1959 mihi
1532 1929 1606 1958 Per-

945 1989 1034 2019 gama
1050 1985 1175 2013 restant,
1191 1987 1300 2019 nempe
1317 1978 1391 2018 quia
1404 1977 1532 2018 [lesses
1548 1987 1609 2007 non

947 2026 1071 2057 redibat
1092 2026 1218 2057 domum
1241 2036 1311 2056 cum
1328 2026 1459 2061 caeteris,
1476 2026 1535 2056 Ilio
1554 2036 1608 2056 ex-

947 2076 1021 2106 ciso.
1066 2075 1104 2105 In
1122 2087 1212 2106 cursu
1228 2077 1313 2106 dolor
1326 2082 1367 2105 est
1382 2075 1475 2106 etiam
1492 2075 1553 2105 IV.
1570 2085 1608 2105 ex

949 2125 1059 2160 Ponto,
1077 2124 1120 2154 xi.
1140 2125 1176 2154 18
1190 2137 1199 2161 ,·
1225 2124 1294 2155 vide
1310 2124 1349 2154 ad
1364 2135 1395 2155 x.
1410 2125 1483 2154 401.
1508 2125 1608 2154 Masi-

949 2185 996 2204 ma
1016 2185 1129 2209 rernm,
1145 2180 1182 2204 ut
1200 2175 1401 2213 pulcherrime
1424 2185 1523 2205 rerum.
1542 2174 1609 2205 viii.

950 2224 1004 2253 49.
1053 2223 1184 2259 Putens;
1209 2223 1279 2253 vide
1303 2223 1343 2254 ad
1367 2234 1431 2254 ver.
1447 2224 1500 2254 22.
1545 2224 1610 2254 He-

950 2272 1032 2302 cuba
1056 2271 1181 2301 Priamo
1201 2278 1318 2312 septem
1342 2271 1422 2302 filias
1442 2278 1473 2302 et
1493 2272 1611 2302 duode-

951 2320 1011 2350 cim
1025 2320 1179 2361 peperisse
1196 2320 1340 2351 scribitur
1354 2333 1362 2357 ;
1386 2331 1423 2351 ex
1439 2321 1506 2351 aliis
1525 2331 1612 2351 nam-

952 2379 1013 2410 que
1038 2369 1219 2399 mulieribus
1241 2369 1375 2410 reliquos
1395 2369 1434 2400 ad
1454 2370 1611 2411 quinqua-

952 2418 1041 2458 ginta
1057 2429 1155 2459 usque
1172 2419 1315 2448 Priamus
1329 2419 1478 2459 suscepit.
1498 2419 1613 2448 Trahor

952 2477 1013 2497 non
1035 2467 1125 2497 modo
1142 2467 1216 2508 quia
1231 2467 1340 2502 invita,
1358 2466 1412 2497 sed
1427 2467 1519 2497 etiam
1539 2467 1613 2508 quia

952 2515 1091 2555 longiore
1106 2515 1216 2545 itinere
1234 2515 1385 2545 maritimo
1404 2516 1611 2556 sequebatur:

953 2563 1023 2594 vide
1041 2563 1079 2594 ad
1096 2563 1150 2594 vii.
1166 2565 1217 2594 67.
1264 2564 1345 2594 ΕυιΙ
1362 2574 1455 2599 nunc,
1473 2575 1541 2605 quae
1559 2565 1612 2594 ab·

954 2612 1076 2643 ducitur
1092 2612 1216 2653 captiva
1230 2622 1247 2642 e
1263 2613 1374 2654 patria.
1421 2613 1517 2643 Pensa
1535 2613 1612 2643 lani-

953 2661 1034 2698 ficii3
1060 2661 1222 2702 Virgilius,
1246 2662 1365 2702 Georg.
1391 2662 1411 2693 i.
1427 2663 1500 2693 390.
1523 2674 1610 2701 pensa

951 2721 1081 2748 car-pere.
1132 2709 1251 2739 Ithacus
1287 2721 1351 2751 pro,
1386 2710 1528 2745 Ithacins,
1558 2717 1611 2741 aut
