1779 3130
213 198 298 237 :31ss
610 195 656 234 1‘.
691 193 901 234 OVIDlI
938 193 1216 234 NASONIS

217 310 274 356 In
293 314 522 372 promptu
539 307 655 353 mihi
677 307 762 363 sit3
781 323 943 354 rerum
958 314 1126 353 tamen
1141 307 1311 352 ordine
1321 306 1489 353 ducar.
1511 310 1595 354 161

218 385 437 433 Praescia
460 383 650 430 venturi
677 383 904 445 genetrix
927 383 973 429 N
979 385 1109 430 ereia
1132 382 1217 429 leti

220 460 514 507 Dissimulat
538 460 673 506 cultu
699 467 897 516 natum3
938 460 1205 522 deceperat
1228 474 1416 512 omnes,

217 537 276 583 In
302 537 484 599 quibus
510 535 735 598 Ajacem,
763 541 976 598 sumptae
1001 535 1196 582 fallacia
1218 535 1386 582 vestis.

216 613 370 659 Arma
394 629 485 675 ego
510 612 752 667 femineis,
781 612 998 659 animum
1023 617 1217 657 motura
1239 611 1444 667 virilem,
1512 614 1602 657 165

216 689 473 736 Mercibus
500 689 712 736 inserui:
753 704 918 750 neque
938 688 1100 734 adhuc
1126 688 1402 750 projecerat
1426 688 1569 733 heros

218 766 480 827 Virgineos
512 765 729 821 habitus,
762 781 916 827 quum
948 780 1171 828 parmam
1204 764 1500 825 hastamque
1531 771 1602 810 te-

219 848 248 865 “
268 841 400 888 Nate
413 841 570 897 Dea‚”
583 841 743 895 dixi,“
755 841 846 887 tibi
859 857 911 887 se
925 840 1143 904 peritura
1158 847 1410 887 reservant
1426 839 1604 900 [nenti,

219 918 491 979 Pergama:
543 916 665 979 quid
703 916 900 963 dubitas
939 917 1192 978 ingentem
1230 922 1447 963 evertere
1486 915 1605 962 Tro-

219 994 480 1056 Injecique
501 1009 719 1047 manum,
736 992 1016 1054 fortemque
1032 992 1094 1038 ad
1110 991 1254 1038 fortia
1269 991 1396 1038 misi.
1421 993 1542 1054 [jam
1559 991 1608 1037 '3⁵'

221 1069 354 1133 Ergo
380 1086 531 1132 opera
556 1069 703 1124 illius,
730 1085 842 1116 mea
866 1076 1007 1115 sunt:
1048 1085 1138 1131 ego
1163 1068 1420 1131 Telephon
1446 1068 1588 1114 hasta

220 1146 537 1208 Pugnantem
562 1145 758 1201 domui3
798 1145 983 1191 victum
1009 1152 1334 1206 orantemque
1358 1143 1524 1191 refeci.

222 1221 369 1276 Quod
417 1223 602 1269 Thebae
649 1222 892 1276 cecidere,
942 1238 1108 1268 meum
1151 1228 1250 1268 est:
1302 1236 1381 1267 me
1422 1220 1609 1267 credite

424 1298 637 1353 Lesbon,
1519 1299 1609 1343 173

223 1374 310 1421 Me
331 1374 585 1429 Tenedon,
611 1374 961 1437 Chrysenque,
980 1380 1030 1420 et
1049 1374 1246 1436 Cyllan,
1269 1373 1512 1437 Apollinis
1529 1388 1608 1419 ur-

224 1450 291 1496 Et
318 1450 481 1513 Syron
506 1450 729 1513 cepisse:
769 1467 881 1498 mea
905 1466 1149 1498 concussa
1173 1458 1345 1513 putate
1479 1450 1607 1512 [bes‚

223 1526 557 1574 Procubuisse
583 1527 689 1573 solo
716 1526 958 1590 Lyrnesia
982 1526 1162 1573 moenia
1186 1526 1378 1572 dextra.

268 1647 339 1676 162.
368 1646 497 1676 Proescia
514 1648 644 1681 venturi,
661 1645 738 1685 etc.]
768 1644 883 1676 Confer

224 1694 372 1735 Apollod.
387 1695 449 1725 III.
466 1693 530 1724 xiii.
547 1696 565 1725 8
580 1706 588 1732 ;
617 1694 734 1735 Hygin.
752 1693 814 1724 fab.
830 1695 882 1724 96.

224 1742 346 1773 Festive
374 1748 405 1773 et
430 1743 536 1783 jocose
564 1753 612 1773 res
644 1748 785 1772 narratur
813 1742 883 1773 Art.

224 1792 333 1822 Amat.
357 1791 378 1822 i.
397 1792 460 1822 689
481 1802 550 1833 sqq.
600 1792 728 1822 Praescia
751 1793 882 1827 venturi,

226 1840 332 1875 futuri,
345 1841 407 1876 leti,
424 1850 536 1881 nempe
553 1839 661 1874 filium,
675 1839 700 1869 si
713 1839 752 1869 ad
763 1839 884 1880 Trojam

228 1888 484 1930 proficisceretur,
502 1888 683 1930 periturum.
708 1889 888 1918 Dissimulczt

227 1938 325 1972 cultu,
341 1937 455 1967 vestitu
472 1936 611 1977 virgineo
628 1942 746 1966 tectum
764 1936 796 1966 in
812 1937 886 1977 Scy-

228 1996 282 2016 ron
298 1985 432 2015 insulam
447 1984 531 2015 misit
553 1985 592 2015 ad
604 1984 823 2026 Lycomedem,
837 1985 888 2015 ubi

229 2034 310 2064 inter
320 2034 454 2074 virgines
465 2034 567 2064 latuit.
590 2033 769 2064 Secundum
784 2034 888 2065 Schol.

229 2081 368 2117 Homeri,
384 2083 425 2112 Ι1.
449 2086 485 2113 Τ.
500 2083 574 2113 332.
593 2083 733 2123 Ulysses,
754 2082 888 2113 Phoenix

229 2139 261 2162 et
279 2131 394 2162 Nestor
413 2137 549 2161 oratores
569 2131 653 2161 missi
675 2137 747 2161 sunt
769 2131 807 2161 ad
829 2132 890 2172 Ly-

232 2179 404 2214 comedem,
421 2190 480 2209 non
502 2185 607 2209 autem
626 2180 714 2218 Ajar.
759 2179 890 2219 L'lysses

232 2228 265 2258 in
289 2228 442 2259 vestibulo
471 2228 554 2268 regio
578 2228 721 2269 deposuit
739 2228 890 2269 femineas

231 2289 349 2313 merces,
372 2277 579 2307 instrumenta
602 2276 742 2307 textoria.
787 2277 890 2307 Schol.

232 2327 360 2357 Homer.
382 2325 569 2367 ἰστουργικὰ
588 2325 752 2366 ἐργαλεῖα.
797 2327 891 2356 Arma

233 2377 347 2406 inserui
363 2374 561 2405 Schirachius
577 2374 725 2415 explicat,
744 2384 828 2404 arma
843 2374 889 2404 in-

236 2424 289 2454 dui
306 2423 416 2454 latenti
428 2423 560 2454 Achilli.
604 2423 715 2458 Immo,
731 2433 815 2454 arma
836 2423 891 2453 ad-

235 2472 301 2502 didi
335 2472 401 2502 istis
438 2471 604 2502 mercibus.
662 2471 795 2502 Addunt
825 2471 891 2508 alii,

238 2521 379 2561 Ulyssem
409 2519 579 2550 tubicinem
605 2519 732 2561 jussisse
769 2530 892 2557 canere,

236 2578 452 2609 armorumque
474 2569 623 2610 crepitum
644 2568 721 2603 fieri,
740 2579 801 2609 quo
816 2574 892 2599 stre-

238 2617 303 2658 pitu
333 2623 520 2647 commotum
555 2617 712 2648 Achillem
749 2617 893 2658 clypeum

239 2665 422 2705 hastamque
436 2665 612 2706 arripuisse.
656 2665 717 2695 Sed
732 2666 763 2695 in
779 2666 892 2702 verbis,

241 2726 330 2755 nequo
346 2716 443 2744 adhuc
456 2717 738 2754 projecerat—diti,
754 2715 830 2746 mira
845 2721 892 2745 est

950 1643 1097 1674 brevitas.
1146 1644 1209 1673 Tibi
1231 1654 1259 1673 se
1279 1650 1428 1673 reservant
1449 1648 1609 1684 tamquam

950 1698 1059 1734 sponte
1074 1692 1104 1722 id
1119 1692 1247 1727 faciant,
1259 1692 1343 1733 quod
1355 1691 1418 1722 fato
1434 1691 1611 1722 accidebat.

951 1743 1152 1773 Burmannus
1161 1741 1301 1772 fabulam
1313 1741 1384 1771 inde
1400 1747 1497 1771 ortam
1511 1746 1612 1782 putat,

951 1791 1033 1832 quod
1051 1790 1194 1821 Achilles
1213 1796 1279 1820 tum
1298 1789 1481 1831 α’ρτίγαμος
1495 1789 1587 1820 suerit
1602 1802 1611 1828 3

954 1841 1012 1872 hoc
1036 1841 1118 1871 enim
1137 1842 1229 1871 moris
1250 1839 1343 1870 fuisse
1368 1839 1450 1881 apud
1474 1840 1613 1876 Graecos,

954 1897 989 1920 ut
1016 1891 1131 1921 νεωστὶ
1160 1889 1388 1931 γεγαμηκότας
1419 1889 1613 1920 absolverent

954 1938 1109 1969 militandi
1126 1948 1266 1968 munere.
1291 1938 1401 1978 Ingens
1419 1937 1509 1976 Trqja
1519 1937 1613 1968 etiam

956 1998 1019 2017 ver.
1041 1988 1113 2017 505.
1132 1991 1163 2016 et
1185 1985 1269 2027 apud
1286 1985 1462 2025 Virgillum,
1480 1986 1553 2015 AEn.
1570 1985 1614 2016 iii.

957 2037 1032 2067 462.
1074 2035 1286 2066 Referendum
1310 2035 1345 2065 τὸ
1371 2037 1473 2075 ingens
1494 2035 1544 2064 vel
1575 2035 1614 2065 ad

956 2085 1108 2114 ambitum
1135 2083 1218 2113 urbis
1244 2083 1391 2121 (Seneca,
1412 2082 1524 2113 Troad.
1550 2084 1613 2113 22:

958 2133 1054 2163 victor
1083 2135 1196 2162 lentum
1226 2132 1317 2161 Ilium
1353 2131 1483 2161 Metitur
1511 2133 1615 2168 oculis,

957 2194 991 2211 ac
1015 2183 1109 2211 decem
1138 2183 1257 2210 tandem
1274 2179 1368 2219 serus
1398 2179 1529 2221 Ignoscit
1556 2193 1614 2211 an-

957 2229 1031 2267 nia)
1054 2230 1102 2260 vel
1128 2229 1167 2259 ad
1193 2228 1334 2269 gloriam.
1372 2229 1461 2269 Virg.
1484 2229 1559 2259 AEn.
1582 2229 1615 2260 ii.

958 2280 1031 2309 325.

1003 2328 1075 2357 171.
1103 2327 1199 2365 Opera
1220 2328 1304 2356 illius
1322 2338 1384 2356 mea
1404 2326 1501 2366 sitim]
1529 2327 1615 2368 Ope-

958 2387 1024 2406 rum
1045 2375 1177 2405 Achillis
1201 2375 1373 2406 indiculum
1390 2376 1456 2416 jam
1473 2375 1527 2405 xii.
1554 2376 1614 2407 105

960 2435 1028 2465 sqq.
1044 2424 1221 2459 habuimus,
1237 2424 1289 2454 ubi
1307 2424 1378 2454 vide
1396 2429 1462 2454 not.
1508 2424 1612 2455 Etiam

958 2473 1041 2514 apud
1057 2474 1096 2509 Q.
1112 2473 1181 2503 Cal.
1194 2474 1257 2504 256
1273 2484 1340 2514 sqq.
1354 2473 1392 2503 de
1408 2483 1443 2503 eo
1455 2473 1615 2513 gloriatur,

959 2521 1041 2562 quod
1052 2520 1209 2551 Achillem
1220 2521 1404 2551 adduxerat.
1421 2521 1482 2550 Sed
1493 2521 1616 2562 longius

958 2570 1160 2611 progreditur,
1185 2576 1216 2600 et
1245 2570 1369 2610 singula
1398 2581 1520 2611 quoque
1549 2571 1616 2612 ejus

958 2629 1051 2659 opera
1078 2619 1135 2649 sibi
1172 2618 1318 2654 vindicat,
1353 2618 1614 2659 quemadmodum

958 2678 1023 2697 ver.
1039 2668 1102 2697 236
1121 2678 1191 2707 sqq.
1216 2672 1333 2707 partem
1353 2666 1429 2698 adeo
1451 2678 1550 2698 rerum
1573 2668 1613 2698 ab

958 2717 1024 2757 ipso
1039 2716 1137 2757 Ajace
1151 2722 1317 2756 gestarum.
