<?xml version="1.0" encoding="UTF-8"?>
<!DOCTYPE html PUBLIC "-//W3C//DTD XHTML 1.0 Transitional//EN"
    "http://www.w3.org/TR/xhtml1/DTD/xhtml1-transitional.dtd">
<html xmlns="http://www.w3.org/1999/xhtml" xml:lang="en" lang="en">
 <head>
  <title>
</title>
<meta http-equiv="Content-Type" content="text/html;charset=utf-8" />
  <meta name='ocr-system' content='tesseract 3.04.00' />
  <meta name='ocr-capabilities' content='ocr_page ocr_carea ocr_par ocr_line ocrx_word'/>
</head>
<body>
  <div class='ocr_page' id='page_1' title='image "./povidiinasonisop04oviduoft_0294.png"; bbox 0 0 1779 3130; ppageno 0'>
   <div class='ocr_carea' id='block_1_1' title="bbox 208 182 1219 227">
    <p class='ocr_par' dir='ltr' id='par_1_1' title="bbox 208 182 1219 227">
     <span class='ocr_line' id='line_1_1' title="bbox 208 182 1219 227; baseline -0.004 0"><span class='ocrx_word' id='word_1_1' title='bbox 208 187 293 227; x_wconf 69' lang='lat'>282</span> <span class='ocrx_word' id='word_1_2' title='bbox 606 185 656 224; x_wconf 92' lang='lat' dir='ltr'>P.</span> <span class='ocrx_word' id='word_1_3' title='bbox 692 182 905 224; x_wconf 93' lang='lat' dir='ltr'>OVIDII</span> <span class='ocrx_word' id='word_1_4' title='bbox 940 182 1219 224; x_wconf 89' lang='lat' dir='ltr'><strong>NASONIS</strong></span> 
     </span>
    </p>
   </div>
   <div class='ocr_carea' id='block_1_2' title="bbox 209 296 1600 1509">
    <p class='ocr_par' dir='ltr' id='par_1_2' title="bbox 210 296 1600 1110">
     <span class='ocr_line' id='line_1_2' title="bbox 212 296 1589 359; baseline -0.002 -14"><span class='ocrx_word' id='word_1_5' title='bbox 212 300 389 345; x_wconf 79' lang='lat' dir='ltr'>Inserit</span> <span class='ocrx_word' id='word_1_6' title='bbox 405 308 603 344; x_wconf 87' lang='lat' dir='ltr'>amento</span> <span class='ocrx_word' id='word_1_7' title='bbox 620 296 824 358; x_wconf 80' lang='lat' dir='ltr'>digitos:</span> <span class='ocrx_word' id='word_1_8' title='bbox 857 303 886 320; x_wconf 90' lang='lat'><strong>“</strong></span> <span class='ocrx_word' id='word_1_9' title='bbox 901 296 1317 359; x_wconf 76' lang='lat' dir='ltr'>Miscendaque,⁷&#39;</span> <span class='ocrx_word' id='word_1_10' title='bbox 1335 297 1476 351; x_wconf 81' lang='lat' dir='ltr'>dixit,</span> <span class='ocrx_word' id='word_1_11' title='bbox 1499 300 1589 342; x_wconf 85' lang='lat'>321</span> 
     </span>
     <span class='ocr_line' id='line_1_3' title="bbox 211 373 1594 438; baseline -0.003 -16"><span class='ocrx_word' id='word_1_12' title='bbox 211 383 239 400; x_wconf 79' lang='lat'>‘⁵</span> <span class='ocrx_word' id='word_1_13' title='bbox 261 377 390 422; x_wconf 87' lang='lat' dir='ltr'>Cum</span> <span class='ocrx_word' id='word_1_14' title='bbox 420 375 576 438; x_wconf 81' lang='lat' dir='ltr'>Styge</span> <span class='ocrx_word' id='word_1_15' title='bbox 596 375 708 421; x_wconf 81' lang='lat' dir='ltr'>vina</span> <span class='ocrx_word' id='word_1_16' title='bbox 727 374 917 428; x_wconf 81' lang='lat' dir='ltr'>bibas‚’&#39;</span> <span class='ocrx_word' id='word_1_17' title='bbox 941 373 1167 420; x_wconf 82' lang='lat' dir='ltr'>Phorbas</span> <span class='ocrx_word' id='word_1_18' title='bbox 1187 391 1195 420; x_wconf 93' lang='lat'>:</span> <span class='ocrx_word' id='word_1_19' title='bbox 1226 389 1316 419; x_wconf 90' lang='lat' dir='ltr'>nec</span> <span class='ocrx_word' id='word_1_20' title='bbox 1337 374 1478 435; x_wconf 90' lang='lat' dir='ltr'>plura</span> <span class='ocrx_word' id='word_1_21' title='bbox 1493 389 1594 418; x_wconf 88' lang='lat' dir='ltr'>mo-</span> 
     </span>
     <span class='ocr_line' id='line_1_4' title="bbox 213 450 1598 513; baseline -0.003 -15"><span class='ocrx_word' id='word_1_22' title='bbox 213 453 271 498; x_wconf 88' lang='lat' dir='ltr'>In</span> <span class='ocrx_word' id='word_1_23' title='bbox 285 454 519 513; x_wconf 81' lang='lat' dir='ltr'>juvenem</span> <span class='ocrx_word' id='word_1_24' title='bbox 535 451 944 513; x_wconf 78' lang='lat' dir='ltr'>torsitJ‘aculum;</span> <span class='ocrx_word' id='word_1_25' title='bbox 975 450 1255 512; x_wconf 79' lang='lat' dir='ltr'>ferrataque</span> <span class='ocrx_word' id='word_1_26' title='bbox 1275 450 1403 495; x_wconf 89' lang='lat' dir='ltr'>collo</span> <span class='ocrx_word' id='word_1_27' title='bbox 1442 451 1598 510; x_wconf 88' lang='lat' dir='ltr'>[ratus</span> 
     </span>
     <span class='ocr_line' id='line_1_5' title="bbox 212 527 1508 589; baseline -0.002 -15"><span class='ocrx_word' id='word_1_28' title='bbox 212 528 472 583; x_wconf 77' lang='lat' dir='ltr'>Fraxinus,</span> <span class='ocrx_word' id='word_1_29' title='bbox 501 535 555 574; x_wconf 90' lang='lat' dir='ltr'>ut</span> <span class='ocrx_word' id='word_1_30' title='bbox 580 543 698 574; x_wconf 89' lang='lat' dir='ltr'>casu</span> <span class='ocrx_word' id='word_1_31' title='bbox 720 528 876 589; x_wconf 83' lang='lat' dir='ltr'>jacuit</span> <span class='ocrx_word' id='word_1_32' title='bbox 901 527 1178 589; x_wconf 79' lang='lat' dir='ltr'>resupinUS,</span> <span class='ocrx_word' id='word_1_33' title='bbox 1208 527 1387 572; x_wconf 88' lang='lat' dir='ltr'>adacta</span> <span class='ocrx_word' id='word_1_34' title='bbox 1411 532 1508 571; x_wconf 86' lang='lat' dir='ltr'>est:</span> 
     </span>
     <span class='ocr_line' id='line_1_6' title="bbox 212 601 1597 665; baseline -0.001 -16"><span class='ocrx_word' id='word_1_35' title='bbox 212 604 349 651; x_wconf 85' lang='lat' dir='ltr'>Mors</span> <span class='ocrx_word' id='word_1_36' title='bbox 376 604 534 651; x_wconf 87' lang='lat' dir='ltr'>caruit</span> <span class='ocrx_word' id='word_1_37' title='bbox 560 619 736 659; x_wconf 83' lang='lat' dir='ltr'>sensu;</span> <span class='ocrx_word' id='word_1_38' title='bbox 778 603 1026 665; x_wconf 88' lang='lat' dir='ltr'>plenoque</span> <span class='ocrx_word' id='word_1_39' title='bbox 1053 618 1078 648; x_wconf 93' lang='lat' dir='ltr'>e</span> <span class='ocrx_word' id='word_1_40' title='bbox 1105 609 1303 662; x_wconf 82' lang='lat' dir='ltr'>gutture</span> <span class='ocrx_word' id='word_1_41' title='bbox 1329 601 1475 647; x_wconf 85' lang='lat' dir='ltr'>fluxit</span> <span class='ocrx_word' id='word_1_42' title='bbox 1502 604 1597 647; x_wconf 84' lang='lat'>325</span> 
     </span>
     <span class='ocr_line' id='line_1_7' title="bbox 210 677 1544 743; baseline -0.004 -16"><span class='ocrx_word' id='word_1_43' title='bbox 210 681 373 743; x_wconf 81' lang='lat' dir='ltr'>Inque</span> <span class='ocrx_word' id='word_1_44' title='bbox 398 689 546 735; x_wconf 91' lang='lat' dir='ltr'>toros,</span> <span class='ocrx_word' id='word_1_45' title='bbox 574 680 726 742; x_wconf 87' lang='lat' dir='ltr'>inque</span> <span class='ocrx_word' id='word_1_46' title='bbox 752 680 861 742; x_wconf 89' lang='lat' dir='ltr'>ipsa</span> <span class='ocrx_word' id='word_1_47' title='bbox 886 679 1024 740; x_wconf 83' lang='lat' dir='ltr'>niger</span> <span class='ocrx_word' id='word_1_48' title='bbox 1049 678 1303 725; x_wconf 86' lang='lat' dir='ltr'>carchesia</span> <span class='ocrx_word' id='word_1_49' title='bbox 1327 677 1544 738; x_wconf 82' lang='lat' dir='ltr'>sanguis.</span> 
     </span>
     <span class='ocr_line' id='line_1_8' title="bbox 211 753 1596 819; baseline -0.002 -18"><span class='ocrx_word' id='word_1_50' title='bbox 211 757 325 803; x_wconf 81' lang='lat' dir='ltr'>Vidi</span> <span class='ocrx_word' id='word_1_51' title='bbox 346 774 438 819; x_wconf 83' lang='lat' dir='ltr'>ego</span> <span class='ocrx_word' id='word_1_52' title='bbox 456 756 721 810; x_wconf 81' lang='lat' dir='ltr'>Petraeum,</span> <span class='ocrx_word' id='word_1_53' title='bbox 741 762 1004 801; x_wconf 83' lang='lat' dir='ltr'>conantem</span> <span class='ocrx_word' id='word_1_54' title='bbox 1024 754 1232 801; x_wconf 81' lang='lat' dir='ltr'>evellere</span> <span class='ocrx_word' id='word_1_55' title='bbox 1249 762 1378 800; x_wconf 89' lang='lat' dir='ltr'>terra</span> <span class='ocrx_word' id='word_1_56' title='bbox 1405 753 1596 814; x_wconf 86' lang='lat' dir='ltr'>[ambit,</span> 
     </span>
     <span class='ocr_line' id='line_1_9' title="bbox 217 830 1600 894; baseline -0.003 -15"><span class='ocrx_word' id='word_1_57' title='bbox 217 833 555 880; x_wconf 86' lang='lat' dir='ltr'>Glandiferam</span> <span class='ocrx_word' id='word_1_58' title='bbox 597 849 859 894; x_wconf 91' lang='lat' dir='ltr'>quercum:</span> <span class='ocrx_word' id='word_1_59' title='bbox 919 847 1068 893; x_wconf 89' lang='lat' dir='ltr'>quam</span> <span class='ocrx_word' id='word_1_60' title='bbox 1101 831 1218 877; x_wconf 80' lang='lat' dir='ltr'>(lum</span> <span class='ocrx_word' id='word_1_61' title='bbox 1256 830 1600 893; x_wconf 83' lang='lat' dir='ltr'>complexibus</span> 
     </span>
     <span class='ocr_line' id='line_1_10' title="bbox 211 908 1516 972; baseline -0.002 -16"><span class='ocrx_word' id='word_1_62' title='bbox 211 910 277 956; x_wconf 91' lang='lat' dir='ltr'>Et</span> <span class='ocrx_word' id='word_1_63' title='bbox 303 911 464 972; x_wconf 90' lang='lat' dir='ltr'>quatit</span> <span class='ocrx_word' id='word_1_64' title='bbox 488 911 584 956; x_wconf 91' lang='lat' dir='ltr'>huc</span> <span class='ocrx_word' id='word_1_65' title='bbox 610 910 742 964; x_wconf 86' lang='lat' dir='ltr'>illuc,</span> <span class='ocrx_word' id='word_1_66' title='bbox 771 908 1119 970; x_wconf 77' lang='lat' dir='ltr'>labefactaque</span> <span class='ocrx_word' id='word_1_67' title='bbox 1146 908 1323 954; x_wconf 87' lang='lat' dir='ltr'>robora</span> <span class='ocrx_word' id='word_1_68' title='bbox 1341 908 1516 970; x_wconf 87' lang='lat' dir='ltr'>jactat,</span> 
     </span>
     <span class='ocr_line' id='line_1_11' title="bbox 213 984 1598 1040; baseline -0.003 -8"><span class='ocrx_word' id='word_1_69' title='bbox 213 986 410 1033; x_wconf 86' lang='lat' dir='ltr'>Lancea</span> <span class='ocrx_word' id='word_1_70' title='bbox 436 986 663 1040; x_wconf 85' lang='lat' dir='ltr'>Pirithoi,</span> <span class='ocrx_word' id='word_1_71' title='bbox 692 986 843 1031; x_wconf 86' lang='lat' dir='ltr'>costis</span> <span class='ocrx_word' id='word_1_72' title='bbox 870 985 1091 1030; x_wconf 83' lang='lat' dir='ltr'>immissa</span> <span class='ocrx_word' id='word_1_73' title='bbox 1115 984 1314 1038; x_wconf 79' lang='lat' dir='ltr'>Petraei,</span> <span class='ocrx_word' id='word_1_74' title='bbox 1502 986 1598 1029; x_wconf 88' lang='lat'>330</span> 
     </span>
     <span class='ocr_line' id='line_1_12' title="bbox 215 1061 1332 1110; baseline -0.002 -2"><span class='ocrx_word' id='word_1_75' title='bbox 215 1063 430 1110; x_wconf 85' lang='lat' dir='ltr'>Pectora</span> <span class='ocrx_word' id='word_1_76' title='bbox 455 1078 567 1108; x_wconf 90' lang='lat' dir='ltr'>cum</span> <span class='ocrx_word' id='word_1_77' title='bbox 593 1062 715 1108; x_wconf 84' lang='lat' dir='ltr'>duro</span> <span class='ocrx_word' id='word_1_78' title='bbox 741 1061 983 1108; x_wconf 83' lang='lat' dir='ltr'>luctantia</span> <span class='ocrx_word' id='word_1_79' title='bbox 1007 1061 1177 1107; x_wconf 88' lang='lat' dir='ltr'>robore</span> <span class='ocrx_word' id='word_1_80' title='bbox 1206 1061 1332 1106; x_wconf 89' lang='lat' dir='ltr'>fixit.</span> 
     </span>
    </p>

    <p class='ocr_par' dir='ltr' id='par_1_3' title="bbox 209 1137 1598 1509">
     <span class='ocr_line' id='line_1_13' title="bbox 212 1137 1376 1202; baseline -0.003 -17"><span class='ocrx_word' id='word_1_81' title='bbox 212 1139 423 1186; x_wconf 87' lang='lat' dir='ltr'>Pirithoi</span> <span class='ocrx_word' id='word_1_82' title='bbox 448 1140 626 1186; x_wconf 86' lang='lat' dir='ltr'>virtute</span> <span class='ocrx_word' id='word_1_83' title='bbox 654 1139 844 1202; x_wconf 79' lang='lat' dir='ltr'>Lycum</span> <span class='ocrx_word' id='word_1_84' title='bbox 870 1137 1111 1185; x_wconf 86' lang='lat' dir='ltr'>cecidisse</span> <span class='ocrx_word' id='word_1_85' title='bbox 1137 1137 1376 1192; x_wconf 88' lang='lat' dir='ltr'>ferebant,</span> 
     </span>
     <span class='ocr_line' id='line_1_14' title="bbox 211 1214 1598 1277; baseline -0.002 -16"><span class='ocrx_word' id='word_1_86' title='bbox 211 1215 420 1263; x_wconf 88' lang='lat' dir='ltr'>Pirithoi</span> <span class='ocrx_word' id='word_1_87' title='bbox 446 1215 688 1263; x_wconf 88' lang='lat' dir='ltr'>cecidisse</span> <span class='ocrx_word' id='word_1_88' title='bbox 713 1216 978 1262; x_wconf 86' lang='lat' dir='ltr'>Chromin:</span> <span class='ocrx_word' id='word_1_89' title='bbox 1009 1214 1098 1262; x_wconf 89' lang='lat' dir='ltr'>sed</span> <span class='ocrx_word' id='word_1_90' title='bbox 1124 1223 1333 1277; x_wconf 88' lang='lat' dir='ltr'>uterque</span> <span class='ocrx_word' id='word_1_91' title='bbox 1360 1214 1598 1260; x_wconf 88' lang='lat' dir='ltr'>minorem</span> 
     </span>
     <span class='ocr_line' id='line_1_15' title="bbox 210 1291 1596 1355; baseline -0.002 -17"><span class='ocrx_word' id='word_1_92' title='bbox 210 1293 400 1341; x_wconf 89' lang='lat' dir='ltr'>Victori</span> <span class='ocrx_word' id='word_1_93' title='bbox 420 1294 636 1348; x_wconf 89' lang='lat' dir='ltr'>titulum,</span> <span class='ocrx_word' id='word_1_94' title='bbox 652 1309 802 1355; x_wconf 88' lang='lat' dir='ltr'>quam</span> <span class='ocrx_word' id='word_1_95' title='bbox 820 1293 1014 1355; x_wconf 77' lang='lat' dir='ltr'>Dictys,</span> <span class='ocrx_word' id='word_1_96' title='bbox 1028 1291 1321 1354; x_wconf 84' lang='lat' dir='ltr'>Helopsque</span> <span class='ocrx_word' id='word_1_97' title='bbox 1337 1291 1596 1337; x_wconf 88' lang='lat' dir='ltr'>dederunt.</span> 
     </span>
     <span class='ocr_line' id='line_1_16' title="bbox 212 1367 1597 1433; baseline -0.003 -17"><span class='ocrx_word' id='word_1_98' title='bbox 212 1369 367 1416; x_wconf 85' lang='lat' dir='ltr'>Fixus</span> <span class='ocrx_word' id='word_1_99' title='bbox 380 1369 763 1433; x_wconf 87' lang='lat' dir='ltr'>Helopsjaculo,</span> <span class='ocrx_word' id='word_1_100' title='bbox 782 1370 916 1432; x_wconf 85' lang='lat' dir='ltr'>quod</span> <span class='ocrx_word' id='word_1_101' title='bbox 933 1369 1100 1433; x_wconf 85' lang='lat' dir='ltr'>pervia</span> <span class='ocrx_word' id='word_1_102' title='bbox 1113 1377 1338 1431; x_wconf 89' lang='lat' dir='ltr'>tempora</span> <span class='ocrx_word' id='word_1_103' title='bbox 1350 1367 1484 1424; x_wconf 85' lang='lat' dir='ltr'>fecit,</span> <span class='ocrx_word' id='word_1_104' title='bbox 1502 1369 1597 1413; x_wconf 85' lang='lat'>335</span> 
     </span>
     <span class='ocr_line' id='line_1_17' title="bbox 209 1446 1548 1509; baseline -0.001 -17"><span class='ocrx_word' id='word_1_105' title='bbox 209 1446 276 1493; x_wconf 91' lang='lat' dir='ltr'>Et</span> <span class='ocrx_word' id='word_1_106' title='bbox 300 1447 506 1494; x_wconf 88' lang='lat' dir='ltr'>missum</span> <span class='ocrx_word' id='word_1_107' title='bbox 532 1463 560 1493; x_wconf 91' lang='lat' dir='ltr'>a</span> <span class='ocrx_word' id='word_1_108' title='bbox 584 1447 764 1494; x_wconf 85' lang='lat' dir='ltr'>dextra</span> <span class='ocrx_word' id='word_1_109' title='bbox 786 1448 958 1493; x_wconf 87' lang='lat' dir='ltr'>laevam</span> <span class='ocrx_word' id='word_1_110' title='bbox 984 1446 1261 1509; x_wconf 87' lang='lat' dir='ltr'>penetravit</span> <span class='ocrx_word' id='word_1_111' title='bbox 1286 1446 1335 1491; x_wconf 92' lang='lat' dir='ltr'>in</span> <span class='ocrx_word' id='word_1_112' title='bbox 1362 1461 1548 1492; x_wconf 90' lang='lat' dir='ltr'>aurem.</span> 
     </span>
    </p>
   </div>
   <div class='ocr_carea' id='block_1_3' title="bbox 212 1522 1518 1742">
    <p class='ocr_par' dir='ltr' id='par_1_4' title="bbox 212 1522 1518 1742">
     <span class='ocr_line' id='line_1_18' title="bbox 213 1522 1462 1587; baseline -0.002 -18"><span class='ocrx_word' id='word_1_113' title='bbox 213 1523 409 1586; x_wconf 82' lang='lat' dir='ltr'>Dictys,</span> <span class='ocrx_word' id='word_1_114' title='bbox 439 1524 499 1570; x_wconf 91' lang='lat' dir='ltr'>ab</span> <span class='ocrx_word' id='word_1_115' title='bbox 526 1523 729 1587; x_wconf 87' lang='lat' dir='ltr'>ancipiti</span> <span class='ocrx_word' id='word_1_116' title='bbox 754 1524 988 1587; x_wconf 88' lang='lat' dir='ltr'>delapsus</span> <span class='ocrx_word' id='word_1_117' title='bbox 1011 1523 1239 1570; x_wconf 88' lang='lat' dir='ltr'>acumine</span> <span class='ocrx_word' id='word_1_118' title='bbox 1264 1522 1462 1576; x_wconf 86' lang='lat' dir='ltr'>montis,</span> 
     </span>
     <span class='ocr_line' id='line_1_19' title="bbox 212 1599 1482 1664; baseline -0.002 -18"><span class='ocrx_word' id='word_1_119' title='bbox 212 1600 346 1647; x_wconf 88' lang='lat' dir='ltr'>Dum</span> <span class='ocrx_word' id='word_1_120' title='bbox 370 1601 496 1662; x_wconf 81' lang='lat' dir='ltr'>fugit</span> <span class='ocrx_word' id='word_1_121' title='bbox 520 1601 788 1648; x_wconf 88' lang='lat' dir='ltr'>instantem</span> <span class='ocrx_word' id='word_1_122' title='bbox 813 1600 1067 1664; x_wconf 87' lang='lat' dir='ltr'>trepidans</span> <span class='ocrx_word' id='word_1_123' title='bbox 1096 1599 1269 1646; x_wconf 84' lang='lat' dir='ltr'>Ixione</span> <span class='ocrx_word' id='word_1_124' title='bbox 1294 1605 1482 1654; x_wconf 86' lang='lat' dir='ltr'>natum,</span> 
     </span>
     <span class='ocr_line' id='line_1_20' title="bbox 215 1675 1518 1742; baseline -0.002 -20"><span class='ocrx_word' id='word_1_125' title='bbox 215 1676 418 1724; x_wconf 88' lang='lat' dir='ltr'>Decidit</span> <span class='ocrx_word' id='word_1_126' title='bbox 442 1677 491 1723; x_wconf 91' lang='lat' dir='ltr'>in</span> <span class='ocrx_word' id='word_1_127' title='bbox 516 1694 756 1742; x_wconf 73' lang='lat' dir='ltr'>praeceps,</span> <span class='ocrx_word' id='word_1_128' title='bbox 785 1685 834 1725; x_wconf 90' lang='lat' dir='ltr'>et</span> <span class='ocrx_word' id='word_1_129' title='bbox 858 1678 1075 1741; x_wconf 90' lang='lat' dir='ltr'>pondere</span> <span class='ocrx_word' id='word_1_130' title='bbox 1102 1675 1319 1739; x_wconf 88' lang='lat' dir='ltr'>corporis</span> <span class='ocrx_word' id='word_1_131' title='bbox 1345 1691 1518 1721; x_wconf 89' lang='lat' dir='ltr'>ornum</span> 
     </span>
    </p>
   </div>
   <div class='ocr_carea' id='block_1_4' title="bbox 213 1752 1380 1818">
    <p class='ocr_par' dir='ltr' id='par_1_5' title="bbox 213 1752 1380 1818">
     <span class='ocr_line' id='line_1_21' title="bbox 213 1752 1380 1818; baseline 0 -19"><span class='ocrx_word' id='word_1_132' title='bbox 213 1752 475 1815; x_wconf 81' lang='lat' dir='ltr'>Ingentem</span> <span class='ocrx_word' id='word_1_133' title='bbox 500 1754 660 1817; x_wconf 81' lang='lat' dir='ltr'>fregit,</span> <span class='ocrx_word' id='word_1_134' title='bbox 690 1771 879 1818; x_wconf 90' lang='lat' dir='ltr'>suaque</span> <span class='ocrx_word' id='word_1_135' title='bbox 906 1755 1066 1801; x_wconf 88' lang='lat' dir='ltr'>induit</span> <span class='ocrx_word' id='word_1_136' title='bbox 1089 1754 1172 1800; x_wconf 89' lang='lat' dir='ltr'>ilia</span> <span class='ocrx_word' id='word_1_137' title='bbox 1196 1753 1380 1800; x_wconf 82' lang='lat' dir='ltr'>fractae.</span> 
     </span>
    </p>
   </div>
   <div class='ocr_carea' id='block_1_5' title="bbox 213 1886 875 2756">
    <p class='ocr_par' dir='ltr' id='par_1_6' title="bbox 213 1886 874 2123">
     <span class='ocr_line' id='line_1_22' title="bbox 213 1886 873 1919; baseline 0.003 -3"><span class='ocrx_word' id='word_1_138' title='bbox 213 1892 371 1917; x_wconf 83' lang='lat' dir='ltr'>amentum</span> <span class='ocrx_word' id='word_1_139' title='bbox 401 1886 520 1917; x_wconf 83' lang='lat' dir='ltr'>habens</span> <span class='ocrx_word' id='word_1_140' title='bbox 557 1886 588 1917; x_wconf 89' lang='lat' dir='ltr'>in</span> <span class='ocrx_word' id='word_1_141' title='bbox 628 1888 747 1918; x_wconf 85' lang='lat' dir='ltr'>medio:</span> <span class='ocrx_word' id='word_1_142' title='bbox 788 1888 873 1919; x_wconf 77' lang='lat' dir='ltr'>dicta</span> 
     </span>
     <span class='ocr_line' id='line_1_23' title="bbox 215 1935 874 1976; baseline 0.003 -12"><span class='ocrx_word' id='word_1_143' title='bbox 215 1940 318 1965; x_wconf 87' lang='lat' dir='ltr'>autem</span> <span class='ocrx_word' id='word_1_144' title='bbox 333 1935 455 1970; x_wconf 86' lang='lat' dir='ltr'>lancea,</span> <span class='ocrx_word' id='word_1_145' title='bbox 472 1936 545 1976; x_wconf 83' lang='lat' dir='ltr'>quia</span> <span class='ocrx_word' id='word_1_146' title='bbox 559 1946 649 1976; x_wconf 83' lang='lat' dir='ltr'>aequa</span> <span class='ocrx_word' id='word_1_147' title='bbox 662 1936 762 1972; x_wconf 86' lang='lat' dir='ltr'>lance,</span> <span class='ocrx_word' id='word_1_148' title='bbox 778 1943 811 1966; x_wconf 86' lang='lat' dir='ltr'>ut</span> <span class='ocrx_word' id='word_1_149' title='bbox 828 1946 874 1967; x_wconf 86' lang='lat' dir='ltr'>est</span> 
     </span>
     <span class='ocr_line' id='line_1_24' title="bbox 213 1983 872 2025; baseline 0.005 -13"><span class='ocrx_word' id='word_1_150' title='bbox 213 1983 328 2024; x_wconf 69' lang='lat' dir='ltr'>aequali</span> <span class='ocrx_word' id='word_1_151' title='bbox 354 1989 478 2014; x_wconf 84' lang='lat' dir='ltr'>amento</span> <span class='ocrx_word' id='word_1_152' title='bbox 499 1984 671 2025; x_wconf 82' lang='lat' dir='ltr'>ponderata</span> <span class='ocrx_word' id='word_1_153' title='bbox 699 1985 872 2015; x_wconf 82' lang='lat' dir='ltr'>vibratur.&#39;&#39;</span> 
     </span>
     <span class='ocr_line' id='line_1_25' title="bbox 218 2031 873 2074; baseline 0.005 -14"><span class='ocrx_word' id='word_1_154' title='bbox 218 2031 260 2060; x_wconf 81' lang='lat' dir='ltr'>Ut</span> <span class='ocrx_word' id='word_1_155' title='bbox 276 2034 467 2071; x_wconf 78' lang='lat' dir='ltr'>casujacuit,</span> <span class='ocrx_word' id='word_1_156' title='bbox 484 2032 555 2062; x_wconf 91' lang='lat' dir='ltr'>vino</span> <span class='ocrx_word' id='word_1_157' title='bbox 575 2032 658 2063; x_wconf 88' lang='lat' dir='ltr'>euim</span> <span class='ocrx_word' id='word_1_158' title='bbox 679 2033 796 2074; x_wconf 81' lang='lat' dir='ltr'>sopitus</span> <span class='ocrx_word' id='word_1_159' title='bbox 813 2044 873 2063; x_wconf 87' lang='lat' dir='ltr'>non</span> 
     </span>
     <span class='ocr_line' id='line_1_26' title="bbox 215 2081 703 2123; baseline 0.002 -13"><span class='ocrx_word' id='word_1_160' title='bbox 215 2089 247 2110; x_wconf 85' lang='lat' dir='ltr'>se</span> <span class='ocrx_word' id='word_1_161' title='bbox 263 2087 475 2123; x_wconf 86' lang='lat' dir='ltr'>composuerat</span> <span class='ocrx_word' id='word_1_162' title='bbox 491 2081 521 2112; x_wconf 89' lang='lat' dir='ltr'>in</span> <span class='ocrx_word' id='word_1_163' title='bbox 537 2081 619 2122; x_wconf 86' lang='lat' dir='ltr'>pelle</span> <span class='ocrx_word' id='word_1_164' title='bbox 637 2092 703 2112; x_wconf 86' lang='lat' dir='ltr'>sua.</span> 
     </span>
    </p>

    <p class='ocr_par' dir='ltr' id='par_1_7' title="bbox 213 2130 875 2414">
     <span class='ocr_line' id='line_1_27' title="bbox 257 2130 875 2166; baseline 0.003 -7"><span class='ocrx_word' id='word_1_165' title='bbox 257 2130 333 2160; x_wconf 78' lang='lat'>3⁴25.</span> <span class='ocrx_word' id='word_1_166' title='bbox 362 2130 444 2160; x_wconf 81' lang='lat' dir='ltr'>Mors</span> <span class='ocrx_word' id='word_1_167' title='bbox 468 2133 569 2160; x_wconf 77' lang='lat' dir='ltr'>caruit</span> <span class='ocrx_word' id='word_1_168' title='bbox 599 2141 705 2166; x_wconf 77' lang='lat' dir='ltr'>sensu;</span> <span class='ocrx_word' id='word_1_169' title='bbox 737 2136 875 2161; x_wconf 83' lang='lat' dir='ltr'>mortuus</span> 
     </span>
     <span class='ocr_line' id='line_1_28' title="bbox 215 2178 874 2216; baseline 0.002 -8"><span class='ocrx_word' id='word_1_170' title='bbox 215 2184 263 2208; x_wconf 85' lang='lat' dir='ltr'>est</span> <span class='ocrx_word' id='word_1_171' title='bbox 277 2178 341 2208; x_wconf 88' lang='lat' dir='ltr'>sine</span> <span class='ocrx_word' id='word_1_172' title='bbox 354 2189 445 2208; x_wconf 86' lang='lat' dir='ltr'>sensu</span> <span class='ocrx_word' id='word_1_173' title='bbox 458 2178 571 2208; x_wconf 90' lang='lat' dir='ltr'>doloris</span> <span class='ocrx_word' id='word_1_174' title='bbox 583 2184 613 2209; x_wconf 86' lang='lat' dir='ltr'>et</span> <span class='ocrx_word' id='word_1_175' title='bbox 626 2178 742 2209; x_wconf 84' lang='lat' dir='ltr'>mortis.</span> <span class='ocrx_word' id='word_1_176' title='bbox 770 2179 874 2216; x_wconf 75' lang='lat' dir='ltr'>Pleno,</span> 
     </span>
     <span class='ocr_line' id='line_1_29' title="bbox 215 2226 872 2269; baseline 0.003 -12"><span class='ocrx_word' id='word_1_177' title='bbox 215 2226 289 2268; x_wconf 89' lang='lat' dir='ltr'>quia</span> <span class='ocrx_word' id='word_1_178' title='bbox 310 2227 443 2257; x_wconf 87' lang='lat' dir='ltr'>multum</span> <span class='ocrx_word' id='word_1_179' title='bbox 465 2227 625 2268; x_wconf 82' lang='lat' dir='ltr'>sanguinis</span> <span class='ocrx_word' id='word_1_180' title='bbox 647 2227 719 2258; x_wconf 90' lang='lat' dir='ltr'>inde</span> <span class='ocrx_word' id='word_1_181' title='bbox 739 2229 872 2269; x_wconf 77' lang='lat' dir='ltr'>proflue-</span> 
     </span>
     <span class='ocr_line' id='line_1_30' title="bbox 213 2276 873 2307; baseline 0.003 -2"><span class='ocrx_word' id='word_1_182' title='bbox 213 2276 278 2306; x_wconf 83' lang='lat' dir='ltr'>bat.</span> <span class='ocrx_word' id='word_1_183' title='bbox 324 2276 384 2306; x_wconf 90' lang='lat' dir='ltr'>Per</span> <span class='ocrx_word' id='word_1_184' title='bbox 410 2283 483 2306; x_wconf 76' lang='lat' dir='ltr'>toros</span> <span class='ocrx_word' id='word_1_185' title='bbox 508 2287 567 2306; x_wconf 89' lang='lat' dir='ltr'>non</span> <span class='ocrx_word' id='word_1_186' title='bbox 599 2276 728 2307; x_wconf 85' lang='lat' dir='ltr'>arbitror</span> <span class='ocrx_word' id='word_1_187' title='bbox 758 2276 873 2307; x_wconf 86' lang='lat' dir='ltr'>lectum</span> 
     </span>
     <span class='ocr_line' id='line_1_31' title="bbox 213 2323 873 2366; baseline 0.003 -12"><span class='ocrx_word' id='word_1_188' title='bbox 213 2323 359 2365; x_wconf 83' lang='lat' dir='ltr'>intelligi,</span> <span class='ocrx_word' id='word_1_189' title='bbox 374 2335 452 2355; x_wconf 83' lang='lat' dir='ltr'>ursae</span> <span class='ocrx_word' id='word_1_190' title='bbox 472 2325 599 2366; x_wconf 89' lang='lat' dir='ltr'>pellem,</span> <span class='ocrx_word' id='word_1_191' title='bbox 618 2326 647 2355; x_wconf 90' lang='lat' dir='ltr'>in</span> <span class='ocrx_word' id='word_1_192' title='bbox 668 2335 732 2366; x_wconf 88' lang='lat' dir='ltr'>qua</span> <span class='ocrx_word' id='word_1_193' title='bbox 749 2325 802 2356; x_wconf 88' lang='lat' dir='ltr'>ille</span> <span class='ocrx_word' id='word_1_194' title='bbox 819 2336 873 2356; x_wconf 87' lang='lat' dir='ltr'>cu-</span> 
     </span>
     <span class='ocr_line' id='line_1_32' title="bbox 213 2372 674 2414; baseline 0.002 -11"><span class='ocrx_word' id='word_1_195' title='bbox 213 2373 320 2408; x_wconf 84' lang='lat' dir='ltr'>babat,</span> <span class='ocrx_word' id='word_1_196' title='bbox 336 2372 391 2403; x_wconf 86' lang='lat' dir='ltr'>sed</span> <span class='ocrx_word' id='word_1_197' title='bbox 406 2373 517 2414; x_wconf 87' lang='lat' dir='ltr'>pulpas</span> <span class='ocrx_word' id='word_1_198' title='bbox 533 2373 674 2414; x_wconf 56' lang='lat' dir='ltr'>pectoris</span> 
     </span>
    </p>

    <p class='ocr_par' dir='ltr' id='par_1_8' title="bbox 214 2422 874 2756">
     <span class='ocr_line' id='line_1_33' title="bbox 259 2422 874 2464; baseline 0.003 -13"><span class='ocrx_word' id='word_1_199' title='bbox 259 2422 334 2452; x_wconf 83' lang='lat'>327.</span> <span class='ocrx_word' id='word_1_200' title='bbox 362 2422 494 2452; x_wconf 73' lang='lat' dir='ltr'>Petraeus</span> <span class='ocrx_word' id='word_1_201' title='bbox 508 2422 601 2452; x_wconf 79' lang='lat' dir='ltr'>etiam</span> <span class='ocrx_word' id='word_1_202' title='bbox 623 2428 669 2452; x_wconf 84' lang='lat' dir='ltr'>est</span> <span class='ocrx_word' id='word_1_203' title='bbox 688 2423 720 2452; x_wconf 91' lang='lat' dir='ltr'>in</span> <span class='ocrx_word' id='word_1_204' title='bbox 735 2422 781 2458; x_wconf 86' lang='lat' dir='ltr'>iis,</span> <span class='ocrx_word' id='word_1_205' title='bbox 799 2433 874 2464; x_wconf 86' lang='lat' dir='ltr'>quos</span> 
     </span>
     <span class='ocr_line' id='line_1_34' title="bbox 215 2469 872 2512; baseline -0.002 -12"><span class='ocrx_word' id='word_1_206' title='bbox 215 2469 372 2500; x_wconf 81' lang='lat' dir='ltr'>Hesiodus</span> <span class='ocrx_word' id='word_1_207' title='bbox 386 2476 546 2500; x_wconf 87' lang='lat' dir='ltr'>memorat.</span> <span class='ocrx_word' id='word_1_208' title='bbox 591 2471 639 2500; x_wconf 87' lang='lat' dir='ltr'>Ibi</span> <span class='ocrx_word' id='word_1_209' title='bbox 654 2470 766 2512; x_wconf 73' lang='grc' dir='ltr'><strong><em>μέγας.</em></strong></span> <span class='ocrx_word' id='word_1_210' title='bbox 813 2472 872 2501; x_wconf 80' lang='grc' dir='ltr'>Βο-</span> 
     </span>
     <span class='ocr_line' id='line_1_35' title="bbox 215 2520 873 2559; baseline 0.003 -11"><span class='ocrx_word' id='word_1_211' title='bbox 215 2520 282 2549; x_wconf 82' lang='lat' dir='ltr'>bora</span> <span class='ocrx_word' id='word_1_212' title='bbox 303 2522 428 2559; x_wconf 76' lang='lat' dir='ltr'>jactat,·</span> <span class='ocrx_word' id='word_1_213' title='bbox 457 2522 580 2559; x_wconf 69' lang='lat' dir='ltr'>jactare</span> <span class='ocrx_word' id='word_1_214' title='bbox 610 2520 873 2551; x_wconf 79' lang='lat' dir='ltr'>vehementiorem</span> 
     </span>
     <span class='ocr_line' id='line_1_36' title="bbox 214 2567 872 2611; baseline 0.003 -13"><span class='ocrx_word' id='word_1_215' title='bbox 214 2567 265 2598; x_wconf 91' lang='lat' dir='ltr'>hic</span> <span class='ocrx_word' id='word_1_216' title='bbox 303 2575 419 2599; x_wconf 86' lang='lat' dir='ltr'>motum</span> <span class='ocrx_word' id='word_1_217' title='bbox 457 2569 588 2604; x_wconf 84' lang='lat' dir='ltr'>indicat,</span> <span class='ocrx_word' id='word_1_218' title='bbox 620 2580 714 2610; x_wconf 86' lang='lat' dir='ltr'>quarn</span> <span class='ocrx_word' id='word_1_219' title='bbox 746 2572 872 2611; x_wconf 77' lang='lat' dir='ltr'>agitare,</span> 
     </span>
     <span class='ocr_line' id='line_1_37' title="bbox 216 2616 872 2659; baseline 0.005 -13"><span class='ocrx_word' id='word_1_220' title='bbox 216 2616 311 2658; x_wconf 88' lang='lat' dir='ltr'>quod,</span> <span class='ocrx_word' id='word_1_221' title='bbox 328 2623 485 2658; x_wconf 83' lang='lat' dir='ltr'>tamquam</span> <span class='ocrx_word' id='word_1_222' title='bbox 501 2618 669 2659; x_wconf 87' lang='lat' dir='ltr'>proprium,</span> <span class='ocrx_word' id='word_1_223' title='bbox 687 2618 872 2659; x_wconf 87' lang='lat' dir='ltr'>plerumque</span> 
     </span>
     <span class='ocr_line' id='line_1_38' title="bbox 218 2665 872 2697; baseline 0.005 -3"><span class='ocrx_word' id='word_1_224' title='bbox 218 2675 287 2695; x_wconf 86' lang='lat' dir='ltr'>vere</span> <span class='ocrx_word' id='word_1_225' title='bbox 308 2665 346 2695; x_wconf 85' lang='lat' dir='ltr'>de</span> <span class='ocrx_word' id='word_1_226' title='bbox 367 2666 466 2695; x_wconf 80' lang='lat' dir='ltr'>ventis</span> <span class='ocrx_word' id='word_1_227' title='bbox 486 2672 518 2697; x_wconf 85' lang='lat' dir='ltr'>et</span> <span class='ocrx_word' id='word_1_228' title='bbox 538 2666 714 2697; x_wconf 89' lang='lat' dir='ltr'>hominibus</span> <span class='ocrx_word' id='word_1_229' title='bbox 734 2668 872 2697; x_wconf 77' lang='lat' dir='ltr'>arborem</span> 
     </span>
     <span class='ocr_line' id='line_1_39' title="bbox 217 2714 871 2756; baseline 0.003 -12"><span class='ocrx_word' id='word_1_230' title='bbox 217 2714 465 2745; x_wconf 71' lang='lat' dir='ltr'>concutientibus</span> <span class='ocrx_word' id='word_1_231' title='bbox 483 2722 665 2756; x_wconf 74' lang='lat' dir='ltr'>usurpatur,</span> <span class='ocrx_word' id='word_1_232' title='bbox 683 2715 701 2746; x_wconf 88' lang='lat' dir='ltr'>i.</span> <span class='ocrx_word' id='word_1_233' title='bbox 718 2717 780 2746; x_wconf 83' lang='lat'>303</span> <span class='ocrx_word' id='word_1_234' title='bbox 797 2728 803 2753; x_wconf 83' lang='lat'>3</span> <span class='ocrx_word' id='word_1_235' title='bbox 821 2716 871 2746; x_wconf 78' lang='lat' dir='ltr'>vii.</span> 
     </span>
    </p>
   </div>
   <div class='ocr_carea' id='block_1_6' title="bbox 1499 1755 1596 1799">
    <p class='ocr_par' dir='ltr' id='par_1_9' title="bbox 1499 1755 1596 1799">
     <span class='ocr_line' id='line_1_40' title="bbox 1499 1755 1596 1799; baseline -0.01 0"><span class='ocrx_word' id='word_1_236' title='bbox 1499 1755 1596 1799; x_wconf 79' lang='lat'>340</span> 
     </span>
    </p>
   </div>
   <div class='ocr_carea' id='block_1_7' title="bbox 939 1886 1600 2759">
    <p class='ocr_par' dir='ltr' id='par_1_10' title="bbox 940 1886 1599 2113">
     <span class='ocr_line' id='line_1_41' title="bbox 941 1886 1598 1925; baseline -0.006 -6"><span class='ocrx_word' id='word_1_237' title='bbox 941 1889 1023 1925; x_wconf 75' lang='lat'>5863</span> <span class='ocrx_word' id='word_1_238' title='bbox 1062 1888 1170 1917; x_wconf 85' lang='lat' dir='ltr'>Horat.</span> <span class='ocrx_word' id='word_1_239' title='bbox 1197 1887 1222 1916; x_wconf 91' lang='grc' dir='ltr'>Ι.</span> <span class='ocrx_word' id='word_1_240' title='bbox 1246 1886 1308 1917; x_wconf 82' lang='lat' dir='ltr'>Od.</span> <span class='ocrx_word' id='word_1_241' title='bbox 1328 1886 1370 1916; x_wconf 85' lang='lat' dir='ltr'>ix.</span> <span class='ocrx_word' id='word_1_242' title='bbox 1400 1887 1448 1916; x_wconf 82' lang='lat'>12.</span> <span class='ocrx_word' id='word_1_243' title='bbox 1494 1886 1598 1916; x_wconf 72' lang='lat' dir='ltr'>Verba</span> 
     </span>
     <span class='ocr_line' id='line_1_42' title="bbox 941 1936 1598 1976; baseline -0.003 -10"><span class='ocrx_word' id='word_1_244' title='bbox 941 1947 1006 1966; x_wconf 81' lang='lat' dir='ltr'>cum</span> <span class='ocrx_word' id='word_1_245' title='bbox 1030 1938 1106 1966; x_wconf 69' lang='lat' dir='ltr'>dui-0</span> <span class='ocrx_word' id='word_1_246' title='bbox 1130 1938 1227 1965; x_wconf 82' lang='lat' dir='ltr'>robore</span> <span class='ocrx_word' id='word_1_247' title='bbox 1249 1936 1403 1976; x_wconf 83' lang='lat' dir='ltr'>conjunge</span> <span class='ocrx_word' id='word_1_248' title='bbox 1422 1937 1598 1974; x_wconf 65' lang='lat' dir='ltr'>cumfiiz&#39;t,</span> 
     </span>
     <span class='ocr_line' id='line_1_43' title="bbox 940 1984 1599 2025; baseline -0.003 -9"><span class='ocrx_word' id='word_1_249' title='bbox 940 1985 1020 2016; x_wconf 83' lang='lat' dir='ltr'>infra</span> <span class='ocrx_word' id='word_1_250' title='bbox 1041 1996 1104 2016; x_wconf 87' lang='lat' dir='ltr'>ver.</span> <span class='ocrx_word' id='word_1_251' title='bbox 1127 1986 1187 2016; x_wconf 84' lang='lat'>387</span> <span class='ocrx_word' id='word_1_252' title='bbox 1205 1997 1210 2013; x_wconf 87' lang='lat'><strong>:</strong></span> <span class='ocrx_word' id='word_1_253' title='bbox 1235 1984 1325 2024; x_wconf 72' lang='lat' dir='ltr'>affixa</span> <span class='ocrx_word' id='word_1_254' title='bbox 1347 1991 1388 2014; x_wconf 80' lang='lat' dir='ltr'>est</span> <span class='ocrx_word' id='word_1_255' title='bbox 1411 1985 1599 2025; x_wconf 73' lang='lat' dir='ltr'>cnnzfrorzte</span> 
     </span>
     <span class='ocr_line' id='line_1_44' title="bbox 941 2034 1598 2075; baseline 0.002 -12"><span class='ocrx_word' id='word_1_256' title='bbox 941 2045 1064 2071; x_wconf 81' lang='lat' dir='ltr'>manus;</span> <span class='ocrx_word' id='word_1_257' title='bbox 1089 2045 1118 2065; x_wconf 88' lang='lat' dir='ltr'>v.</span> <span class='ocrx_word' id='word_1_258' title='bbox 1138 2035 1207 2064; x_wconf 78' lang='lat'>125.</span> <span class='ocrx_word' id='word_1_259' title='bbox 1225 2034 1405 2073; x_wconf 68' lang='lat' dir='ltr'>(lettrczfiia</span> <span class='ocrx_word' id='word_1_260' title='bbox 1417 2040 1457 2063; x_wconf 78' lang='lat' dir='ltr'>cst</span> <span class='ocrx_word' id='word_1_261' title='bbox 1473 2040 1499 2063; x_wconf 76' lang='lat' dir='ltr'>et</span> <span class='ocrx_word' id='word_1_262' title='bbox 1517 2035 1598 2075; x_wconf 84' lang='lat' dir='ltr'>ligno</span> 
     </span>
     <span class='ocr_line' id='line_1_45' title="bbox 942 2084 1068 2113; baseline 0 0"><span class='ocrx_word' id='word_1_263' title='bbox 942 2084 1068 2113; x_wconf 72' lang='lat' dir='ltr'>cohzrsit.</span> 
     </span>
    </p>

    <p class='ocr_par' dir='ltr' id='par_1_11' title="bbox 941 2131 1600 2369">
     <span class='ocr_line' id='line_1_46' title="bbox 985 2131 1597 2173; baseline 0 -11"><span class='ocrx_word' id='word_1_264' title='bbox 985 2133 1059 2162; x_wconf 76' lang='lat'>334.</span> <span class='ocrx_word' id='word_1_265' title='bbox 1086 2132 1231 2162; x_wconf 75' lang='lat' dir='ltr'>Minorem</span> <span class='ocrx_word' id='word_1_266' title='bbox 1263 2133 1388 2161; x_wconf 78' lang='lat' dir='ltr'>titulum</span> <span class='ocrx_word' id='word_1_267' title='bbox 1417 2131 1501 2171; x_wconf 82' lang='lat' dir='ltr'>(scil.</span> <span class='ocrx_word' id='word_1_268' title='bbox 1530 2132 1597 2173; x_wconf 87' lang='lat' dir='ltr'>glo-</span> 
     </span>
     <span class='ocr_line' id='line_1_47' title="bbox 941 2180 1599 2223; baseline 0 -12"><span class='ocrx_word' id='word_1_269' title='bbox 941 2181 1035 2220; x_wconf 86' lang='lat' dir='ltr'>riam)</span> <span class='ocrx_word' id='word_1_270' title='bbox 1058 2181 1212 2212; x_wconf 83' lang='lat' dir='ltr'>dederunt</span> <span class='ocrx_word' id='word_1_271' title='bbox 1231 2181 1314 2211; x_wconf 88' lang='lat' dir='ltr'>haud</span> <span class='ocrx_word' id='word_1_272' title='bbox 1336 2180 1441 2216; x_wconf 88' lang='lat' dir='ltr'>dubie,</span> <span class='ocrx_word' id='word_1_273' title='bbox 1459 2181 1534 2222; x_wconf 87' lang='lat' dir='ltr'>quia</span> <span class='ocrx_word' id='word_1_274' title='bbox 1552 2182 1599 2223; x_wconf 84' lang='lat' dir='ltr'>ig-</span> 
     </span>
     <span class='ocr_line' id='line_1_48' title="bbox 942 2230 1600 2271; baseline 0.002 -11"><span class='ocrx_word' id='word_1_275' title='bbox 942 2230 1070 2260; x_wconf 84' lang='lat' dir='ltr'>nobiles.</span> <span class='ocrx_word' id='word_1_276' title='bbox 1115 2231 1140 2260; x_wconf 78' lang='lat' dir='ltr'><em>A</em></span> <span class='ocrx_word' id='word_1_277' title='bbox 1163 2232 1267 2260; x_wconf 62' lang='lat' dir='ltr'>deum</span> <span class='ocrx_word' id='word_1_278' title='bbox 1288 2230 1440 2271; x_wconf 80' lang='lat' dir='ltr'>conjunge</span> <span class='ocrx_word' id='word_1_279' title='bbox 1460 2241 1532 2261; x_wconf 87' lang='lat' dir='ltr'>cum</span> <span class='ocrx_word' id='word_1_280' title='bbox 1548 2242 1600 2270; x_wconf 86' lang='lat' dir='ltr'>pe-</span> 
     </span>
     <span class='ocr_line' id='line_1_49' title="bbox 942 2281 1599 2315; baseline 0.005 -8"><span class='ocrx_word' id='word_1_281' title='bbox 942 2281 1082 2315; x_wconf 76' lang='lat' dir='ltr'>netrarit,</span> <span class='ocrx_word' id='word_1_282' title='bbox 1112 2289 1174 2310; x_wconf 88' lang='lat' dir='ltr'>non</span> <span class='ocrx_word' id='word_1_283' title='bbox 1211 2290 1283 2310; x_wconf 90' lang='lat' dir='ltr'>cum</span> <span class='ocrx_word' id='word_1_284' title='bbox 1318 2281 1447 2315; x_wconf 80' lang='lat' dir='ltr'>missum,</span> <span class='ocrx_word' id='word_1_285' title='bbox 1479 2290 1516 2310; x_wconf 86' lang='lat' dir='ltr'>ne</span> <span class='ocrx_word' id='word_1_286' title='bbox 1554 2281 1599 2310; x_wconf 80' lang='lat' dir='ltr'>ita</span> 
     </span>
     <span class='ocr_line' id='line_1_50' title="bbox 941 2328 1230 2369; baseline 0.003 -12"><span class='ocrx_word' id='word_1_287' title='bbox 941 2328 1046 2369; x_wconf 87' lang='lat' dir='ltr'>capias</span> <span class='ocrx_word' id='word_1_288' title='bbox 1061 2334 1094 2358; x_wconf 84' lang='lat' dir='ltr'>ut</span> <span class='ocrx_word' id='word_1_289' title='bbox 1112 2328 1142 2357; x_wconf 90' lang='lat' dir='ltr'>ii.</span> <span class='ocrx_word' id='word_1_290' title='bbox 1155 2329 1230 2358; x_wconf 88' lang='grc'><strong>311.</strong></span> 
     </span>
    </p>

    <p class='ocr_par' dir='ltr' id='par_1_12' title="bbox 939 2376 1597 2759">
     <span class='ocr_line' id='line_1_51' title="bbox 984 2376 1596 2415; baseline 0.005 -9"><span class='ocrx_word' id='word_1_291' title='bbox 984 2377 1058 2407; x_wconf 85' lang='grc'><strong>337.</strong></span> <span class='ocrx_word' id='word_1_292' title='bbox 1082 2378 1217 2415; x_wconf 71' lang='lat' dir='ltr'>Ancipiti</span> <span class='ocrx_word' id='word_1_293' title='bbox 1234 2376 1382 2407; x_wconf 79' lang='lat' dir='ltr'>Heinsius</span> <span class='ocrx_word' id='word_1_294' title='bbox 1393 2377 1432 2407; x_wconf 84' lang='lat' dir='ltr'>ad</span> <span class='ocrx_word' id='word_1_295' title='bbox 1447 2377 1596 2409; x_wconf 85' lang='lat' dir='ltr'>Claudia-</span> 
     </span>
     <span class='ocr_line' id='line_1_52' title="bbox 941 2426 1596 2469; baseline 0.005 -14"><span class='ocrx_word' id='word_1_296' title='bbox 941 2436 1026 2460; x_wconf 88' lang='lat' dir='ltr'>num,</span> <span class='ocrx_word' id='word_1_297' title='bbox 1057 2426 1119 2456; x_wconf 84' lang='lat' dir='ltr'>viii.</span> <span class='ocrx_word' id='word_1_298' title='bbox 1147 2427 1220 2456; x_wconf 76' lang='lat'>293.</span> <span class='ocrx_word' id='word_1_299' title='bbox 1249 2426 1397 2467; x_wconf 79' lang='lat' dir='ltr'>explicat,</span> <span class='ocrx_word' id='word_1_300' title='bbox 1426 2427 1596 2469; x_wconf 81' lang='lat' dir='ltr'>praecipiti3</span> 
     </span>
     <span class='ocr_line' id='line_1_53' title="bbox 941 2473 1595 2515; baseline 0.005 -12"><span class='ocrx_word' id='word_1_301' title='bbox 941 2473 995 2503; x_wconf 88' lang='lat' dir='ltr'>sed</span> <span class='ocrx_word' id='word_1_302' title='bbox 1012 2480 1139 2515; x_wconf 81' lang='lat' dir='ltr'>praestat</span> <span class='ocrx_word' id='word_1_303' title='bbox 1162 2474 1246 2504; x_wconf 89' lang='lat' dir='ltr'>haud</span> <span class='ocrx_word' id='word_1_304' title='bbox 1266 2474 1360 2505; x_wconf 88' lang='lat' dir='ltr'>dubie</span> <span class='ocrx_word' id='word_1_305' title='bbox 1375 2475 1467 2505; x_wconf 88' lang='lat' dir='ltr'>lectio</span> <span class='ocrx_word' id='word_1_306' title='bbox 1483 2476 1595 2506; x_wconf 90' lang='lat' dir='ltr'>multo-</span> 
     </span>
     <span class='ocr_line' id='line_1_54' title="bbox 940 2522 1597 2566; baseline 0.006 -15"><span class='ocrx_word' id='word_1_307' title='bbox 940 2532 1007 2551; x_wconf 83' lang='lat' dir='ltr'>rum</span> <span class='ocrx_word' id='word_1_308' title='bbox 1029 2522 1122 2552; x_wconf 73' lang='lat' dir='ltr'>MSS.</span> <span class='ocrx_word' id='word_1_309' title='bbox 1145 2525 1293 2562; x_wconf 77' lang='lat' dir='ltr'>ancipitis,</span> <span class='ocrx_word' id='word_1_310' title='bbox 1316 2523 1347 2553; x_wconf 87' lang='lat' dir='ltr'>id</span> <span class='ocrx_word' id='word_1_311' title='bbox 1372 2530 1429 2559; x_wconf 84' lang='lat' dir='ltr'>est,</span> <span class='ocrx_word' id='word_1_312' title='bbox 1451 2524 1597 2566; x_wconf 83' lang='lat' dir='ltr'>bicipitis.</span> 
     </span>
     <span class='ocr_line' id='line_1_55' title="bbox 942 2570 1597 2614; baseline 0.006 -14"><span class='ocrx_word' id='word_1_313' title='bbox 942 2570 1050 2600; x_wconf 73' lang='lat' dir='ltr'>Induit</span> <span class='ocrx_word' id='word_1_314' title='bbox 1068 2572 1254 2612; x_wconf 66' lang='lat' dir='ltr'>iliajmcm,</span> <span class='ocrx_word' id='word_1_315' title='bbox 1271 2571 1344 2601; x_wconf 90' lang='lat' dir='ltr'>dum</span> <span class='ocrx_word' id='word_1_316' title='bbox 1367 2572 1471 2602; x_wconf 81' lang='lat' dir='ltr'>fractae</span> <span class='ocrx_word' id='word_1_317' title='bbox 1493 2580 1597 2614; x_wconf 88' lang='lat' dir='ltr'>partes</span> 
     </span>
     <span class='ocr_line' id='line_1_56' title="bbox 939 2619 1594 2659; baseline 0.005 -10"><span class='ocrx_word' id='word_1_318' title='bbox 939 2626 1103 2659; x_wconf 84' lang='lat' dir='ltr'>penetrant</span> <span class='ocrx_word' id='word_1_319' title='bbox 1118 2619 1150 2650; x_wconf 89' lang='lat' dir='ltr'>in</span> <span class='ocrx_word' id='word_1_320' title='bbox 1165 2619 1219 2650; x_wconf 85' lang='lat' dir='ltr'>ilia</span> <span class='ocrx_word' id='word_1_321' title='bbox 1234 2620 1299 2650; x_wconf 83' lang='lat' dir='ltr'>orni</span> <span class='ocrx_word' id='word_1_322' title='bbox 1313 2620 1429 2651; x_wconf 73' lang='lat' dir='ltr'>fractae.</span> <span class='ocrx_word' id='word_1_323' title='bbox 1456 2621 1594 2652; x_wconf 85' lang='lat' dir='ltr'>Gronov.</span> 
     </span>
     <span class='ocr_line' id='line_1_57' title="bbox 941 2668 1595 2705; baseline 0.006 -7"><span class='ocrx_word' id='word_1_324' title='bbox 941 2668 980 2698; x_wconf 91' lang='lat' dir='ltr'>ad</span> <span class='ocrx_word' id='word_1_325' title='bbox 1005 2669 1164 2705; x_wconf 84' lang='lat' dir='ltr'>Senecam,</span> <span class='ocrx_word' id='word_1_326' title='bbox 1187 2670 1282 2701; x_wconf 88' lang='lat' dir='ltr'>Herc.</span> <span class='ocrx_word' id='word_1_327' title='bbox 1304 2670 1375 2701; x_wconf 82' lang='lat' dir='ltr'>Fur.</span> <span class='ocrx_word' id='word_1_328' title='bbox 1400 2671 1492 2702; x_wconf 83' lang='lat'>1312.</span> <span class='ocrx_word' id='word_1_329' title='bbox 1512 2671 1595 2702; x_wconf 86' lang='lat' dir='ltr'>male</span> 
     </span>
     <span class='ocr_line' id='line_1_58' title="bbox 940 2718 1143 2759; baseline 0.005 -12"><span class='ocrx_word' id='word_1_330' title='bbox 940 2718 1143 2759; x_wconf 71' lang='lat' dir='ltr'>legitsrtzcm.</span> 
     </span>
    </p>
   </div>
  </div>
 </body>
</html>
