1779 3130
250 191 307 232 46
641 189 691 228 Ρ.
727 186 941 229 OVIDII
974 185 1254 228 NASONIS

252 304 393 350 Mille
419 303 590 349 domos
617 302 799 356 adiere,
817 302 982 348 locum
1006 299 1332 363 requiemque
1357 303 1614 362 petentes;

251 380 393 427 Mille
419 380 591 425 domos
618 378 840 425 clausere
866 393 1015 424 serae:
1053 383 1221 423 tamen
1246 391 1345 421 una
1368 374 1573 437 recepit,

251 455 412 502 Parva
437 454 655 516 quidem,
685 453 880 516 stipulis
907 460 957 499 et
981 467 1141 499 canna
1164 459 1298 498 tecta
1320 450 1557 514 palustri:

254 532 356 578 Sed
376 531 458 593 pia
484 530 669 576 Baucis
696 545 834 583 anus,
863 528 1108 591 parilique
1134 534 1280 574 aetate
1307 527 1571 573 Philemon

251 608 344 654 Illa
369 613 483 653 sunt
508 606 648 652 annis
667 606 828 668 juncti
848 604 1180 667 juvenilibus3
1221 605 1307 650 illa

1543 605 1638 649 632

252 683 572 730 Consenuere
598 697 742 738 casa;
784 688 1232 744 paupertatemque
1258 678 1460 727 fatendo

252 759 476 819 Effecere
501 759 676 815 levem,
699 774 790 805 nec
816 758 988 820 iniqua
1011 764 1177 803 mente
1202 756 1472 804 ferendam.

253 836 363 883 Nec
382 836 545 890 refert,
563 835 789 882 dominos
815 835 931 890 illic,
958 835 1234 881 famulosne
1253 832 1475 895 requiras
1493 849 1504 888 3

251 911 378 959 Tota
397 912 572 958 domus
591 912 688 958 duo
714 918 855 968 sunt3
885 912 1017 958 idem
1042 916 1321 973 parentque
1341 909 1640 972 jubentque.

254 987 386 1049 Ergo
412 988 496 1035 ubi
521 987 756 1034 coelicolae
782 1003 958 1050 parvos
983 987 1190 1048 tetigere
1216 992 1440 1048 penates,

297 1152 371 1182 630.
398 1152 499 1182 Parra
524 1153 653 1191 quidem,
669 1152 744 1192 etc.]
770 1151 917 1193 Sequitur

255 1201 342 1231 locus
366 1200 654 1242 praestantissimus,
678 1212 738 1241 quo
759 1211 844 1236 casa,
867 1211 917 1230 su-

255 1250 369 1291 pellex,
386 1250 512 1290 epulum
537 1250 798 1290 pauperculorum
819 1249 917 1279 homi-

257 1309 344 1333 num,
377 1308 545 1338 eorumque
576 1297 691 1328 eximia
725 1297 918 1338 hospitalitas

258 1346 303 1376 ita
324 1347 519 1382 describitur,
546 1352 580 1377 ut
605 1357 652 1376 res
681 1347 822 1376 sensibus
846 1347 915 1376 sub·

253 1396 341 1437 jecta
357 1396 509 1432 videatur,
527 1401 557 1426 et
572 1396 669 1426 lector
685 1395 776 1426 facile
792 1406 916 1425 movea-

255 1450 304 1474 tur
320 1444 435 1485 pietate
453 1444 620 1485 hospitum.
666 1445 815 1483 Stipnlis5
832 1444 918 1474 Fast.

257 1493 299 1523 vi.
314 1494 395 1523 261:
423 1493 495 1527 Quae
521 1505 600 1523 nunc
621 1504 677 1522 aere
698 1494 789 1528 vicies,
805 1494 918 1532 stipula

258 1549 331 1573 tunc
364 1548 441 1572 tecta
480 1543 606 1571 rideres.
660 1541 785 1580 Stipultr
815 1547 917 1572 autem

256 1597 329 1621 sunt
367 1590 525 1626 stramina,
555 1601 618 1620 ver.
651 1591 723 1620 701.
784 1591 916 1620 Veteres

257 1639 338 1669 enirn
373 1649 523 1669 messores
553 1638 663 1669 aristas
691 1644 813 1668 tantum
844 1648 915 1668 cum

255 1687 370 1727 exigua
384 1687 496 1718 calami
517 1693 604 1728 parte
621 1687 799 1723 demebant,
815 1693 847 1718 et
862 1688 916 1717 sti-

256 1737 345 1777 pulas
371 1737 431 1767 alio
454 1742 590 1778 tempore
607 1737 780 1766 metebant.
827 1736 916 1776 Virg-

257 1785 372 1826 Georg.
403 1785 424 1816 i.
455 1786 529 1815 289.
581 1785 696 1822 Tecta,·
730 1785 857 1815 Priceus
886 1791 918 1816 et

256 1833 406 1864 Heinsius
427 1833 596 1874 conjiciunt
618 1840 708 1869 texta,
724 1840 758 1864 ut
780 1840 845 1864 tota
865 1844 916 1864 ca—

254 1883 323 1913 sula
352 1883 424 1913 inde
452 1889 639 1913 constructa.
689 1883 834 1913 Bam—ictis
864 1894 917 1913 no-

255 1941 325 1961 men
337 1931 369 1961 in
384 1930 580 1972 proverbium
595 1931 684 1967 abiit,
696 1938 726 1962 et
737 1942 791 1972 pro
807 1931 918 1972 quavis

257 1990 318 2009 anu
345 1980 547 2021 paupercula,
573 1980 747 2020 eademque
779 1980 841 2020 pia,
873 1986 919 2010 est

254 2028 399 2068 positum.
446 2028 582 2064 Persius,
602 2029 667 2058 Sat.
692 2029 735 2058 iv,
758 2030 809 2058 21.
856 2029 918 2059 Illa

255 2084 337 2113 sunt,
352 2084 414 2108 etc.
439 2077 646 2112 Claudianus,
665 2078 813 2118 epigram.
830 2077 862 2108 ii.
879 2079 891 2108 1
910 2091 915 2108 :

258 2126 355 2162 Felis,
380 2128 430 2166 qui
458 2128 565 2164 patriis
597 2138 688 2156 εῖιίιηι
718 2128 864 2167 transegit
887 2129 919 2156 in

257 2176 349 2214 agris,
367 2173 436 2212 Ipsa
462 2175 563 2203 (lomus
580 2185 705 2213 puerum
723 2186 805 2214 quem
828 2177 918 2210 ridet,

258 2223 320 2261 ipsa
341 2233 454 2252 senem:
481 2222 542 2256 Qui
567 2222 670 2252 baculo
692 2225 800 2258 nitens,
815 2225 843 2253 in
862 2235 920 2263 qua

257 2273 387 2309 reptavit
414 2282 517 2305 arena,
539 2270 637 2300 Unius
660 2278 799 2301 nurnerat
820 2274 919 2303 „secula

259 2319 348 2360 longa
364 2331 447 2349 cuszc.
484 2319 894 2361 Paupertatetiiqziejirceizdo
908 2333 917 2358 ς

259 2368 366 2400 Codex
392 2369 418 2398 B
441 2368 534 2398 habet
554 2368 697 2408 ferendo.
731 2369 817 2399 Dum
834 2370 918 2400 victu

260 2424 291 2447 et
301 2416 388 2446 cultu
400 2417 806 2458 paupertatemfatelmntur
818 2418 918 2458 (quod

261 2466 360 2494 omnis
379 2465 429 2495 hic
454 2465 540 2495 locus
556 2465 712 2505 declarat)
731 2476 847 2507 suoque
864 2467 920 2497 ha-

259 2514 327 2543 bitu
342 2514 437 2543 vitam
459 2513 625 2554 degebant,
642 2520 856 2555 paupertatem
872 2516 918 2546 fe-

262 2567 370 2592 cerunt
392 2574 449 2591 non
472 2564 573 2602 iniqua
594 2562 871 2604 menteseremlum,
889 2563 920 2593 id

260 2617 319 2646 est,
337 2610 542 2641 tolerabilem.
587 2611 650 2647 Qui
672 2617 778 2642 contra
800 2622 918 2654 pauper

260 2665 417 2700 potentem
446 2658 583 2689 imitatur
612 2659 778 2701 divitisque
807 2671 918 2692 nomen

261 2707 397 2743 affectat,
419 2718 564 2748 inagnum
591 2707 649 2738 sibi
675 2708 806 2749 imponit
831 2720 918 2740 onus.

1545 987 1640 1031 637

984 1150 1022 1180 In
1048 1150 1192 1180 dissimili
1215 1160 1258 1185 re,
1281 1148 1388 1179 Amor.
1409 1147 1430 1179 i.
1449 1149 1507 1178 21:
1533 1149 1644 1178 Acrius

985 1200 1092 1229 inritos
1109 1199 1257 1238 multoque
1268 1198 1407 1238 jer-ocius
1427 1203 1530 1238 urget,
1545 1197 1644 1230 Quum

986 1250 1036 1288 qvi
1064 1249 1216 1278 servitium
1245 1248 1336 1288 ferre
1354 1246 1513 1287 flrtentur,
1544 1246 1645 1276 Amor.

985 1297 1063 1327 Mox
1079 1296 1239 1337 ingeniose
1254 1301 1284 1325 et
1296 1295 1453 1336 jucunde:
1471 1304 1533 1324 non
1547 1293 1646 1324 habe-

984 1347 1062 1376 bant
1076 1356 1181 1375 servos
1202 1344 1406 1385 ancillasque.
1446 1344 1518 1374 Tota
1533 1344 1645 1379 domus,

985 1400 1045 1425 etc.
1071 1393 1153 1425 Vide
1169 1393 1209 1424 ad
1225 1393 1245 1423 i.
1261 1393 1336 1423 353.

1029 1443 1103 1473 637.
1134 1442 1269 1483 Tangere
1296 1447 1428 1481 penates,
1452 1446 1485 1470 ut
1522 1447 1646 1481 tangere

983 1499 1098 1532 portus,
1123 1501 1160 1521 eo
1182 1491 1354 1533 pervenire.
1393 1490 1471 1520 Mox
1497 1489 1645 1531 graphice

985 1543 1190 1580 summissoque,
1219 1546 1280 1570 etc.
1328 1540 1393 1573 Qua
1426 1541 1645 1579 superinjecit3

986 1592 1189 1621 Burmannus
1211 1589 1337 1630 conjicit
1355 1589 1442 1625 Quoi,
1458 1588 1490 1618 id
1509 1595 1566 1624 est,
1584 1592 1646 1620 cui.

986 1640 1121 1675 Tenum,
1142 1639 1325 1679 stragulum.
1371 1638 1458 1678 Ignis
1479 1637 1643 1668 excitatio-

984 1699 1053 1719 nem
1065 1689 1154 1729 Virg.
1166 1687 1295 1718 [Eneid.
1308 1687 1329 1717 i.
1343 1688 1415 1717 174.
1429 1687 1539 1717 eadem
1551 1697 1646 1729 prope

985 1737 1149 1778 diligentia
1173 1736 1332 1767 describit.
1378 1736 1467 1767 Idem
1489 1737 1564 1767 AEn.
1579 1736 1645 1768 viii.

986 1787 1058 1816 410.
1075 1786 1113 1816 de
1136 1785 1266 1815 muliere
1287 1785 1367 1815 bene
1392 1795 1482 1815 mane
1507 1785 1546 1815 ad
1567 1796 1645 1826 opus

985 1842 1143 1876 surgente,
1175 1837 1302 1864 cinerem
1335 1840 1363 1863 et
1390 1836 1495 1873 sopitos
1522 1836 1645 1864 suscitat

984 1886 1088 1924 ignes,-
1114 1884 1239 1917 Noster,
1252 1882 1338 1912 Fast.
1354 1893 1385 1912 v.
1398 1883 1461 1912 506
1478 1895 1484 1911 ε
1512 1882 1597 1923 Ignis
1613 1885 1645 1913 in

986 1933 1118 1962 hesterno
1133 1933 1233 1971 stipite
1247 1942 1358 1970 parvus
1374 1937 1452 1961 erat.
1484 1931 1550 1971 Ipse
1562 1943 1645 1973 genu

982 1982 1223 2021 positaflammas
1239 1983 1397 2010 exsuscitat
1413 1991 1502 2015 aura,
1520 1980 1560 2010 Et
1574 1992 1643 2020 pro-

985 2032 1038 2060 mit
1055 2041 1172 2070 quassus
1191 2031 1421 2069 comminuitque
1430 2030 1530 2070 faces.
1565 2031 1644 2059 Ani-

986 2091 1034 2109 ma
1062 2081 1201 2118 producit
1230 2080 1307 2108 anili
1336 2078 1524 2119 exquisitius
1551 2088 1645 2118 quam

987 2127 1097 2168 spiritu
1122 2126 1253 2157 suscitat
1277 2126 1385 2157 debili.
1431 2127 1482 2156 Ita
1506 2126 1646 2162 Tacitus,

988 2176 1074 2206 Ann.
1106 2175 1147 2206 vi.
1178 2177 1218 2206 9:
1259 2174 1411 2206 Vestilius
1438 2175 1526 2204 senili
1553 2186 1647 2204 manu

989 2225 1102 2255 serrum
1124 2230 1236 2255 tentat.
1283 2224 1467 2264 Multifidas,
1484 2223 1516 2253 in
1531 2224 1647 2254 multas

988 2280 1092 2314 partes
1115 2274 1238 2304 scissas.
1284 2273 1377 2303 Faces
1394 2273 1459 2314 jam
1484 2283 1578 2314 supra
1593 2273 1646 2304 vii.

986 2323 1061 2354 2:39.
1089 2322 1234 2363 legimus,
1290 2321 1436 2352 Heinsius
1472 2327 1563 2363 putat
1596 2321 1646 2352 hic

987 2381 1052 2401 esse
1079 2371 1164 2401 faces
1193 2370 1332 2401 concisas
1355 2371 1386 2400 in
1411 2370 1518 2406 frusta,
1541 2370 1648 2411 qualia

987 2424 1143 2450 sarmenta
1167 2422 1246 2449 tudae
1269 2420 1386 2449 schidiae
1409 2419 1606 2460 appellantur
1628 2430 1647 2450 a

988 2468 1143 2504 Vitruvio,
1174 2468 1228 2499 vii.
1263 2470 1312 2498 10.
1363 2468 1473 2505 Male3
1510 2478 1645 2509 namque

990 2516 1114 2547 additur
1138 2518 1261 2551 minuit,
1287 2516 1319 2546 id
1346 2522 1402 2551 est,
1424 2515 1539 2556 frangit
1562 2522 1593 2545 et
1614 2516 1645 2546 in

990 2564 1087 2595 frusta
1101 2565 1248 2600 concidit,
1265 2564 1347 2606 quod
1359 2564 1487 2594 verbum
1507 2564 1545 2594 ad
1563 2565 1646 2594 faces

988 2624 1048 2643 non
1072 2614 1184 2649 minus,
1202 2624 1295 2654 quam
1318 2613 1357 2643 ad
1377 2614 1503 2643 ramalia
1521 2613 1569 2654 (id
1587 2618 1644 2648 est,

988 2672 1088 2691 ramos
1105 2662 1216 2698 aridos,
1233 2661 1314 2692 unde
1331 2662 1415 2692 Pers.
1433 2673 1461 2691 ν.
1477 2663 1530 2692 59.
1548 2672 1643 2692 mem-

987 2711 1043 2741 bra
1059 2711 1158 2742 fracta
1172 2722 1280 2742 senum
1297 2711 1457 2742 commode
1476 2710 1520 2741 ita
1537 2711 1645 2753 appel-
