1779 3130
358 162 971 204 METAMORPHOSEON
1006 161 1125 203 LIB.
1160 158 1266 200 XV.
1418 156 1500 195 443

122 277 177 323 In
204 293 408 340 superos
434 293 516 323 aer
540 275 858 323 tenuissimus
883 275 1063 323 emicat
1087 276 1241 338 ignes.

122 353 246 400 Inde
270 360 398 400 retro
422 353 648 408 redeunt,
675 352 907 414 idemque
931 351 1170 399 retexitur
1193 352 1329 400 ordo.

120 429 257 492 Ignis
282 429 413 476 enim
436 429 648 476 densum
673 430 913 492 spissatus
938 428 987 474 in
1013 428 1124 475 a'e‘ra
1145 428 1342 485 transit;
1403 432 1500 476 250

120 504 217 552 Hic
242 505 292 551 in
317 520 501 567 aquas3
541 505 689 551 tellus
715 505 985 566 glomerata
1008 503 1200 565 cogitur
1223 506 1378 552 unda:

120 580 228 628 Nec
254 580 448 643 species
473 596 562 627 sua
581 580 763 643 cuique
784 587 968 634 manet,
989 595 1251 641 rerumque
1277 582 1499 629 novatrix

120 656 198 704 Ex
224 656 332 704 aliis
358 656 479 704 alias
504 663 700 720 reparat
724 663 901 703 natura
923 656 1121 716 figuras.

121 733 228 781 Nec
249 734 377 796 perit
393 734 441 779 in
458 740 596 780 tanto
613 734 902 796 quidquam,
923 732 1042 778 mihi
1060 732 1263 788 credite,
1284 736 1496 793 mundo;

120 810 221 857 Sed
235 809 405 865 variat,
423 809 703 872 faciemque
720 816 887 856 novat:
917 808 1155 870 nascique
1174 816 1376 856 vocatur
1400 814 1495 858 255

119 885 345 949 Incipere
364 901 474 933 esse
494 885 643 940 aliud,
665 901 814 948 quam
836 884 965 947 quod
988 883 1080 930 fuit
1104 891 1246 941 ante3
1275 886 1499 950 morique

119 962 361 1009 Desinere
385 962 506 1008 illud
531 961 678 1017 idem,
706 977 862 1023 quum
887 960 986 1007 sint
1010 960 1107 1006 huc
1130 959 1333 1008 forsitan
1357 961 1456 1018 illa,

119 1038 239 1085 Haec
259 1038 495 1084 translata
510 1037 626 1083 illuc
645 1053 654 1083 :
685 1051 877 1083 summa
890 1043 1055 1083 tamen
1072 1036 1235 1083 onmia
1253 1046 1497 1088 constant.

185 1115 270 1161 Nil
295 1114 528 1177 equidem
552 1113 728 1159 durare
754 1112 837 1158 diu
864 1112 956 1158 sub
982 1111 1196 1174 imagine
1221 1113 1396 1161 eadem

119 1191 455 1238 Crediderim:
501 1191 572 1237 sic
596 1190 658 1236 ad
683 1189 864 1236 ferrum
887 1188 1091 1235 venistis
1117 1189 1179 1235 ab
1205 1204 1322 1236 auro

120 1268 328 1315 Secula:
368 1267 439 1314 sic
465 1266 612 1313 toties
636 1281 779 1312 versa
802 1272 881 1311 est
904 1264 1098 1311 fortuna
1121 1265 1356 1312 locorum.

116 1344 230 1390 Vidi
254 1359 362 1405 ego,
390 1342 522 1406 quod
550 1341 710 1388 fuerat
735 1340 985 1403 quondam
1013 1340 1311 1388 solidissima
1335 1343 1498 1400 tellus,

118 1419 244 1467 Esse
268 1419 447 1466 fretum
468 1436 478 1466 ε
516 1418 615 1465 vidi
640 1417 795 1465 factas
816 1433 879 1463 ex
904 1432 1102 1479 aequore
1127 1423 1282 1464 terras
1303 1436 1313 1474 3

117 1496 184 1543 Et
208 1496 378 1559 procul
404 1512 432 1543 a
455 1495 632 1558 pelago
657 1493 858 1541 conchae
874 1494 1078 1555 jacuere
1102 1492 1318 1550 marinae,
1403 1498 1497 1541 264

117 1572 183 1620 Et
205 1579 345 1619 vetus
371 1571 570 1618 inventa
588 1577 664 1617 est
688 1570 737 1616 in
761 1569 1013 1616 montibus
1040 1584 1219 1615 ancora
1244 1570 1472 1618 summis:

116 1649 364 1711 Quodque
388 1648 480 1694 fuit
503 1663 725 1710 campus„
752 1646 930 1693 vallem
955 1645 1194 1691 decursus
1220 1660 1460 1708 aquarum

117 1725 257 1772 Fecit
278 1743 288 1781 ;
329 1731 379 1771 et
404 1723 562 1771 eluvie
588 1739 730 1769 mons
756 1729 832 1769 est
855 1721 1099 1768 deductus
1121 1720 1169 1766 in
1195 1737 1391 1784 aequor;

116 1801 260 1864 Eque
284 1800 526 1864 paludosa
550 1800 695 1847 siccis
720 1799 900 1845 humus
925 1805 1030 1844 aret
1053 1797 1241 1844 arenis:
1321 1799 1494 1859 [ment.

1404 1195 1500 1239 260

116 1877 343 1940 Quaeque
389 1876 522 1923 sitim
569 1876 800 1929 tulerant,

157 2052 231 2082 249.
256 2051 408 2086 Redeunt,
435 2056 596 2080 mutantur
619 2049 650 2079 in
671 2049 772 2090 pristi-

115 2111 189 2132 num
215 2105 342 2131 statum.
386 2099 506 2130 Eadem
539 2098 700 2139 eleganter
725 2097 773 2128 di·

114 2156 226 2180 cuntur
241 2152 344 2184 reteri,
360 2154 446 2190 tropo
462 2158 480 2178 a
494 2147 558 2178 tela
572 2147 680 2188 petito.
718 2147 773 2176 Co-

112 2202 210 2241 gitur,
234 2197 424 2234 includitur3
447 2197 469 2227 i.
494 2198 547 2227 31.
566 2196 674 2226 humor
694 2206 772 2226 coer-

116 2249 180 2278 cuit
214 2248 319 2277 orbem.
367 2246 552 2280 Glomerata,
581 2249 772 2281 coacervata,

118 2295 319 2326 condensata.
359 2294 497 2336 Figuras‚
513 2294 680 2324 elementa.

157 2345 232 2375 254.
258 2343 320 2374 Nec
334 2346 412 2382 perit
436 2346 468 2373 in
490 2342 600 2382 tanta]
644 2340 774 2371 Plurimi

115 2394 164 2434 (et
178 2393 275 2424 codex
291 2393 376 2433 Reg.
391 2392 453 2431 A.)
477 2392 540 2422 Nec
557 2392 634 2431 perit
654 2392 686 2420 in
706 2396 776 2420 toto.

115 2441 233 2472 Nullus
249 2441 280 2471 in
295 2440 411 2471 mundo
432 2439 584 2475 interitus,
599 2449 691 2469 merae
708 2444 775 2468 tan-

115 2497 182 2521 tum
197 2489 479 2521 transformationes
500 2495 531 2519 et
547 2487 776 2518 translationes.

116 2539 154 2569 Id
169 2548 295 2579 quoque
308 2537 514 2568 verissimum.
542 2538 662 2567 Summa
678 2537 775 2565 omnia

116 2594 262 2623 constant,
300 2597 421 2617 summa
465 2586 602 2617 omnium
641 2584 773 2626 partium

118 2645 237 2676 semper
252 2640 357 2665 manet
371 2634 494 2665 eadem.

160 2684 233 2715 259.
251 2684 305 2713 Nil
317 2685 446 2723 equidem
460 2685 582 2718 durare,
595 2682 672 2721 etc]
691 2681 776 2711 Mul-

840 1880 1068 1935 stagnata
1103 1872 1371 1935 paludibus
1409 1874 1497 1920 hu-

842 2055 890 2078 tas
910 2054 941 2078 et
958 2057 1088 2088 magnas
1111 2045 1317 2077 revolutiones
1339 2056 1432 2088 passa
1454 2052 1500 2077 est

841 2103 940 2134 terra;
970 2095 1003 2125 id
1028 2095 1111 2135 quod
1134 2099 1166 2125 et
1191 2093 1282 2124 hodie
1311 2094 1500 2135 gravissimis

842 2143 1032 2185 argumentis
1051 2144 1164 2174 docent
1184 2142 1318 2183 geologi.
1364 2143 1500 2174 Fortuna

842 2195 982 2227 locorum,
999 2192 1122 2222 habitus
1137 2191 1285 2221 locorum.

884 2242 957 2272 266.
982 2241 1125 2279 Campum
1137 2239 1219 2280 fecit
1242 2240 1359 2275 vallem,
1385 2239 1442 2269 hoc
1467 2239 1499 2270 in

841 2300 952 2332 campo
982 2288 1055 2320 fecit
1083 2293 1219 2318 montem
1248 2293 1302 2317 aut
1332 2286 1499 2318 tumulum.

842 2339 881 2369 In
901 2349 1011 2379 (equor,
1028 2337 1059 2367 in
1078 2337 1208 2378 planum
1229 2346 1395 2377 campum3
1426 2335 1465 2365 ad
1480 2335 1500 2366 i.

841 2388 893 2417 41.
931 2387 1022 2417 Siccis
1037 2392 1102 2415 aret
1117 2387 1227 2420 arenis,
1246 2384 1329 2414 sacta
1344 2389 1390 2414 est
1405 2383 1499 2420 sicca,

841 2436 938 2471 arida,
950 2445 1088 2466 arenosa.
1115 2434 1173 2463 His
1184 2443 1221 2464 ex
1233 2443 1300 2463 asse
1312 2432 1500 2474 respondent

841 2483 1011 2525 sequentia,
1027 2488 1166 2523 stagnata
1186 2482 1347 2520 paludibus
1368 2481 1500 2516 hument,

841 2533 872 2563 in
893 2532 1035 2563 humidas
1056 2530 1187 2572 paludes
1203 2540 1228 2560 s.
1250 2536 1361 2570 stagna
1379 2533 1499 2558 mutata

840 2588 923 2613 sunt.
969 2580 1120 2611 Cumulat
1147 2578 1253 2614 verba,
1290 2583 1325 2608 ut
1353 2577 1500 2613 inculcet,

843 2641 935 2671 quam
958 2628 1112 2660 mirabiles
1135 2628 1196 2658 sint
1218 2626 1281 2658 illae
1302 2626 1499 2658 mutationes.

848 2680 873 2709 Ε
886 2680 1040 2719 paludosa,
1056 2677 1125 2708 scil.
1139 2676 1244 2707 humo.
