1779 3130
250 181 338 222 458
650 178 699 218 Ρ.
735 177 948 218 OVIDII
984 177 1260 220 NASONIS

253 295 312 340 ln
339 293 548 356 patriam
573 290 820 339 remeasse
845 291 1026 347 ferunt,
1054 293 1284 355 ultroque
1309 293 1520 356 petitum
1545 296 1643 339 480

250 368 524 431 Accepisse
554 367 772 415 Numam
797 368 969 431 populi
995 367 1199 415 Latialis
1224 370 1462 424 habenas,

251 445 478 507 Conjuge
505 444 590 506 qui
615 444 735 491 felix
763 444 1017 508 Nympha,
1045 445 1358 507 ducibusque
1387 445 1639 500 Camenis,

251 521 515 567 Sacrificos
541 521 710 567 docuit
734 521 874 575 ritus,
903 528 1221 582 gentemque,
1250 521 1399 567 feroci

251 597 520 644 Assuetam
545 597 693 653 bello,
723 597 859 660 pacis
884 597 1106 643 traduxit
1131 597 1193 643 ad
1218 604 1364 643 artes.
1533 596 1642 658 [git‚

253 673 416 726 Quem
433 679 699 736 postquam
716 673 878 719 senior
893 688 1218 734 regnumque,
1230 688 1489 735 aevumque
1506 688 1645 735 pere-

255 749 548 796 Extinctum
562 749 817 812 Latiaeque
829 765 996 803 nurus,
1011 750 1344 812 populusque,
1358 756 1644 812 patresque,

254 826 513 872 Deflevere
543 825 788 872 Numam:
829 840 943 871 nam
969 826 1168 886 conjux,
1197 826 1316 871 urbe
1343 825 1530 879 relicta,

253 902 409 948 Vallis
437 901 649 948 Aricinae
675 901 842 948 densis
868 902 991 948 latet
1015 902 1186 948 abdita
1210 901 1361 956 silvis,

256 977 509 1040 Sacraque
537 976 761 1023 Oresteae
787 977 992 1039 gemitu,
1017 985 1302 1040 questuque
1331 978 1504 1024 Dianae

252 1052 499 1116 Impedit:
541 1053 603 1100 ah
626 1054 822 1115 quoties
851 1053 1101 1117 Nymphae
1128 1055 1462 1116 nemorisque,
1484 1055 1644 1100 lacus-

254 1130 334 1178 Ne
358 1130 560 1185 faceret,
589 1147 839 1185 monuere,
869 1137 918 1177 et
942 1131 1251 1178 consolantia
1272 1132 1423 1178 verba
1506 1133 1644 1194 [que,

258 1207 473 1254 Dixere!
513 1208 575 1254 ah
602 1208 797 1270 quoties
824 1207 959 1254 flenti
985 1207 1197 1254 Thesi‘us
1223 1209 1383 1263 heros,

258 1284 390 1331 Siste
416 1284 644 1330 modum!
673 1284 825 1331 dixit:
867 1301 959 1331 nec
985 1286 1115 1333 enim
1141 1285 1337 1332 fortuna
1362 1286 1617 1348 querenda

258 1360 376 1406 Sola
400 1368 486 1407 tua
511 1367 613 1407 est:
657 1360 841 1407 similes
868 1361 1073 1408 aliorum
1099 1362 1289 1425 respice
1315 1378 1477 1416 casus,
1549 1365 1645 1408 494

255 1436 431 1482 Mitius
458 1437 553 1482 ista
577 1436 732 1482 feres:
774 1437 1064 1499 utinamque
1091 1439 1324 1502 exempla
1348 1439 1619 1494 dolentem,

257 1512 373 1558 Non
400 1527 510 1559 mea
528 1519 575 1559 te
602 1520 808 1574 possent
833 1513 1075 1561 relevare!
1103 1515 1190 1561 sed
1215 1522 1265 1562 et
1285 1531 1395 1562 mea
1419 1522 1644 1578 possunt.

258 1588 427 1636 Fando
452 1589 669 1651 aliquem
693 1589 1025 1652 Hippolytum
1051 1598 1256 1647 vestras,
1274 1598 1413 1655 puto,
1440 1591 1648 1653 contigit

456 1682 614 1721 aures,

1549 904 1644 947 488

987 1834 1093 1864 functo
1115 1844 1264 1874 magnum
1285 1833 1404 1864 luctum
1420 1832 1514 1863 fuisse
1535 1831 1568 1862 in
1583 1837 1649 1863 tota

987 1883 1073 1918 urbe,
1099 1883 1192 1913 etiarn
1218 1881 1388 1923 Dionysius
1412 1880 1517 1911 Halie.
1542 1881 1574 1912 ii.
1596 1882 1648 1911 76.

987 1932 1090 1962 refert.

260 1844 334 1868 rum.
365 1838 447 1869 Vide
461 1838 594 1878 Dionys.
610 1839 771 1870 Halicarn.
783 1840 814 1871 ii.
854 1841 917 1871 Ha-

258 1888 356 1916 henas.
413 1887 463 1917 Ita
500 1887 630 1917 Latinus
667 1899 767 1918 rerum
798 1891 919 1929 reliquit

259 1936 384 1966 habenas
410 1936 493 1977 apud
518 1936 697 1977 Virgilium,
715 1938 841 1969 AEneid.
865 1939 918 1971 vii.

257 1984 330 2014 600.

301 2034 373 2062 482.
407 2034 541 2073 Conjnge
558 2033 654 2073 selis,
673 2035 838 2075 conjugem
866 2035 919 2065 ha-

258 2082 336 2110 bens
357 2092 372 2111 e
393 2082 524 2111 formula
548 2082 679 2118 solenni,
698 2083 736 2113 de
753 2093 815 2124 qua
830 2084 918 2114 alibi.

258 2129 402 2169 Egeriam
425 2129 473 2160 vel
500 2130 670 2169 Nympham
696 2131 789 2162 fuisse
817 2132 919 2162 trade-

258 2178 346 2213 bant,
375 2178 423 2207 vel
454 2188 548 2208 unam
576 2180 762 2216 Musarum3
799 2179 919 2220 Diony-

259 2225 323 2256 sius
353 2226 456 2256 Halic.
484 2226 516 2255 ii.
546 2227 612 2264 603
653 2228 769 2263 Livius,
800 2228 820 2257 i.
851 2228 916 2258 21:

260 2279 279 2291 “
299 2275 402 2305 Lucus
425 2281 599 2316 erat—quo
626 2276 699 2317 quia
726 2288 757 2307 se
782 2288 919 2318 persaepe

260 2323 366 2353 Numa
383 2322 448 2354 sine
464 2323 596 2359 arbiuis,
613 2325 699 2354 velut
715 2325 755 2355 ad
777 2335 920 2366 congres-

259 2382 326 2401 sum
357 2372 446 2406 Deae,
472 2371 638 2407 inferebat,
671 2373 819 2403 Camenis
849 2384 919 2403 eum

259 2419 365 2449 lucum
389 2420 532 2455 sacravit,
549 2421 632 2460 quod
653 2431 759 2451 earum
781 2422 824 2452 ibi
848 2432 920 2452 con-

260 2467 333 2498 cilia
348 2478 418 2498 cum
435 2468 566 2508 conjuge
582 2479 639 2498 sua
655 2469 769 2509 Egeria
785 2470 921 2500 essent.”

305 2517 378 2546 485.
396 2517 490 2550 Quem
505 2526 559 2557 pro
574 2519 624 2556 qui
640 2517 836 2548 exCantabr.
860 2518 921 2548 Sed

262 2571 328 2594 turn
345 2564 493 2594 Heinsius
509 2575 607 2605 porro,
620 2576 682 2596 ver.
699 2567 771 2597 487.
787 2567 922 2603 volebat,

265 2613 418 2652 Deflerere
440 2615 535 2643 virum
562 2619 615 2643 aut
637 2615 744 2644 simul:
773 2615 922 2645 Burman—

263 2671 321 2690 nus
348 2661 474 2702 conjicit
500 2662 671 2702 quievere:
704 2663 809 2693 Numoe
839 2675 920 2693 num.

266 2708 382 2744 Nurus,
411 2716 569 2745 matronae,
594 2709 748 2741 mulieres
794 2711 839 2741 Eo
869 2711 919 2741 ‹le-

1032 1982 1104 2011 488.
1129 1982 1235 2010 Aricia
1250 1979 1397 2021 oppidum
1415 1978 1495 2009 Latii
1516 1979 1573 2008 sub
1589 1978 1647 2008 Al-

987 2029 1068 2058 bano
1094 2035 1209 2063 monte,
1226 2039 1287 2068 quo
1314 2029 1446 2057 Dianam
1466 2027 1645 2062 Tauricam,

988 2076 1151 2107 interfecto
1164 2076 1305 2106 Thoante
1333 2087 1415 2116 rege,
1432 2086 1503 2106 eum
1522 2075 1647 2115 Iphige-

988 2125 1039 2156 nia
1063 2136 1163 2156 sorore
1189 2124 1348 2155 transtulit
1374 2125 1499 2154 Orestes.
1544 2124 1591 2153 Ea
1616 2123 1649 2153 in

987 2174 1126 2216 proximo
1152 2184 1275 2204 nemore
1297 2174 1382 2203 culta
1398 2173 1457 2203 ritu
1474 2172 1647 2214 peregrino,

988 2234 1049 2264 quo
1065 2223 1143 2254 servi
1161 2223 1395 2260 mactabantur3
1412 2222 1567 2262 Hyginus,
1585 2221 1647 2253 fab.

986 2273 1069 2310 2663
1093 2271 1227 2306 Solinus,
1238 2271 1336 2301 lib.ii.
1352 2281 1423 2312 pag.
1439 2272 1486 2300 13.
1530 2270 1646 2300 Secun-

987 2321 1062 2350 dum
1079 2321 1205 2351 Graeeos
1221 2320 1353 2361 Sparten
1370 2327 1415 2349 est
1429 2319 1578 2349 translata
1594 2325 1649 2349 aut

988 2369 1138 2399 Brauron.
1152 2367 1325 2398 Pausanias
1339 2367 1522 2402 conferatur,
1539 2366 1583 2397 iii.
1598 2368 1648 2397 16.

1042 2419 1115 2448 492.
1148 2417 1286 2447 Theseius
1327 2417 1419 2451 heros,
1458 2415 1648 2456 Hippolytus

988 2472 1056 2507 post
1075 2472 1202 2496 mortem
1220 2465 1280 2495 huc
1304 2464 1469 2494 translatus
1485 2474 1502 2493 a
1524 2463 1649 2501 Diana;

988 2514 1059 2544 vide
1074 2513 1129 2544 inf.
1145 2515 1228 2551 542;
1251 2519 1282 2543 et
1295 2513 1377 2542 Fast.
1394 2512 1434 2542 vi.
1451 2513 1523 2542 745.

1033 2563 1106 2592 497.
1125 2562 1290 2601 ,Hippolyti
1315 2561 1452 2591 fabulam
1475 2560 1648 2590 tractarunt

990 2610 1155 2651 Euripides
1190 2615 1222 2640 et
1257 2611 1376 2639 Seneca
1414 2608 1447 2638 in
1484 2608 1647 2650 Hippolyt.

989 2659 1101 2700 virgil.
1138 2660 1215 2689 AEn.
1247 2659 1298 2689 vii.
1331 2658 1389 2688 761
1421 2668 1490 2698 sqq.
1535 2657 1648 2687 Confer

990 2708 1161 2748 Hyginum,
1186 2707 1251 2738 sab.
1281 2707 1333 2737 47.
1358 2712 1389 2736 et
1410 2705 1590 2737 Cluverium
1613 2706 1646 2735 in
