1779 3130
208 168 293 209 260

599 167 649 206 P.
680 165 894 207 OVIDII
927 166 1206 208 NASONIS

214 281 338 328 Esse
366 281 486 328 Deae
510 297 519 327 :
564 287 831 344 postquam
857 280 1094 343 pietatem
1120 280 1320 343 publica
1343 296 1510 338 causa,

213 358 428 419 Rexque
446 364 636 420 patrem
652 357 786 413 vicit,
805 365 1099 420 castumque
1110 357 1286 404 datura
1296 374 1518 404 cruorem
1536 360 1600 404 30

212 433 469 480 Flentibus
496 441 608 480 ante
635 449 769 480 aram
796 434 934 480 stetit
960 433 1222 496 Iphigenia
1246 433 1512 480 ministris:

210 510 358 556 Victa
388 509 498 556 Dea
522 517 613 564 est,
641 510 927 571 nubemque
956 509 1112 556 oculis
1141 509 1356 571 objecit;
1399 517 1449 556 et
1475 508 1602 555 inter

215 586 446 632 Officium
472 587 770 648 turbamque
797 587 938 642 sacri,
965 602 1214 648 vocesque
1240 594 1547 648 precantum,

215 663 488 725 Supposita
512 662 666 709 fertur
690 665 915 709 mutasse
941 662 1216 725 Mycenida
1240 678 1399 709 cerva.

216 738 348 800 Ergo
374 738 477 793 ubi,
506 755 606 800 qua
630 738 816 793 decuit,
843 739 996 785 lenita
1020 745 1096 784 est
1121 738 1256 784 caede
1285 738 1463 792 Diana,

1538 740 1601 783 35

213 813 278 860 Et
303 815 485 877 pariter
511 814 746 870 Phoebes,
774 816 956 878 pariter
980 815 1128 861 maris
1155 815 1226 861 ira
1250 814 1484 871 recessit3

212 889 483 952 Accipiunt
507 898 679 937 ventos
706 908 735 938 a
759 899 898 953 tergo
925 892 1057 937 mille
1084 891 1286 948 carinae3

215 966 479 1029 Multaque
496 983 746 1030 perpessae
768 968 989 1030 Phrygia
1005 967 1259 1030 potiuntur
1278 983 1442 1014 arena.
1463 968 1603 1029 [que,

270 1042 338 1090 ΙΙ.
367 1042 503 1090 Orbe
518 1043 656 1090 locus
674 1044 836 1090 medio
853 1051 946 1099 est,
965 1043 1091 1090 inter
1108 1051 1380 1106 terrasque,
1397 1044 1601 1090 fretum-

256 1187 309 1217 29.
334 1186 462 1217 Publica
474 1197 575 1222 causa,
590 1187 797 1222 commodum,
814 1186 875 1217 uti-

212 1235 285 1265 litas
305 1235 418 1275 gentis,
437 1242 470 1266 ut
493 1247 583 1266 causa
605 1238 732 1275 imperii,
757 1238 874 1275 reipub-

215 1285 278 1314 lica>
299 1284 383 1325 apud
405 1284 598 1315 Ciceronem.
644 1285 719 1320 Rea,
740 1285 874 1315 officium

213 1333 304 1373 regis,
318 1339 444 1372 patrem,
467 1333 605 1363 animum
625 1339 800 1374 paternum,
822 1344 876 1375 per

214 1382 436 1422 metonymiam
465 1383 598 1423 subjecti
625 1393 680 1423 pro
705 1382 872 1423 adjuncto:

214 1430 280 1460 xiii.
294 1431 364 1460 187.
381 1433 411 1460 in
428 1442 494 1471 rege
511 1440 607 1460 tamen
624 1437 707 1469 pater
722 1438 784 1467 est,·
810 1431 874 1461 Va-

214 1479 308 1509 lerius
323 1480 415 1509 Mart.
433 1479 472 1509 V.
489 1479 552 1509 viii.
573 1480 599 1510 l.
615 1479 653 1509 de
671 1480 780 1515 Bruto,
794 1481 877 1510 eruit

212 1535 345 1567 putrem,
357 1534 393 1558 ut
408 1529 556 1558 consulem
572 1535 671 1569 ageret
689 1539 698 1563 ‚·
728 1538 821 1569 supra
836 1527 876 1558 vi.

215 1578 289 1608 629.
317 1588 350 1607 err
373 1579 465 1607 nimia
490 1583 612 1606 matrem
640 1580 752 1616 pietate
777 1579 877 1607 labare

213 1628 312 1661 sensit,
337 1626 390 1656 ubi
414 1625 476 1655 vid.
501 1625 661 1655 Heinsius.
708 1625 877 1656 Persuasus

214 1674 361 1716 precibus
390 1673 531 1704 Menelai
561 1673 720 1704 arcessivit
750 1673 877 1715 Iphige-

216 1723 313 1753 niam.

259 1773 311 1802 30.
329 1773 424 1808 Dare,
438 1772 608 1804 effundere.
627 1773 796 1813 Sequentia
807 1773 875 1814 pul-

217 1821 367 1851 cherrime
389 1820 536 1851 tractavit
556 1821 720 1851 Lucretius
735 1821 767 1851 d.
783 1821 804 1851 l.
824 1821 876 1862 qui

216 1869 303 1900 locus
318 1869 432 1910 dignus
448 1876 505 1905 est,
522 1869 575 1910 qui
592 1880 662 1900 cum
677 1876 778 1900 nostro
794 1880 877 1900 com-

216 1925 341 1959 paretur
355 1929 362 1947 :
392 1923 410 1935 ‘⁴
427 1918 486 1948 Cui
504 1918 594 1948 simul
610 1918 710 1948 infula
725 1918 878 1959 virgineos

217 1967 410 1998 circumdata
433 1973 574 2008 comptus
594 1968 639 1997 Ex
664 1974 797 2008 utraque
811 1968 878 2009 pari

219 2017 372 2047 malarum
391 2023 479 2057 parte
500 2016 625 2056 profusa
649 2022 706 2052 est,
723 2016 763 2046 Et
783 2027 877 2047 moes-

218 2071 284 2096 tum
303 2065 395 2096 simul
416 2071 488 2095 ante
511 2074 580 2094 aras
601 2071 700 2095 astare
720 2072 878 2106 parentem

218 2115 334 2149 Sensit,
353 2119 384 2144 et
399 2113 482 2143 hunc
502 2120 627 2155 propter
648 2113 760 2144 ferrum
777 2114 878 2144 celare

221 2163 387 2198 ministros,
417 2162 622 2204 Aspectuque
651 2173 706 2192 suo
736 2162 880 2193 lacrimas

219 2211 378 2242 effundere
404 2211 506 2241 cives:
537 2211 631 2241 Muta
658 2218 741 2241 metu
767 2218 879 2241 terram

218 2260 350 2301 genibus
373 2260 527 2290 submissa
548 2261 693 2301 petebat:
724 2260 793 2290 Nec
819 2259 877 2289 rni-

220 2320 296 2340 serae
315 2309 459 2351 prodesse
478 2309 511 2338 in
530 2309 585 2339 tali
605 2315 742 2350 tempore
759 2309 879 2350 quibat,

221 2358 314 2395 Quod
329 2357 430 2399 patrio
448 2356 592 2399 princeps
611 2357 741 2387 donarat
758 2358 879 2389 nomine

220 2407 358 2448 regem,'’
375 2413 436 2438 etc.
473 2406 623 2436 Pinxerat
639 2406 725 2436 illam
739 2406 879 2437 immola-

221 2456 335 2486 tionem
355 2454 548 2490 Timanthes,
568 2455 606 2485 de
627 2465 687 2496 quo
711 2454 879 2491 Quintilia-

221 2515 289 2540 nus,
316 2505 394 2535 Inst.
415 2505 472 2535 Or.
490 2504 535 2534 ΙΙ.
557 2503 623 2534 xiii.
651 2505 707 2534 13:
738 2508 758 2520 “
773 2504 878 2539 Quum

220 2553 251 2582 in
284 2553 456 2593 Iphigenia?
485 2552 697 2582 immolatione
729 2552 880 2593 pinxisset

222 2601 341 2632 tristem
363 2602 581 2637 Calchantem,
601 2601 764 2631 tristiorem
788 2600 878 2631 Ulix-

221 2659 281 2684 em,
304 2649 474 2680 addidisset
496 2649 654 2686 Menelao,
678 2660 771 2690 quem
795 2659 877 2679 sum-

222 2708 305 2728 mum
326 2705 446 2739 poterat
464 2709 512 2730 ars
533 2700 667 2735 efficere,
691 2708 877 2729 moerorem:

944 1185 1135 1228 consumptis
1155 1186 1330 1222 affectibus,
1353 1197 1414 1216 non
1438 1185 1605 1227 reperiens,

945 1245 1005 1275 quo
1022 1235 1114 1275 digne
1134 1235 1223 1265 modo
1244 1236 1339 1276 patris
1358 1235 1479 1265 vultum
1500 1240 1605 1276 posset

944 1283 1126 1324 exprimere,
1149 1283 1266 1313 velavit
1285 1284 1351 1325 ejus
1370 1290 1475 1324 caput,
1498 1290 1528 1314 et
1548 1293 1604 1313 suo

943 1331 1057 1373 cuique
1095 1332 1197 1361 animo
1235 1332 1321 1362 dedit
1350 1331 1604 1362 aestimandum.''

943 1380 1058 1410 Confer
1096 1380 1216 1415 Cicero,
1247 1380 1336 1410 Orat.
1364 1382 1425 1418 22,
1470 1380 1604 1417 Plinius,

943 1439 1038 1458 xxxv.
1058 1429 1108 1459 10.

985 1479 1039 1508 33.
1068 1477 1206 1518 Officium
1224 1479 1409 1518 turbamque,
1426 1478 1504 1518 etc.]
1538 1478 1605 1508 Res

942 1525 1108 1566 diligenter
1133 1533 1273 1557 narratur
1300 1526 1381 1568 apud
1410 1526 1605 1568 Euripidem,

942 1586 1004 1605 ver.
1027 1576 1105 1606 1531
1128 1586 1208 1616 sqq:
1236 1577 1323 1606 turbu
1347 1577 1436 1611 sacri,
1460 1576 1605 1616 strepitus

943 1634 1058 1660 eorurn,
1074 1624 1126 1665 qui
1139 1635 1226 1655 sacro
1243 1624 1423 1655 intererant.
1459 1625 1604 1660 munisse,

944 1675 1147 1714 permutasse.
1192 1673 1297 1715 Ipsam
1319 1673 1471 1714 virginem
1492 1674 1606 1715 rapuit,

945 1722 1011 1763 ejus
1040 1722 1107 1752 loco
1145 1722 1306 1764 supposuit
1339 1723 1388 1752 vel
1419 1733 1545 1758 cervam,
1570 1729 1607 1753 ut

945 1771 1069 1812 plurimi
1094 1771 1232 1807 tradunt,
1256 1772 1305 1801 vel
1328 1777 1463 1806 taurum,
1485 1777 1521 1801 ut
1539 1771 1607 1802 vult

946 1819 1106 1850 Nicander
1122 1820 1204 1861 apud
1221 1820 1337 1850 Anton.
1357 1820 1542 1850 Liberalem.

989 1869 1041 1898 38.
1069 1868 1167 1898 Potiri
1183 1868 1302 1898 dietum
1319 1875 1352 1898 ut
1367 1868 1408 1898 xi.
1425 1870 1477 1898 55.

989 1917 1149 1948 39—145.
1183 1917 1303 1957 Cycnus
1341 1917 1602 1957 invulnerabilia]

947 1965 1038 1996 Conf.
1057 1967 1097 2002 Q.
1115 1966 1260 2001 Calaber,
1281 1965 1323 1995 iv.
1341 1966 1403 1995 467
1420 1977 1499 2007 sqq:
1524 1972 1605 1997 trac-

946 2021 1067 2045 taverat
1082 2022 1113 2045 et
1131 2015 1272 2045 Stasinus
1293 2014 1325 2044 in
1346 2014 1482 2056 Cypriis.
1531 2016 1608 2047 Orbe

948 2064 1028 2094 locus
1044 2065 1150 2098 medio,
1170 2070 1230 2093 etc.
1274 2063 1376 2093 Locus
1398 2062 1546 2094 classicus
1566 2064 1606 2095 de

946 2112 1043 2142 Fama
1067 2118 1098 2142 et
1123 2111 1161 2142 de
1185 2112 1252 2153 ejus
1279 2111 1447 2142 domicilio.
1491 2113 1607 2154 Neque

948 2161 1061 2191 Noster
1082 2162 1276 2191 concertasse
1299 2161 1422 2191 videtur
1444 2171 1514 2191 cum
1536 2162 1607 2192 Vir-

946 2209 1031 2250 gilio,
1057 2211 1133 2240 H-Zn.
1156 2210 1199 2239 iv.
1228 2210 1408 2240 173-188.
1435 2210 1490 2240 sed
1517 2221 1606 2241 suum

946 2257 1042 2298 ipsius
1070 2258 1230 2298 ingenium
1262 2264 1407 2289 secutus:
1447 2259 1537 2299 eique
1569 2270 1607 2290 ex

947 2316 1030 2337 more
1054 2307 1183 2337 indulsit
1205 2307 1409 2348 loquacitate.
1456 2307 1548 2338 Conf.
1569 2308 1608 2339 de

948 2355 1043 2386 Fama
1061 2355 1206 2386 Valerius
1229 2356 1373 2391 Flaccus,
1396 2355 1427 2386 ii.
1450 2356 1510 2386 116
1529 2367 1607 2397 sqq:

947 2404 1066 2434 Statius
1084 2404 1183 2434 Theb.
1203 2405 1247 2436 iii.
1269 2405 1351 2442 426;
1381 2406 1495 2435 Noster
1514 2415 1608 2447 supra

947 2452 991 2482 ix.
1022 2453 1080 2483 137
1110 2463 1179 2493 sqq.
1226 2453 1321 2483 Fama
1347 2453 1417 2483 Dea
1434 2453 1500 2494 jam
1522 2453 1605 2494 apud

948 2500 1236 2543 Hesiodum,'Epy.
1253 2502 1305 2532 fin.
1322 2501 1486 2543 Ingeniose
1500 2508 1606 2532 autem

945 2550 1136 2580 domicilium
1151 2551 1254 2580 Famae
1271 2552 1494 2591 excogitatum.
1543 2551 1607 2582 Coe-

947 2601 1027 2629 testes
1046 2600 1153 2640 plagoe,
1180 2599 1295 2630 coelum
1318 2600 1349 2630 in
1374 2606 1476 2630 certas
1495 2600 1606 2641 plagas

945 2648 1092 2679 divisum.
1120 2649 1241 2688 Triplex
1256 2652 1396 2685 mundus,
1413 2649 1443 2679 id
1458 2655 1516 2685 est,
1532 2660 1606 2680 con·

945 2703 1030 2728 stans
1050 2697 1147 2728 tribus
1170 2697 1322 2739 partibus,
1344 2697 1408 2729 sive
1431 2697 1606 2733 elementis,
