1779 3130
227 154 284 195 82
621 153 672 193 P.
707 150 919 192 OVIDII
953 150 1235 192 NASONIS

231 268 341 315 Nec
367 282 529 323 mora3
570 265 813 313 letiferam
838 272 1047 312 conatur
1073 265 1300 312 scindere
1323 271 1543 310 vestem:

232 344 344 399 Qua
367 343 592 398 trahitur,
614 341 767 388 trahit
792 341 876 387 illa
896 348 1061 388 cutem
1080 360 1091 398 ;
1131 340 1420 402 foedumque
1445 339 1621 393 relatil,

230 421 334 467 Aut
358 421 514 466 haeret
538 419 774 466 membris
800 418 982 464 frustra
1006 425 1200 464 tentata
1224 416 1413 472 revelli3

233 498 336 543 Aut
359 497 550 543 laceros
577 503 731 551 artus,
759 503 809 542 et
833 495 1039 557 grandia
1065 494 1257 556 detegit
1281 509 1411 540 ossa.

1537 493 1627 537 169

234 574 352 636 Ipse
378 589 537 628 cruor,
565 573 728 634 gelido
754 588 845 619 ceu
872 573 1123 635 quondam
1146 572 1331 618 lamina
1354 569 1575 616 candens

235 650 413 696 Tincta
437 650 565 704 lacn,
593 648 773 704 stridit,
798 649 1132 711 coquiturque
1157 648 1361 695 ardente
1384 660 1593 692 veneno,

238 726 346 773 Nec
370 727 545 772 modus
567 734 644 772 est
662 743 670 772 :
708 726 911 772 sorbent
931 725 1086 772 avidae
1105 723 1378 788 praecordia
1395 723 1626 776 flammae,

240 803 598 864 Caeruleusque
624 801 734 848 fiuit
757 809 863 848 toto
888 802 951 848 de
976 817 1182 864 corpore
1207 800 1384 856 sudor;

238 878 576 939 Ambustique
598 884 777 924 sonant
801 878 964 934 nervi3
1005 892 1241 939 caecaque
1266 875 1498 922 medullis

239 954 377 1002 Tabe
403 954 702 1017 liquefactis,
729 953 944 1001 tendens
971 954 1033 1000 ad
1060 953 1223 1000 sidera
1247 952 1455 1016 palmas,

285 1069 355 1098 166.
373 1067 437 1098 Nec
452 1079 545 1103 mora,
558 1068 636 1107 etc.]
656 1067 805 1108 Sequitur
816 1067 904 1098 locus

242 1127 302 1147 non
326 1116 428 1146 minus
452 1116 653 1157 injucundus,
679 1127 774 1157 quam
800 1127 904 1157 supra,

241 1166 281 1196 vi.
296 1167 357 1196 387
373 1176 445 1206 sqq.
469 1166 606 1207 Marsyae
630 1164 770 1195 laniatio.
807 1165 905 1206 Apud

246 1213 443 1255 Sophoclem,
457 1214 626 1255 interprete
640 1214 710 1244 Cic.
721 1214 814 1244 Tusc.
828 1213 862 1243 ii.
876 1215 906 1244 8.

1539 952 1631 996 175

1018 1068 1089 1097 172.
1114 1066 1178 1096 Nec
1190 1067 1292 1096 modus
1301 1071 1341 1095 est
1356 1077 1364 1094 :
1380 1066 1517 1101 sorbent5
1535 1061 1635 1093 Hein-

972 1116 1035 1147 sius
1047 1115 1146 1151 malit,
1164 1114 1227 1144 Nec
1238 1116 1358 1144 modus.-
1385 1114 1544 1144 exsorbent.
1568 1112 1634 1142 Ho-

974 1165 1053 1196 mius
1074 1165 1107 1194 in
1124 1164 1226 1194 Elem.
1246 1163 1325 1194 Crit.
1347 1163 1437 1193 Tem.
1459 1162 1492 1192 ii.
1510 1173 1541 1203 p.
1561 1162 1637 1191 301.

974 1215 1057 1245 hunc
1081 1224 1199 1244 versum
1225 1212 1383 1244 examinat
1407 1218 1438 1242 et
1461 1211 1638 1252 improbat3

246 1263 342 1293 vestis
370 1264 458 1293 lateri
488 1262 635 1293 inlust-ens
665 1274 763 1292 morsu
794 1264 906 1292 lacerat
965 1265 1122 1305 flammam
1149 1262 1232 1292 enirn
1258 1272 1341 1292 nunc
1367 1260 1431 1291 dici
1456 1259 1574 1301 tropice
1596 1258 1637 1289 de

246 1314 358 1342 viscera
373 1324 383 1348 ,·
407 1311 554 1353 Apollod.
575 1313 634 1343 τὸν
653 1311 682 1342 δὲ
699 1315 825 1352 χιτῶνα
843 1311 906 1341 ἀπ-

247 1360 333 1391 έσπα
350 1361 602 1401 προσπεφυκότα
621 1361 667 1401 τῷ
683 1363 814 1401 σώματι·
831 1372 909 1391 συν·

248 1413 468 1441 ασπεσπῶντο
486 1408 516 1440 ἒὲ
538 1408 569 1440 αἱ
585 1408 698 1450 σάρκες
712 1410 814 1450 αὐτῷ.
847 1409 908 1439 La-

249 1470 328 1489 ceros
349 1466 435 1489 artus
460 1459 566 1493 vestis,
592 1470 650 1489 ossa
679 1469 749 1489 caro
773 1458 912 1490 detracta

250 1508 380 1549 detegit.
425 1507 541 1538 Priscis
566 1507 711 1538 heroibus
735 1515 821 1538 vasta
845 1518 911 1538 cor-

250 1567 324 1598 pora
350 1563 381 1586 et
403 1559 537 1597 grandia
558 1568 618 1586 ossa
638 1555 731 1587 tribui
747 1556 910 1595 solebant,

251 1606 333 1636 conf.
348 1605 511 1646 Virgilius,
528 1606 643 1646 Georg.
659 1606 679 1636 i.
703 1606 764 1636 497
779 1618 787 1644 3
817 1606 912 1638 Clau—

252 1654 376 1687 dianus,
395 1654 494 1685 Laud.
513 1654 612 1685 Stilic.
628 1654 648 1685 i.
667 1655 737 1685 137.

301 1705 371 1734 170.
399 1704 569 1734 Gelidoceu
585 1703 835 1744 qu‹›11dam,etc.]
862 1704 915 1733 ln-

254 1759 326 1793 epta
347 1751 531 1788 similitudo,
559 1763 622 1793 qua
642 1752 762 1783 calidus
784 1752 917 1793 corporis

254 1800 383 1831 humani
403 1811 492 1831 cruor
515 1811 587 1831 cum
606 1801 711 1842 gelido
734 1801 807 1831 lacu
831 1811 914 1831 com-

254 1856 391 1891 paratur.
451 1850 570 1891 objicit
610 1850 755 1885 Lenzius,
793 1856 916 1891 poetam

254 1900 411 1928 stridorem
440 1903 562 1928 tantum
591 1897 745 1929 illustrare
772 1898 917 1928 voluisse.

255 1948 312 1977 Est
329 1948 385 1978 ita.
430 1947 549 1978 Verum
570 1947 690 1978 calidus
708 1947 844 1988 sanguis,
865 1947 917 1978 ubi

256 2006 376 2026 veneno
396 1995 496 2026 infuso
520 1995 619 2036 magis
642 1996 833 2031 accenditur,
856 2007 917 2026 non

255 2045 320 2076 edit
348 2045 521 2081 stridorem,
553 2045 678 2085 qualem
709 2045 773 2076 edit
802 2045 919 2076 lamina

256 2093 406 2129 candens,
432 2101 494 2124 etc.
541 2094 702 2136 Expressit
726 2100 831 2125 autem
855 2096 918 2125 Lu-

258 2148 334 2173 cret.
351 2142 392 2172 vi.
410 2143 488 2172 147:
520 2142 561 2172 Ut
581 2145 689 2173 calidis
710 2143 918 2184 cundensfer-

258 2203 327 2222 rum
347 2191 554 2233 efornucibus
578 2193 645 2222 olim
669 2192 791 2227 stridit,
814 2194 862 2223 ubi
888 2195 917 2223 ιίι

257 2242 391 2281 gelidum
419 2251 540 2279 propere
569 2242 758 2271 demersimus
790 2243 920 2274 imbrem,

260 2289 431 2319 Praeiverat
441 2289 568 2320 Homer.
581 2290 646 2319 Od.
658 2289 689 2319 ii.
701 2291 777 2320 391.
802 2290 921 2320 Eadem

261 2337 433 2368 similitudo
470 2337 550 2368 infra
586 2337 728 2373 occurrit,
759 2339 813 2368 xii.
849 2339 923 2369 275.

264 2386 434 2421 Quondam,
452 2392 486 2416 ut
501 2387 570 2416 olim
587 2386 671 2427 apud
686 2386 876 2422 Lucretium,
894 2393 925 2417 et

265 2434 344 2464 infra
361 2434 404 2464 xi.
421 2435 483 2465 508
497 2446 506 2472 ;
528 2435 559 2465 in
575 2434 778 2465 similitudine
795 2446 813 2465 a
828 2435 926 2477 poetis

266 2482 393 2524 ponitur
407 2493 476 2524 pro,
495 2494 730 2524 nonnunquam,
746 2484 819 2514 fere.
865 2485 926 2514 La-

266 2534 359 2568 mina,
372 2532 496 2563 ferrum.
526 2533 645 2569 Tincta,
658 2533 779 2564 scilicet
789 2534 828 2564 ad
839 2533 929 2564 indu-

266 2581 411 2612 randum.
457 2582 555 2618 Lacu,
585 2592 679 2624 aqua.
704 2583 858 2624 Heynius,
887 2582 928 2614 ad

267 2629 446 2670 Virgilium,
471 2631 586 2672 Georg.
610 2631 652 2661 iv.
679 2632 748 2662 172.
768 2631 836 2673 ipsa
854 2642 929 2662 vasa

268 2688 323 2719 per
340 2679 422 2707 lacus
437 2678 569 2719 intelligi
585 2685 685 2721 putat.

976 1319 1054 1343 aestu
1069 1312 1200 1347 interno,
1215 1311 1322 1352 itaque
1338 1321 1399 1341 non
1419 1309 1563 1340 debuisse
1577 1314 1640 1339 tro-

977 1372 1051 1403 pum
1068 1362 1106 1392 ab
1123 1361 1185 1391 alia
1199 1370 1231 1391 re
1246 1359 1392 1402 petitum,
1409 1361 1533 1393 sorbere,
1550 1357 1637 1388 addi.

977 1410 1038 1441 Sed
1058 1410 1161 1445 facile,
1184 1409 1302 1450 opinor,
1323 1408 1437 1450 poterit
1454 1409 1493 1438 ab
1515 1407 1572 1437 hoc
1592 1406 1638 1437 vi-

979 1459 1099 1500 tuperio
1111 1458 1249 1489 defendi.
1276 1457 1400 1488 Etenim
1410 1456 1642 1498 primumflam—

979 1520 1025 1538 ma
1050 1507 1100 1537 hic
1130 1507 1353 1549 propemodum
1389 1505 1511 1548 proprie
1539 1504 1640 1546 accipi

980 1563 1093 1599 potest,
1109 1557 1362 1598 quandoquidem
1379 1556 1407 1587 ei
1422 1556 1468 1586 vis
1484 1554 1642 1596 coquendi

983 1614 1014 1637 et
1033 1605 1256 1648 liquefaciendi
1279 1612 1374 1647 atque
1395 1606 1513 1636 sonitus
1533 1604 1642 1634 tribui-
1665 1610 1672 1614 ”

983 1662 1043 1687 tur.
1089 1655 1214 1686 Deinde
1237 1654 1330 1686 etiam
1356 1655 1392 1685 τὸ
1418 1656 1530 1685 sorbere
1554 1663 1644 1695 rapa-

984 1705 1071 1737 citati
1098 1706 1232 1735 fiammae
1264 1703 1488 1746 propemodum
1524 1702 1644 1744 proprie

985 1754 1144 1785 convenit.
1169 1754 1318 1795 Denique
1332 1753 1469 1783 calidum
1484 1758 1645 1793 poetarum

983 1803 1143 1844 ingenium
1161 1814 1221 1833 non
1235 1801 1424 1843 exigendum
1438 1801 1527 1832 estin
1542 1801 1645 1841 singu-

984 1851 1022 1882 lis
1037 1851 1138 1882 verbis
1155 1851 1193 1881 ad
1210 1850 1283 1880 artis
1297 1856 1466 1891 praecepta.
1501 1849 1575 1879 vid.
1590 1849 1647 1879 Er-

987 1900 1077 1935 nesti,
1094 1901 1170 1930 Init.
1185 1900 1282 1930 Rhet.
1298 1907 1375 1930 sect.
1399 1900 1472 1929 2319.
1488 1899 1541 1929 ubi
1559 1898 1644 1928 simi-

985 1949 1056 1980 liter
1071 1949 1212 1979 defendit
1234 1948 1313 1978 illud
1331 1947 1461 1983 Catulli,
1479 1950 1576 1977 tenuis
1596 1949 1648 1977 sub

985 2005 1071 2028 artus
1083 1998 1212 2038 flamma
1234 1999 1380 2027 dimanat.
1425 1996 1488 2026 Sed
1511 1995 1580 2026 ideo
1602 1995 1648 2026 vi-

986 2046 1178 2088 tuperandus
1204 2052 1297 2087 poeta
1319 2045 1452 2081 videtur,
1475 2045 1557 2086 quod
1583 2055 1649 2075 cor-

987 2106 1046 2137 pus
1065 2105 1126 2125 non
1151 2094 1241 2125 aliter
1262 2104 1299 2124 ac
1320 2093 1406 2135 ligna
1428 2094 1515 2125 arida
1537 2094 1651 2125 ardens

988 2143 1088 2174 finxit.
1652 2136 1654 2139 Ι

1033 2193 1105 2223 173.
1131 2193 1296 2228 Caeruleus,
1321 2192 1420 2234 niger,
1446 2197 1481 2222 ut
1507 2192 1653 2222 caeruleus

989 2243 1079 2272 imber
1101 2241 1184 2283 apud
1205 2241 1296 2282 Virg.
1322 2247 1375 2272 aut
1397 2242 1525 2271 caerulea.
1549 2241 1651 2276 nubes,

991 2289 1109 2329 κυανέη
1126 2289 1254 2331 νεφέλη.
1286 2291 1400 2321 Sonant
1415 2302 1424 2326 ,·
1450 2290 1583 2320 Barber.
1597 2301 1651 2331 ge-

992 2347 1100 2376 munt3
1126 2339 1208 2380 quod
1220 2340 1350 2369 verbum
1366 2339 1449 2380 apud
1465 2344 1573 2380 poetas
1588 2349 1654 2368 om-

992 2388 1064 2418 nino
1082 2394 1139 2424 est,
1155 2399 1263 2418 sonum
1286 2388 1390 2418 edere.
1439 2387 1532 2428 Regii
1548 2387 1655 2423 nostri,

994 2443 1111 2467 sonunt.
1147 2437 1209 2466 Per
1226 2446 1335 2466 nervos
1350 2436 1481 2466 Veteres
1497 2435 1592 2466 etiam
1607 2435 1655 2465 in-

996 2486 1183 2516 tellexerunt
1198 2485 1360 2521 tendones‚
1373 2485 1529 2515 musculos
1543 2490 1575 2516 et
1589 2484 1657 2514 vin-

997 2534 1070 2565 cula
1093 2534 1321 2564 membrorum:
1350 2533 1486 2569 Gellius,
1510 2533 1578 2564 xiii.
1605 2534 1661 2563 22.

998 2584 1080 2614 Caeca
1098 2585 1173 2619 tabe,
1189 2584 1242 2623 (ut
1260 2582 1304 2614 iii.
1323 2584 1400 2615 490.
1417 2594 1489 2614 caeco
1505 2582 1588 2624 igni)
1602 2592 1658 2613 ve-

998 2642 1078 2664 neno
1093 2632 1177 2663 intus
1189 2631 1327 2663 ardente.
