1779 3130
236 165 321 206 100

631 163 680 203 Ρ.
715 159 929 203 OVIDII
963 158 1244 200 NASONIS

246 279 349 325 Ora
372 278 663 325 reformatus
689 276 874 339 primos
900 272 1066 320 Iolaus
1091 273 1142 319 in
1167 288 1339 319 annos.

246 355 356 401 Hoc
381 355 449 400 illi
476 353 684 400 dederat
707 351 736 397 J
743 351 925 398 unonia
948 349 1165 396 muneris
1192 348 1356 404 Hebe,

1533 350 1631 393 400

244 430 394 477 Victa
417 429 505 475 viri
530 428 790 491 precibus:
831 441 945 488 quae
971 441 1125 487 quum
1145 426 1313 487 jurare
1338 430 1536 488 pararet

249 506 396 552 Dona
419 506 714 552 tributuram
740 502 951 566 posthac
978 517 1030 548 se
1054 501 1172 548 talia
1195 502 1332 558 nulli,

249 582 365 629 Non
381 589 458 629 est
473 597 621 645 passa
636 580 861 627 Themis:
889 584 919 602 ‘⁶
936 580 1166 640 namjam
1182 578 1432 625 discordia
1447 577 1634 624 Thebae

251 658 397 706 Bella
442 657 689 712 movent‚”
739 656 868 702 dixit
891 674 902 713 3
961 662 990 679 “
1021 655 1391 719 Capaneusque
1435 654 1529 701 nisi
1575 654 1637 701 ab

449 734 573 782 Jove
596 734 726 782 vinci

296 891 369 921 400.
386 890 477 926 Hebe,
487 889 660 931 juventutis
671 889 751 923 Dea,
765 893 912 930 nupserat

255 939 385 969 Herculi
401 939 432 969 in
448 939 564 970 coelum
578 944 715 978 recepto.

299 989 374 1018 404.
400 989 560 1018 Discordia
580 988 680 1018 Thebae
694 988 771 1017 bella
786 993 913 1021 movent,

256 1042 319 1067 etc.
333 1047 431 1077 usque
447 1037 484 1066 ad
498 1038 591 1067 finem
606 1036 732 1066 fabulae.
757 1036 844 1065 Bella
856 1046 913 1064 mo-

256 1092 347 1122 rent5
373 1097 453 1116 unus
469 1086 638 1116 Vossianus
658 1085 752 1115 habet
772 1093 915 1120 maneum

256 1134 328 1164 inde
349 1134 497 1165 Heinsius
517 1134 611 1164 etiam
631 1134 742 1164 Thebas
757 1134 914 1163 malebat:

258 1183 323 1212 sine
348 1193 461 1220 causa3
483 1183 631 1224 Virgilius
655 1181 749 1217 enim,
767 1182 882 1222 Georg.
897 1181 918 1211 i.

260 1233 334 1262 405.
350 1238 441 1261 irroret
468 1231 637 1271 Euphrates
662 1232 780 1261 bellum.
827 1229 919 1271 Regii

260 1280 366 1315 nostri,
377 1287 503 1310 movent.
520 1281 561 1310 Et
572 1279 668 1321 paulo
676 1285 743 1319 post
754 1280 921 1320 deflentque

261 1332 293 1359 in
306 1330 439 1359 vulnere.
460 1328 589 1359 Caesura
601 1339 661 1359 non
671 1329 784 1364 obstat,
795 1338 850 1358 cur
862 1338 922 1357 non

261 1379 442 1420 praeferatur
457 1380 564 1414 ibzint5
588 1378 679 1419 hujus
695 1377 839 1418 exempla
858 1387 919 1406 non

263 1428 376 1458 desunt
404 1427 486 1469 apud
515 1427 683 1457 Nostrum:
713 1425 770 1456 lib.
793 1426 844 1455 vii.
867 1426 921 1457 61.

266 1478 306 1507 Et
319 1477 375 1507 Dis
386 1476 563 1517 carnferar,
576 1482 603 1506 et
620 1478 729 1506 vertice
743 1477 840 1506 sidera
852 1482 920 1505 tan-

261 1537 354 1567 gam;
379 1527 452 1555 644.
475 1535 636 1565 querorque
663 1524 702 1554 In
726 1526 839 1563 superis
862 1525 923 1563 opis

264 1585 320 1604 esse
337 1575 431 1611 nihil‚·
456 1580 487 1604 ut
504 1575 535 1603 in
551 1574 670 1608 aclibus,
687 1578 749 1602 etc.
787 1574 924 1602 Subduc-

266 1630 370 1662 taque5
395 1624 594 1653 Burmannus
617 1621 704 1652 dedit
726 1623 923 1661 seductaque,-

267 1671 322 1701 sed
345 1678 376 1701 et
398 1670 509 1701 suadet
532 1672 668 1705 diducta,
694 1676 748 1700 aut
771 1680 841 1700 cum
865 1680 927 1700 uno

268 1720 472 1751 Ambrosiano
486 1722 593 1750 divisa.
619 1719 793 1759 vulgatum
809 1719 927 1749 dictum

268 1776 304 1800 ut
327 1769 410 1810 apud
434 1769 546 1810 Virgil.
564 1768 692 1799 AEneid.
710 1768 752 1797 iii.
769 1768 842 1798 565.
859 1770 927 1797 sub-

269 1821 361 1849 ducta
381 1820 419 1848 acl
439 1829 537 1847 manes
559 1819 628 1846 imos
653 1818 813 1847 desidimus
834 1818 929 1846 unda.

271 1869 316 1897 Ab
331 1868 404 1898 Jove
419 1867 571 1897 Callirhoe
590 1868 670 1896 *natis
687 1866 855 1905 infantibus
874 1878 929 1896 an-

269 1927 333 1946 nos.
379 1916 455 1945 Post
475 1915 558 1945 hunc
574 1925 696 1944 versum
720 1914 791 1943 olim
815 1914 929 1944 edeba-

271 1970 330 2000 tur,
347 1969 463 2005 puncto
476 1963 602 2004 rejecto,
614 1964 732 1992 Addat.-
750 1973 820 1992 nere
834 1973 931 1993 necem

271 2015 353 2042 sinat
368 2023 424 2042 esse
438 2013 546 2042 ultoris
562 2012 705 2040 inultam.
742 2011 819 2040 Haec
833 2011 930 2041 Hein-

273 2061 337 2091 sius
353 2060 480 2096 delevit,
497 2060 572 2101 quia
586 2070 647 2090 non
664 2060 885 2100 comparebant
900 2059 932 2090 in

271 2109 371 2151 primo
384 2109 550 2144 Vaticano,
563 2114 594 2138 et
609 2108 641 2138 in
656 2118 718 2138 uno
733 2118 787 2138 suo
801 2108 933 2148 margini

272 2164 394 2188 ‘tantum
423 2157 558 2199 ascripta
587 2162 693 2187 erant:
735 2167 805 2197 quae
837 2167 934 2188 causa

273 2205 405 2237 tollendi
422 2206 497 2236 mihi
511 2216 572 2236 non
592 2205 668 2236 satis
683 2205 784 2246 gravis
805 2216 872 2236 esse
886 2206 932 2236 vi-

275 2255 375 2291 detur,
399 2261 430 2285 et
453 2255 571 2285 habent
592 2254 646 2284 illa
668 2262 787 2295 partem
808 2255 934 2286 fabulae.

276 2305 404 2334 Sublato
419 2303 478 2334 hoc
494 2314 583 2334 versu
599 2303 637 2333 de
655 2313 717 2344 quo
737 2303 847 2343 agitur,
863 2315 933 2335 sen-

276 2363 327 2383 sus
347 2352 443 2382 haeret
464 2355 567 2389 certe3
594 2358 624 2382 et
645 2352 669 2381 si
694 2362 755 2381 non
774 2352 934 2389 Heinsius,

275 2401 463 2443 quandoque
480 2400 606 2441 quidem
621 2400 778 2436 audacior,
790 2402 934 2441 gravissi-

277 2461 346 2480 mus
369 2450 415 2479 vir
438 2456 556 2485 tamen,
582 2449 759 2485 delevisset,
783 2449 865 2480 hunc
888 2461 934 2481 re-

278 2509 392 2539 ponere
422 2508 483 2528 non
508 2498 733 2528 dubitaremus.
779 2498 874 2528 Nunc
897 2499 937 2529 ad

280 2545 525 2586 disquisitionem
544 2557 607 2587 qua
624 2546 732 2587 Gierig
748 2545 828 2576 hanc
849 2547 936 2578 sabu-

280 2595 318 2624 lae
335 2600 452 2635 partem
469 2595 645 2626 illustravit.

324 2642 519 2673 Vaticinium
531 2643 702 2680 Themidis,
714 2644 780 2680 sed,
792 2651 826 2675 ut
838 2645 938 2676 solent

282 2691 429 2722 vaticinia
452 2702 527 2727 esse,
544 2692 779 2728 subobscurum,
796 2693 834 2723 de
854 2693 937 2724 bello

1542 733 1638 777 404

978 887 1140 922 Thebano,
1155 886 1194 917 de
1212 897 1272 928 quo
1288 892 1318 917 et
1333 886 1410 927 ipso,
1429 884 1544 926 quippe
1558 884 1640 915 cele-

980 937 1125 972 berrimo,
1166 936 1337 966 admiscere
1374 934 1494 975 aliquid
1531 933 1643 964 voluit.

982 985 1126 1016 Eteocles
1141 991 1172 1015 et
1184 984 1361 1025 Polynices,
1375 984 1466 1014 ambo
1478 981 1643 1024 OEdipodis

983 1034 1051 1069 filii,
1078 1034 1198 1064 incluso
1221 1033 1358 1063 cubiculi
1383 1031 1519 1062 tenebris
1545 1036 1643 1072 patre,

984 1084 1023 1114 de
1044 1093 1139 1123 regno
1157 1080 1404 1112 administrando
1425 1080 1468 1110 sic
1491 1090 1647 1110 convene—

985 1138 1064 1167 rant,
1078 1137 1112 1161 ut
1128 1131 1155 1162 ei
1171 1141 1224 1172 per
1240 1140 1360 1160 annuas
1371 1129 1456 1160 vices
1464 1134 1644 1170 praeessent.

987 1181 1080 1211 Anno
1100 1186 1237 1221 peracto,
1253 1178 1397 1209 Eteocles
1416 1177 1527 1208 cedere
1548 1177 1648 1207 noluit

987 1229 1085 1260 fratri.
1130 1228 1161 1258 Is
1187 1239 1258 1259 vero
1283 1227 1410 1268 adjutus
1433 1227 1472 1257 ab
1499 1226 1644 1260 Adrasto,

988 1278 1174 1318 Argivorum
1190 1287 1272 1318 rege,
1289 1276 1377 1317 cujus
1393 1276 1488 1306 filiam
1504 1275 1647 1310 duxerat,

989 1327 1093 1358 nobile
1109 1326 1187 1357 illud
1201 1326 1318 1357 bellum
1333 1331 1452 1367 septem
1468 1324 1594 1354 heroum
1608 1323 1647 1354 ad

988 1377 1124 1412 Thebas,
1148 1379 1214 1407 τῶν
1237 1375 1321 1406 ἑπτὰ
1344 1375 1397 1405 ἐπὶ
1422 1373 1558 1413 Θῆβαις,
1582 1384 1649 1403 sus-

987 1425 1080 1467 cepit.
1125 1426 1231 1462 Quum
1259 1425 1332 1455 urbs
1360 1434 1421 1454 non
1445 1423 1550 1453 statim
1576 1421 1648 1464 capi

987 1480 1102 1516 posset,
1113 1474 1188 1515 regii
1200 1474 1310 1504 fratres
1319 1471 1467 1513 singulari
1480 1471 1650 1502 certamine

990 1523 1162 1558 decertant,
1175 1523 1206 1553 in
1219 1533 1280 1564 quo
1294 1522 1458 1563 Polynices
1469 1521 1563 1557 cadit,
1578 1522 1651 1551 Ete-

990 1573 1075 1603 ocles
1104 1578 1210 1602 autem
1240 1571 1314 1601 dum
1343 1571 1511 1612 spirantem
1548 1570 1651 1600 adhuc

993 1623 1116 1652 fratrem
1132 1621 1254 1662 spoliat,
1272 1621 1311 1651 ab
1327 1631 1363 1651 eo
1379 1619 1484 1660 gladio
1499 1619 1653 1660 transfigi-

993 1678 1052 1702 tur.
1076 1672 1127 1701 sie
1144 1673 1225 1701 ibant
1241 1673 1272 1700 in
1290 1671 1426 1704 vulnera,
1437 1668 1520 1710 quod
1532 1668 1652 1698 dictum

995 1726 1052 1755 est,
1069 1726 1102 1750 ut
1124 1722 1167 1749 ire
1188 1722 1216 1749 in
1240 1730 1335 1754 arma,
1352 1721 1381 1748 in
1402 1719 1489 1748 bella.
1533 1717 1656 1747 Laudat

995 1768 1144 1799 Heinsius
1157 1768 1269 1805 fratres
1280 1768 1397 1797 alterna
1410 1769 1438 1796 1⁸11
1453 1767 1578 1796 vulnera
1592 1767 1656 1796 laeto

998 1817 1099 1846 DIarte
1114 1823 1216 1851 ruent,
1233 1815 1334 1851 Statii,
1351 1815 1503 1845 Thebaid.
1518 1814 1583 1844 viii.
1600 1815 1654 1844 70.

996 1865 1046 1896 Sic
1070 1865 1232 1900 Manilius,
1248 1865 1427 1895 Astronom.
1448 1864 1492 1894 iv.
1510 1865 1561 1894 84.
1583 1864 1655 1894 Mu-

996 1920 1108 1954 tuuque
1119 1917 1229 1944 armati
1240 1920 1347 1944 coeunt
1360 1916 1390 1943 in
1402 1914 1528 1944 vulnera
1535 1913 1657 1953 fratres

998 1963 1092 2004 (salso
1110 1963 1218 2004 Gierig
1241 1962 1361 1992 dixerat
1379 1973 1442 1992 ver.
1464 1962 1552 1999 173.)
1597 1963 1655 1992 At-

999 2022 1059 2051 que
1088 2011 1146 2042 hoc
1177 2017 1223 2042 est
1252 2016 1469 2051 argumentum
1497 2010 1656 2041 Phoeniss.

999 2059 1168 2101 Euripidis.
1211 2060 1250 2090 In
1264 2059 1330 2090 istis
1350 2059 1495 2089 heroibus
1517 2065 1582 2089 erat
1600 2059 1659 2089 Ca-

997 2120 1121 2149 paneus,
1143 2108 1300 2150 Hipponoi
1323 2108 1415 2144 filius,
1435 2108 1582 2148 Argivus,
1603 2107 1658 2149 qui

1001 2169 1096 2200 quum
1112 2165 1219 2189 contra
1229 2157 1317 2188 Jovis
1331 2157 1525 2187 voluntatem
1537 2157 1660 2187 Thebas

1001 2219 1032 2239 se
1057 2213 1219 2249 capturum
1243 2206 1382 2242 dixisset,
1405 2217 1529 2236 murum
1553 2217 1661 2237 ascen-

1002 2257 1079 2287 dens
1095 2255 1224 2286 fulmine
1243 2265 1408 2297 percussus
1425 2260 1483 2291 est,
1499 2255 1658 2296 Hyginus,

1001 2305 1065 2336 fab.
1082 2305 1121 2335 68
1137 2317 1144 2341 ;
1162 2304 1322 2346 Vegetius,
1338 2303 1379 2334 iv.
1395 2305 1433 2334 21
1449 2316 1456 2342 3
1481 2303 1605 2334 Servius
1621 2303 1662 2333 ad

1002 2355 1077 2384 AEn.
1093 2354 1114 2384 i.
1131 2354 1183 2384 28.
1227 2353 1266 2383 In
1281 2352 1317 2382 iis
1337 2358 1402 2382 erat
1417 2354 1511 2383 etiarn
1527 2351 1661 2392 Amphi-

1003 2413 1092 2432 araus
1109 2408 1198 2437 vates,
1212 2401 1265 2442 qui
1277 2411 1373 2442 quum
1390 2400 1493 2436 sciret,
1503 2411 1534 2431 se
1546 2399 1662 2442 peritu—

1003 2462 1070 2482 rum
1097 2451 1135 2481 ad
1158 2451 1294 2485 Thebas,
1320 2456 1414 2490 atque
1442 2451 1564 2480 seducta
1593 2449 1662 2479 scil.

1003 2501 1149 2530 subducta
1171 2499 1258 2540 (vide
1273 2499 1372 2529 varias
1396 2498 1556 2533 lectiones,
1572 2496 1662 2527 initio

1005 2548 1103 2587 notae)
1120 2549 1229 2578 tellure
1244 2559 1308 2577 suos
1324 2558 1421 2576 munes
1438 2549 1518 2577 vivus
1535 2548 1663 2581 vidisset,

1005 2597 1104 2627 noluit
1118 2597 1265 2627 interesse
1281 2596 1365 2625 bello
1380 2595 1441 2625 isti.
1492 2596 1664 2625 Persuasus

1004 2645 1131 2676 tandem
1148 2645 1186 2675 ab
1201 2643 1351 2685 Eriphyla
1368 2653 1473 2679 uxore,
1491 2653 1585 2683 quam
1602 2643 1663 2672 Po-

1005 2694 1124 2735 lynices
1146 2692 1253 2724 monili
1271 2703 1365 2723 aureo
1389 2697 1579 2733 corruperat,
1592 2700 1662 2732 pro-
