1779 3130
214 195 301 235 326

610 192 658 231 P.
691 190 903 231 OVIDII
938 190 1216 233 NASONIS

215 305 551 354 Consensistis
577 305 736 361 enim3
778 321 869 352 nec
895 321 974 352 me
1000 305 1215 352 suasisse
1242 305 1451 367 negabo,
1502 309 1598 352 315

212 382 284 429 Ut
309 399 361 429 se
387 381 701 428 subtraheret
724 381 941 443 bellique
966 381 1157 444 viaeque
1180 381 1351 436 labori,

209 458 544 519 Tentaretque
570 457 697 504 feros
723 457 894 519 requie
918 457 1071 504 lenire
1097 457 1308 503 dolores.

210 533 411 590 Paruit3
453 541 503 580 et
524 534 668 580 vivit:
708 549 805 579 non
831 532 938 579 haec
964 533 1210 579 sententia
1235 540 1432 579 tautum

211 610 350 666 Fida,
379 610 467 657 sed
493 617 542 657 et
564 609 711 666 felix3
754 625 909 672 quum
935 609 999 655 sit
1022 609 1143 655 satis
1171 625 1281 656 esse
1306 609 1522 656 fidelem.

211 685 373 740 Quem
389 686 622 749 quoniam
637 693 773 733 vates
794 686 1007 733 delenda
1026 686 1087 733 ad
1104 685 1351 747 Pergama
1369 693 1598 748 poscunt,

211 762 291 809 Ne
316 763 549 809 mandate
575 762 723 809 mihi:
766 762 944 808 melius
969 761 1288 809 Telamonius
1314 761 1420 817 ibit,

1504 765 1595 808 321

209 837 525 901 Eloquioque
549 839 706 885 virum
726 839 911 886 morbis
938 839 1109 901 iraque
1133 839 1379 885 furentem

208 913 420 969 Molliet,
448 922 532 960 aut
557 915 725 977 aliqua
750 915 992 978 producet
1017 915 1226 961 callidus
1253 922 1374 961 arte.

206 990 340 1037 Ante
365 998 494 1037 retro
522 991 702 1038 Simois
728 992 864 1047 fluet,
890 1000 941 1038 et
967 991 1073 1038 sine
1094 991 1350 1038 frondibus
1376 991 1466 1038 Ide

209 1066 388 1121 Stabit,
416 1074 466 1114 et
491 1067 727 1114 auxilium
749 1068 1008 1131 promittet
1032 1067 1223 1114 Achaia.
1247 1067 1423 1130 Trojae,

1500 1070 1596 1113 325

209 1142 388 1199 Quam,
415 1151 644 1191 cessante
669 1161 780 1192 meo
805 1161 892 1208 pro
917 1145 1092 1192 vestris
1119 1152 1321 1208 pectore
1343 1146 1507 1200 rebus,

207 1218 376 1281 AJ'acis
403 1220 569 1266 stolidi
597 1221 782 1268 Danais
809 1221 1028 1268 sollertia
1052 1221 1223 1284 prosit.

213 1295 292 1341 Sis
314 1295 432 1342 licet
456 1295 665 1344 infestus
691 1297 854 1353 sociis,
877 1298 1097 1360 regique,
1124 1298 1363 1360 mihique,

206 1448 339 1488 gebatur
350 1450 473 1483 crimen,
485 1448 567 1489 quod
583 1449 635 1479 ille
650 1450 782 1480 mutavit
797 1460 866 1492 par·

207 1497 263 1527 tim
298 1497 392 1527 codd.
422 1497 617 1533 auctoritate,
645 1498 757 1539 partim
793 1499 868 1540 quia

208 1546 335 1587 Ulysses
358 1546 425 1588 jam
451 1547 611 1588 negaverit
640 1557 706 1578 esse
729 1548 864 1578 crimen:

207 1602 239 1626 at
264 1598 375 1627 crimen
404 1602 529 1627 cestrum
555 1598 725 1638 eleganter,
751 1598 867 1629 factum

206 1652 352 1681 vestrum,
369 1645 450 1687 quod
467 1646 587 1677 crimini
606 1647 696 1676 datur
711 1659 716 1676 :
743 1650 867 1683 crimen,

206 1695 365 1736 ἔγκλημα,
402 1694 555 1734 ἒιαβολὴ.
603 1695 736 1726 Codices
775 1696 866 1737 Regii

206 1743 268 1773 duo
296 1744 413 1774 habent
431 1745 568 1785 jocum.
614 1745 664 1775 De
693 1745 868 1776 Pafuntiade

207 1792 312 1823 confer
328 1804 390 1823 ver.
407 1795 459 1824 45.

251 1843 327 1872 319.
354 1843 437 1873 FeliJ
459 1848 582 1885 propter
598 1848 766 1881 eventum;
791 1843 867 1873 vivit

207 1890 288 1922 enim
305 1891 371 1921 ille.

251 1941 324 1970 320.
367 1940 472 1976 l'ute55
512 1950 623 1981 nempe
655 1941 799 1975 Helenus,
827 1941 865 1971 de

207 1999 268 2029 quo
296 1999 358 2019 ver.
373 1989 435 2025 993
466 1994 633 2029 postquam
658 1995 768 2029 captus
792 1995 868 2025 erat,

208 2036 328 2067 Graecis
341 2036 501 2072 indicavit,
516 2037 640 2077 Trojam
657 2036 722 2067 sine
742 2037 866 2068 Philoc-

206 2090 272 2115 teta
285 2085 354 2126 capi
372 2096 432 2115 non
444 2095 550 2126 posse:
576 2085 709 2116 Lesches
721 2086 752 2116 in
767 2087 867 2117 Iliade

207 2144 293 2175 parv.
318 2144 351 2175 p.
379 2135 438 2171 363
473 2133 617 2175 Sophocl.
642 2134 776 2165 Philoct.
804 2136 867 2165 604

206 2193 276 2223 sqq.
324 2182 471 2212 Produc-et
490 2192 505 2212 e
526 2182 652 2212 latebris
672 2183 754 2213 suis:
779 2185 865 2214 calli-

205 2233 261 2261 das
273 2232 374 2271 aliqua
390 2237 466 2266 arte,
477 2230 591 2261 callido
608 2230 712 2272 aliquo
727 2233 866 2263 consilio.

209 2281 312 2321 Vulgo
325 2282 487 2320 perduce13
505 2280 653 2310 Heinsius
668 2280 865 2310 scribendum

205 2335 332 2360 censet:
361 2332 504 2368 producet
528 2331 589 2359 alia
616 2336 703 2366 arte5
738 2329 812 2371 quia
836 2336 866 2359 et

204 2378 362 2419 eloquium
379 2389 427 2408 ars
442 2384 501 2408 est.

248 2429 321 2457 324.
346 2428 424 2457 Ante
441 2434 518 2457 retro
534 2427 648 2462 Simois,
658 2426 733 2466 eto]
759 2427 865 2463 Quum

205 2476 323 2517 aliquid
347 2475 411 2506 fieri
434 2486 522 2517 posse
544 2482 643 2516 poetae
671 2482 796 2516 negant,
820 2485 862 2506 re—

205 2536 328 2556 cursum
348 2524 410 2555 fere
431 2525 591 2555 fluviorum
608 2526 641 2565 (e
662 2525 773 2555 Graeco
796 2536 865 2566 pro·

204 2574 289 2604 verb.
312 2575 380 2604 ἅνω
411 2577 580 2613 ποταμῶν,
606 2573 747 2615 Euripid.
771 2573 862 2603 Med.

204 2624 294 2657 410.)
308 2630 401 2664 atque
413 2623 474 2653 alia
486 2629 603 2654 naturae
616 2623 768 2653 contraria
779 2633 862 2652 com-

205 2679 392 2702 memorant:
426 2673 531 2702 confer
557 2672 619 2702 xiv.
641 2674 701 2709 383
732 2671 860 2702 Heroid.

205 2732 233 2751 v,
249 2721 312 2757 ‘293
336 2719 463 2750 LTrist.
480 2720 543 2750 viii.
563 2720 631 2751 init.
646 2721 820 2755 Horatium,
835 2720 860 2749 Ι.

935 1451 999 1481 Od.
1016 1450 1103 1480 xxix.
1118 1451 1170 1483 ll:
1197 1450 1419 1487 Claudianum,
1437 1451 1521 1482 xviii.
1534 1452 1596 1482 352

933 1511 1001 1541 sqq.
1046 1500 1200 1541 Exempla
1218 1506 1323 1530 autem
1339 1500 1406 1530 haec
1424 1506 1527 1530 nostra
1543 1511 1597 1531 ac-

934 1548 1130 1579 commodata
1157 1555 1229 1579 sunt
1259 1559 1396 1590 persouae
1428 1550 1596 1590 loquentis,

934 1603 965 1627 et
988 1597 1068 1632 loco,
1084 1597 1136 1627 ubi
1162 1597 1228 1627 haec
1253 1598 1450 1637 gerebantur.
1497 1599 1599 1627 Simois

934 1657 1028 1688 prope
1044 1646 1168 1687 Trojam
1193 1656 1263 1676 cum
1288 1647 1478 1677 Scamandro
1500 1657 1599 1688 aquas

935 1696 1107 1733 miscebat3
1131 1695 1171 1725 Il.
1186 1699 1222 1726 E.
1239 1696 1311 1725 774.
1342 1696 1417 1726 Mox
1436 1696 1596 1736 quaeritur,

934 1751 1037 1774 utrum
1049 1744 1294 1785 sinesinmdibus,
1308 1754 1348 1774 an
1364 1754 1434 1774 cum
1453 1755 1512 1774 uno
1529 1745 1600 1774 MS.

934 1792 1055 1822 Heinsii
1080 1794 1142 1822 sine
1164 1793 1325 1833 frontibus
1352 1792 1519 1833 legendum
1546 1792 1599 1823 sit.

934 1841 989 1871 Ide
1012 1847 1140 1871 vocatur
1162 1842 1283 1871 humida
1308 1841 1362 1871 lib.
1379 1852 1408 1871 x.
1423 1841 1479 1878 713
1495 1842 1598 1882 fonti-

934 1890 985 1920 bus
1008 1891 1194 1919 celeberrima
1222 1890 1254 1920 ii.
1269 1891 1342 1920 218.
1357 1889 1411 1919 ubi
1436 1889 1505 1920 vide
1533 1896 1598 1922 not.

933 1944 963 1968 et
980 1940 1113 1968 umbrosa
1131 1938 1175 1968 xi.
1194 1939 1266 1968 762.
1312 1937 1432 1968 Pinetis
1447 1938 1597 1979 imprimis

937 1986 1138 2025 abundabam
1162 1987 1323 2028 Virgilius,
1341 1986 1469 2017 AEneid.
1494 1987 1536 2018 ix.
1556 1989 1598 2018 80

935 2045 1015 2076 Sqq3
1040 2035 1122 2065 unde
1146 2046 1240 2066 naves
1263 2035 1407 2065 fabricari
1432 2036 1594 2067 solebant:

935 2084 1044 2114 Horat.
1068 2085 1094 2114 Ι.
1121 2084 1184 2116 Od.
1209 2095 1262 2114 xv.
1309 2084 1413 2114 Etiam
1442 2085 1527 2115 Fast.
1553 2085 1596 2115 iv.

934 2133 1007 2163 249.
1024 2133 1130 2163 eadem
1150 2133 1284 2164 varietas
1299 2140 1356 2169 est,
1370 2134 1423 2164 ubi
1439 2145 1492 2175 pro
1508 2147 1597 2165 ωηα-

933 2192 1003 2211 nam
1021 2181 1163 2222 Jimtibus
1194 2181 1280 2218 Iden,
1312 2189 1444 2223 quatuor
1473 2183 1597 2214 codices

922 2230 1100 2269 frondibus.
1130 2231 1198 2261 Hoc
1211 2231 1278 2261 loco
1293 2230 1421 2272 praesero
1434 2232 1596 2273 sinefron-

933 2280 1029 2314 dibus,
1059 2279 1244 2310 auctoritate
1274 2280 1475 2321 plurimorum
1503 2281 1595 2311 MSS.

934 2329 1133 2358 Burmannus
1162 2336 1264 2370 putat,
1294 2330 1341 2369 τῷ
1369 2330 1457 2359 stabit
1484 2329 1596 2359 melius

933 2377 1097 2407 convenire
1115 2379 1301 2418 frondibus:
1340 2377 1394 2408 sed
1425 2378 1482 2408 hoc
1506 2377 1594 2408 nihili

934 2431 996 2455 est:
1022 2437 1110 2456 mons
1125 2426 1285 2467 eleganter
1299 2433 1379 2456 stare
1402 2426 1524 2462 dicitur,
1540 2437 1595 2468 pro

934 2473 1078 2515 simplici,
1107 2486 1174 2510 esse,
1206 2475 1346 2516 adeoque
1376 2475 1433 2505 hoe
1464 2475 1593 2505 verbum

931 2533 1002 2553 cum
1020 2524 1161 2564 ιῙίηιῐίὺιιε
1189 2534 1249 2554 nou
1276 2524 1377 2554 minus
1402 2534 1495 2565 quam
1520 2534 1591 2554 cum

920 2574 1097 2613 frondibus,
1121 2573 1286 2610 convenit3
1311 2573 1458 2603 Horatius
1483 2573 1511 2602 Ι.
1529 2573 1592 2603 Od.

929 2622 970 2651 ix.
992 2622 1023 2650 l:
1055 2621 1150 2656 Vides,
1169 2628 1201 2651 ut
1226 2623 1288 2651 ulta
1313 2628 1368 2651 stet
1396 2623 1461 2651 niz-e
1483 2623 1589 2651 cundi-

928 2671 996 2700 dwn
1025 2670 1158 2700 δον-«1610.
1206 2670 1315 2701 Pectus
1340 2681 1443 2701 rursus
1470 2675 1516 2700 est
1542 2669 1587 2699 in-

927 2719 1065 2759 genium.
