1779 3130
402 163 1019 205 METAMORPHOSEON
1058 164 1175 204 LIB.
1214 164 1276 204 X.
1433 166 1517 206 165

133 279 220 327 Me
246 280 351 327 sine
376 280 500 325 ferre
525 279 642 332 tibi;
673 294 770 324 non
795 285 872 324 est
897 293 1007 324 mea
1031 277 1172 340 pigra
1196 285 1442 326 senectus,

135 357 235 403 Seu
250 356 382 402 furor
398 363 497 410 est;
528 355 685 401 habeo
706 371 816 416 quae
833 355 1048 401 carmine
1074 362 1228 410 sanet,
1251 363 1300 402 et
1315 356 1479 403 herbis
1503 373 1511 402 :

135 433 250 479 Sive
276 431 453 493 aliquis
480 431 676 486 nocuit3
715 431 908 491 magico
934 431 1206 478 lustrabere
1233 432 1324 478 ritu
1346 449 1355 479 :

134 508 249 554 Sive
274 514 350 554 est
369 507 439 553 ira
465 507 650 563 Deum3
692 507 843 553 sacris
870 507 1126 570 placabilis
1154 508 1241 554 ira.

133 583 266 637 Quid
292 599 398 630 rear
420 582 622 629 utilius?
660 591 795 629 certe
820 582 1013 630 fortuna
1038 583 1316 646 domusque
1417 588 1513 631 400

135 659 338 722 Sospes,
367 668 416 706 et
436 660 484 705 in
505 675 651 705 cursu
672 667 774 706 est:
799 660 964 706 vivunt
981 660 1323 722 genetrixque,
1351 669 1511 723 pater-

133 735 356 798 Myrrha‚
375 744 514 798 patre
531 736 713 791 audito,
733 736 944 798 suspiria
959 736 1103 782 duxit
1119 737 1180 782 ab
1197 736 1293 783 imo
1344 738 1513 799 [que.''

134 812 376 859 Pectore:
417 829 506 860 nec
533 813 698 859 nutrix
725 814 993 859 etiamnum
1018 814 1235 875 concipit
1258 814 1413 859 ullum

134 887 307 935 Mente
319 888 454 935 nefas
468 907 476 945 ;
494 888 810 951 aliquemque
823 896 989 936 tamen
1002 891 1255 952 praesentit
1265 906 1480 937 amorem
1498 909 1507 943 ;

134 963 484 1027 Propositique
510 973 677 1021 tenax,
706 966 1042 1028 quodcunque
1069 966 1147 1021 sit,
1176 973 1297 1021 orat,
1324 973 1377 1012 ut
1403 967 1495 1030 ipsi

137 1040 346 1096 Indicet‚
386 1048 435 1088 et
459 1042 646 1103 gremio
671 1042 1013 1089 lacrimantem
1039 1043 1168 1089 tollit
1193 1043 1325 1089 anili,

135 1117 303 1180 Atque
329 1118 396 1164 ita
421 1119 758 1181 complectens
784 1119 986 1165 infirmis
1013 1121 1235 1166 membra
1260 1120 1487 1175 lacertis3

138 1199 168 1217 “
191 1194 496 1249 Sensimus‚''
513 1194 702 1257 inquit;
735 1202 764 1219 “
783 1211 946 1242 amas:
976 1201 1026 1242 et
1052 1195 1100 1241 in
1125 1195 1217 1241 hoc
1243 1211 1367 1251 mea,
1386 1212 1514 1259 pone

333 1270 576 1326 timorem,
1418 1275 1515 1319 408

139 1346 389 1394 Sedulitas
415 1347 508 1394 erit
532 1354 648 1410 apta
670 1347 788 1394 tibi:
829 1364 920 1395 nec
946 1349 1128 1395 sentiet
1152 1365 1372 1412 unquam

136 1423 247 1470 Hoc
272 1424 461 1487 pater.'’
512 1424 700 1471 Exiluit
725 1425 910 1487 gremio
929 1425 1207 1480 furibunda,
1230 1432 1493 1489 torumque

140 1500 239 1548 Ore
254 1517 507 1564 premens3
535 1508 565 1526 “
584 1502 817 1557 Discede,
837 1518 1025 1565 precor,
1044 1502 1324 1564 miseroque
1341 1503 1516 1565 pudori

138 1576 344 1633 Parce,”
360 1578 454 1625 ait:
484 1578 704 1634 instanti,
728 1584 758 1602 “
775 1578 996 1634 discede,
1024 1585 1109 1625 aut
1132 1578 1354 1634 desine,⁷’
1370 1578 1512 1633 dixit,

137 1727 207 1756 dere
222 1725 319 1764 fidem
344 1726 478 1757 debebat
503 1727 601 1768 sequi,
626 1726 679 1757 sed
704 1737 793 1768 opem

138 1774 231 1804 etiam
251 1774 340 1805 ferre.
389 1775 505 1805 Verum
529 1775 663 1806 mutavit
684 1775 794 1805 oratio-

139 1833 209 1852 nem
226 1829 257 1852 et
272 1824 423 1854 nutricem
441 1824 537 1865 ipsam
555 1824 733 1865 loquentem
748 1824 794 1853 in-

139 1871 238 1902 duxit.
283 1872 358 1913 Sqq.
378 1872 416 1903 de
439 1873 548 1909 furore,
565 1884 657 1914 quem
684 1872 798 1914 philtra

140 1919 290 1956 excitant,
319 1920 510 1962 accipienda.
565 1922 691 1956 Noster,
723 1920 794 1950 Art.

139 1968 214 1999 Am.
239 1969 272 2000 ii.
297 1970 368 2000 106.
396 1970 519 1999 Philtra
543 1977 649 2000 nocent
675 1971 794 2005 animis,

139 2018 386 2060 vimquefuroris
413 2020 530 2050 habent.
574 2019 700 2050 Confer.
735 2020 794 2049 Ju-

140 2066 272 2102 venalis,
289 2067 354 2097 Sat.
370 2079 399 2097 v.
416 2068 477 2098 609
498 2078 566 2109 sqq.
610 2067 695 2098 Talis
716 2067 797 2097 furor

138 2116 239 2145 sanari
263 2115 356 2146 etiam
379 2116 498 2146 solebat
520 2118 633 2158 magico
656 2118 720 2146 ritu
743 2127 797 2146 seu

141 2164 270 2205 magicis
303 2165 429 2202 artibus,
465 2176 542 2208 quas
579 2172 798 2197 commemorat

144 2213 275 2249 Plinius,
297 2213 392 2244 xxxii.
416 2215 464 2245 10.
510 2215 547 2245 In
569 2214 606 2246 iis
626 2216 717 2245 herbae
743 2225 796 2256 po-

141 2262 293 2293 tissimum
322 2268 352 2293 et
381 2267 527 2299 carmina,
556 2264 669 2305 quibus
703 2263 797 2295 etiam

141 2313 312 2342 nocebatur.
367 2312 556 2354 Propertius,
586 2313 648 2344 III.
678 2313 718 2344 iv.
745 2314 798 2343 25.

143 2360 213 2391 Non
237 2371 281 2390 me
305 2362 443 2396 moribus,
472 2363 521 2392 sed
550 2362 643 2392 herbis
670 2363 798 2400 improba

143 2411 236 2446 vic-im
261 2414 293 2439 et
316 2408 379 2439 viii.
403 2410 458 2440 23.
486 2409 567 2444 Quid
591 2421 708 2450 queror,
731 2411 798 2446 hen,

143 2461 246 2489 misero
261 2469 381 2488 carmen
404 2459 558 2489 nocuisse?
582 2461 653 2499 quid
675 2460 800 2489 herbas?

146 2507 248 2538 Habeo
276 2517 411 2547 magam,
436 2519 509 2548 quor,
535 2514 597 2538 etc.
645 2508 800 2539 Lustrutio

143 2556 237 2587 fiebat
258 2556 350 2586 etiam
376 2556 415 2586 ad
434 2556 620 2598 depellenda
645 2557 738 2593 mala,
765 2563 799 2588 ut

145 2606 276 2641 morbos,
288 2611 349 2636 etc.
387 2605 542 2642 Tibullus,
559 2606 586 2636 I.
601 2617 631 2637 v.
645 2607 695 2636 11.

188 2654 264 2684 400.
289 2654 381 2690 Reor,
409 2654 583 2696 conjiciam.
624 2655 711 2685 Certe
726 2656 797 2696 sor-

147 2708 220 2732 tuna
234 2704 401 2743 domusque,
416 2709 475 2733 etc.
522 2703 726 2734 Calamitates
744 2703 799 2734 tibi

862 1734 987 1768 tuaeque
1009 1727 1100 1757 domo
1122 1727 1215 1757 nullae
1239 1733 1320 1757 sunt.
1366 1726 1407 1756 In
1429 1737 1520 1757 cursu

863 1782 914 1811 est,
939 1785 1081 1817 prospere
1107 1775 1161 1806 tibi
1189 1775 1312 1816 tuisque
1338 1775 1441 1805 omnia
1464 1785 1516 1805 ce-

865 1824 954 1854 dunt.
998 1824 1120 1854 Passim
1150 1824 1233 1865 apud
1256 1824 1403 1854 Nostrum
1427 1827 1520 1860 dolor,

853 1873 963 1914 j'uror,
980 1884 1051 1912 spes,
1063 1878 1124 1903 etc.
1135 1872 1281 1903 dicuntur
1296 1874 1327 1902 in
1342 1884 1431 1903 cursu
1448 1884 1519 1904 esse:

864 1921 934 1951 vide
952 1921 1128 1951 Heinsiurn.
1167 1921 1253 1951 Alibi
1269 1923 1419 1960 concipere
1436 1922 1517 1963 nefus

863 1976 909 2001 est
931 1970 977 2000 vel
1002 1969 1178 2010 excogitare
1204 1970 1301 2005 nefas,
1323 1970 1373 2000 vel
1397 1971 1520 2011 excogi-

864 2024 963 2049 tatum
979 2018 1184 2048 committere.
1211 2018 1261 2048 Sic
1278 2018 1380 2049 Cicer.
1397 2020 1467 2050 Cat.
1482 2019 1516 2050 ii.

864 2069 894 2097 4.
915 2070 1066 2106 concipere
1086 2068 1200 2103 scelus;
1225 2067 1319 2097 'lusc.
1340 2068 1359 2097 i.
1378 2069 1430 2098 30.
1450 2080 1482 2098 co
1485 2082 1519 2099 n-

865 2116 1130 2157 ciperefiaudes,·
1164 2116 1273 2147 Horat.
1297 2117 1342 2147 ΙΙ.
1366 2117 1428 2147 Od.
1452 2117 1519 2148 xiii.

865 2166 1009 2205 quidquid
1034 2176 1058 2195 c
1060 2167 1202 2204 νἠσίρὶΐιω
1226 2165 1294 2206 nefa
1298 2177 1320 2196 s.
1377 2166 1437 2196 Sed
1464 2166 1520 2197 hoc

865 2213 933 2244 loco
962 2215 1113 2253 concipere
1140 2220 1235 2244 mente
1264 2213 1307 2244 nil
1336 2213 1421 2244 aliud
1451 2215 1520 2251 nisi,

866 2261 1034 2303 suspicam.

908 2311 980 2341 407.
1019 2310 1418 2350 Compbectens—membra]
1460 2311 1520 2342 Pro

866 2361 994 2389 membra
1022 2371 1102 2390 unus
1130 2360 1296 2390 Mediceus
1324 2367 1408 2396 nala,
1437 2360 1520 2402 quod

866 2415 1030 2439 venustum
1067 2408 1231 2439 videbatur
1268 2408 1406 2445 Heinsio,
1445 2409 1520 2450 quia

865 2464 942 2488 natae
971 2458 1104 2488 alumnae
1129 2458 1320 2488 vocabantur
1347 2468 1365 2488 a
1394 2457 1520 2488 nutrici-

865 2507 934 2542 bus,
951 2512 982 2537 et
1004 2506 1050 2536 hae
1067 2506 1202 2537 vicissim
1224 2513 1337 2537 matres
1356 2507 1395 2537 ab
1420 2507 1518 2538 alum-

865 2557 931 2586 nis:
957 2555 1074 2597 recepit
1090 2566 1160 2586 vero
1176 2557 1254 2586 colla
1268 2556 1405 2587 secundo
1426 2557 1519 2587 Pala-

866 2604 942 2635 tino.

909 2654 981 2684 410.
1007 2653 1152 2693 Exitum]
1186 2654 1227 2684 Et
1246 2654 1385 2694 gestibus
1403 2660 1434 2686 et
1454 2666 1518 2686 ver-

866 2703 911 2733 bis
926 2703 1073 2744 praeclare
1084 2704 1234 2744 expressit
1250 2704 1391 2734 furorem.
