1779 3130
237 206 295 246 32
628 199 679 238 P.
712 195 926 238 OVIDII
958 191 1239 235 NASONIS

242 320 310 365 At
335 331 508 363 manus
535 311 730 358 OEnidae
755 309 936 365 variat;
979 307 1245 367 missisque
1270 301 1479 354 duabus,

244 394 404 440 Hasta
426 390 557 453 prior
582 395 727 441 terra,
756 383 919 431 medio
945 382 1084 429 stetit
1109 382 1263 428 altera
1280 387 1436 438 tergo.
1529 376 1627 420 415

245 469 353 516 Nec
371 481 520 520 mora,
538 464 656 510 dum
668 461 822 515 saevit,
841 461 957 506 duni
975 472 1183 520 corpora
1196 460 1359 501 versat
1375 453 1423 498 in
1441 451 1627 505 orbern,

247 543 654 601 Stridentemque
674 553 799 584 novo
817 550 1045 598 spumam
1061 549 1175 578 cum
1191 528 1430 590 sanguine
1445 525 1626 581 fundit3

243 619 473 666 Vulneris
499 623 668 663 auctor
693 613 850 666 adest,
868 611 1164 670 hostemque
1189 606 1346 651 irritat
1367 603 1429 650 ad
1454 602 1604 656 iram3

248 693 623 758 Splendidaque
649 689 879 736 adversos
905 684 1152 732 venabula
1182 681 1352 728 condit
1376 681 1426 724 in
1451 693 1629 724 armos.

247 771 446 818 Gaudia
468 774 715 815 testantur
740 763 858 810 socii
885 763 1099 808 clamore
1127 757 1373 811 secundo;
1533 756 1631 798 42ss

245 847 616 906 Victricemque
637 847 813 905 petunt
836 839 1025 885 dextrae
1046 837 1348 898 conjungere
1373 831 1630 885 dextram;

248 924 626 981 Immanemque
651 918 824 970 ferum,
852 915 1008 960 multa
1032 912 1206 958 tellure
1224 911 1494 971 jacentem,

250 999 492 1046 Mirantes
519 1000 778 1057 spectant:
807 1005 970 1052 neque
990 989 1151 1035 adhuc
1168 985 1454 1045 contingere
1472 989 1635 1028 tutum

251 1076 377 1123 Esse
394 1079 594 1137 putant3
621 1070 708 1117 sed
723 1069 823 1115 tela
836 1075 1002 1114 tamen
1019 1080 1109 1110 sua
1124 1063 1337 1124 quisque
1353 1065 1633 1105 cruentant.

248 1152 365 1215 Ipse
388 1150 514 1213 pede
539 1146 785 1209 imposito,
812 1150 963 1205 caput
987 1138 1240 1187 exitiabile
1265 1135 1471 1199 pressit3
1534 1137 1630 1180 425

251 1228 420 1288 Atque
445 1227 535 1271 ita:
568 1230 597 1246 ‘⁶
619 1223 772 1268 Sume
798 1220 893 1266 mei
920 1218 1148 1281 spolium,
1178 1213 1443 1266 Nonacria,
1463 1210 1638 1272 juris,'’

256 1303 420 1358 Dixit3
454 1307 551 1346 “et
576 1301 624 1345 in
651 1305 841 1361 partem
862 1295 1027 1342 veniat
1053 1291 1170 1339 mihi
1197 1289 1352 1351 gloria
1369 1286 1586 1335 tecum.''

255 1378 489 1425 Protinus
515 1375 734 1428 exuvias,
762 1372 931 1434 rigidis
958 1366 1207 1416 horrentia
1231 1365 1350 1412 setis

298 1554 371 1583 414.
400 1552 515 1587 Vni-iat,
538 1550 622 1581 vario
648 1559 793 1580 successu
819 1547 913 1577 mittit
979 1557 1058 1586 ματι
1086 1542 1267 1584 λαχνήεντι
1298 1541 1423 1570 Homer.
1452 1549 1541 1569 versu
1567 1539 1642 1569 544.

255 1602 333 1633 duas
358 1601 473 1630 hastas.
519 1601 609 1630 Duas
635 1604 739 1629 autem
762 1596 857 1626 mittit
880 1601 914 1625 ut
984 1594 1151 1624 Nonacria.
1199 1589 1292 1630 Regii
1330 1588 1437 1623 nostri,
1469 1588 1640 1622 Nonae-rea,

254 1650 398 1692 princeps
413 1648 577 1684 sociorum,
594 1657 613 1677 a
633 1657 695 1688 quo
716 1644 820 1676 caeteri
841 1654 913 1674 con·
982 1641 1146 1672 Atalanta.
1192 1638 1356 1673 Nonacris,
1385 1647 1473 1666 mons
1497 1635 1642 1666 Arcadiae

256 1698 368 1733 vocati,
385 1697 460 1728 etin
475 1697 563 1738 cujus
578 1696 659 1736 agris
673 1693 808 1725 collecti.
843 1693 914 1722 I'er-
983 1689 1179 1731 frigidissima
1194 1687 1298 1728 Stygis
1314 1696 1397 1727 aqua
1413 1685 1559 1715 famosus.
1592 1684 1644 1714 Ve-

257 1755 303 1778 sut
324 1750 356 1777 in
377 1748 482 1782 orbem,
497 1746 537 1777 iv.
551 1747 625 1776 722.
669 1746 824 1778 Adrasos,
841 1753 917 1784 quos
981 1742 1057 1775 niat,
1095 1737 1282 1778 elegantius,
1321 1745 1428 1775 quam,
1471 1733 1644 1773 contingat.

259 1795 328 1836 quis
343 1795 401 1825 sibi
417 1795 571 1836 oppositos
587 1793 677 1835 petit.
709 1792 804 1833 Apud
820 1791 916 1833 Apol·
984 1787 1066 1819 Vide
1092 1786 1132 1816 ad
1162 1786 1194 1816 ii.
1217 1786 1290 1815 862.
1328 1783 1436 1813 Attius
1465 1782 1496 1812 in
1521 1782 1644 1812 Melea-

257 1844 399 1874 lodorum
416 1843 558 1873 vulnerat
585 1844 683 1873 ferum
711 1840 755 1876 εἰς
782 1841 842 1871 τὸν
867 1851 915 1870 κε-
984 1846 1058 1877 gro:
1086 1835 1231 1864 Remanet
1262 1834 1359 1874 gloria
1385 1832 1467 1871 apud
1494 1842 1549 1866 me,
1574 1841 1645 1861 ezu-

258 1890 376 1922 νεῶνα,
393 1886 426 1915 in
442 1885 508 1915 ilia.

303 1936 377 1964 421.
407 1934 608 1974 Conjungere,
643 1939 679 1962 ut
716 1931 918 1972 conjungant.

262 1982 334 2013 Tela
363 1988 539 2016 cruentant,
573 1980 643 2010 telis
680 1984 836 2021 pungunt,
869 1979 918 2008 vel

259 2029 429 2060 insultandi
455 2039 561 2063 causa,
578 2028 626 2058 vel
647 2034 694 2063 ut,
713 2027 739 2058 si
755 2027 841 2056 vivat
863 2026 918 2056 ad-

259 2078 332 2114 huc,
361 2078 484 2120 penitus
510 2076 708 2107 interficiant.
755 2075 821 2114 Ipse
848 2076 918 2105 Me-

258 2126 363 2167 leager
389 2129 489 2166 pedem
516 2127 650 2164 imponit,
675 2134 757 2154 more
780 2130 919 2153 veterum

260 2174 398 2210 heroum,
415 2174 468 2214 qui
484 2184 564 2204 caeso
580 2173 659 2203 hosti
674 2172 765 2202 dictis
781 2177 811 2202 et
827 2171 918 2201 sactis

260 2223 420 2259 insultare,
438 2232 570 2262 eumque
591 2221 670 2263 pede
693 2221 835 2262 imposito
851 2230 918 2260 pre-

261 2282 344 2302 mere
373 2271 525 2302 solebant.
549 2269 676 2301 sEneid.
699 2280 730 2299 x.
755 2270 838 2307 4953
862 2267 917 2298 xii.

261 2321 335 2350 356.

305 2369 379 2398 426.
401 2368 543 2407 Spolimn,
568 2367 658 2408 pellis
687 2366 838 2401 detracta,
864 2368 919 2395 mei

251 2419 348 2457 juris,
374 2427 443 2457 quae
471 2415 546 2445 mihi
571 2415 712 2445 debetur.
758 2414 919 2455 Ejusmodi

261 2465 388 2496 exuvias
412 2464 603 2505 appetebant
618 2473 678 2493 non
694 2462 806 2497 minus,
824 2473 917 2503 quarn

263 2523 348 2544 arma
370 2512 508 2542 hostibus
529 2511 637 2542 occisis
653 2511 803 2546 detracta,
820 2510 919 2551 iisque

263 2561 473 2592 fortitudinem
504 2571 589 2591 suam
615 2561 824 2590 ostentabant.
869 2560 919 2589 Sic

264 2610 416 2640 Hercules
436 2609 535 2640 leonis
551 2609 673 2639 Nemaei
698 2608 796 2649 spolio
812 2608 920 2638 uteba-

265 2665 314 2688 tur
329 2668 382 2699 pro
397 2657 547 2698 tegmine.
593 2657 699 2697 Atque
722 2656 815 2686 etiam
838 2666 920 2686 nunc

265 2712 476 2749 pugnaverant
492 2707 529 2737 tle
546 2705 612 2747 apri
633 2706 756 2746 κεφαλῇ
779 2705 832 2736 καὶ
857 2704 922 2746 δέρ-

986 1887 1050 1915 vias
1066 1884 1190 1924 dignari
1206 1884 1357 1912 Atalantae
1373 1882 1455 1910 dure.
1483 1879 1546 1910 Sed
1562 1879 1645 1922 apud

986 1934 1135 1964 Nostrum
1159 1931 1258 1962 multo
1280 1937 1326 1961 est
1351 1929 1505 1964 urbanior,
1522 1934 1553 1959 et
1575 1939 1646 1970 par-

986 1987 1049 2011 tem
1065 1986 1187 2010 tantum
1204 1979 1263 2009 sibi
1281 1978 1386 2019 gloriae
1404 1977 1533 2019 expetit.
1578 1977 1646 2008 Nec

987 2029 1063 2065 scio,
1079 2039 1118 2059 an
1141 2039 1202 2058 non
1224 2032 1349 2068 praestet
1375 2037 1413 2056 ex
1432 2036 1494 2056 uno
1515 2026 1585 2056 MS.
1602 2028 1649 2056 tuz'

977 2079 1074 2116 juris,
1099 2076 1182 2117 quod
1207 2082 1238 2106 et
1268 2074 1397 2105 Heinsio
1425 2074 1583 2115 placebat,
1614 2081 1649 2105 ut

987 2126 1053 2167 apri
1073 2125 1229 2156 interfecti
1250 2124 1379 2165 gloriam
1395 2123 1440 2152 illi
1457 2122 1560 2158 cedat,
1576 2133 1646 2163 quae

987 2174 1086 2215 prima
1114 2174 1210 2203 feram
1238 2172 1464 2202 vulneraverat.
1511 2171 1604 2202 Certe
1630 2181 1648 2201 a

987 2222 1184 2252 Callimacho
1199 2220 1352 2251 Atalanta
1367 2224 1497 2249 vocatur
1516 2219 1648 2250 συυκτό-

989 2282 1056 2306 νος,
1083 2269 1232 2311 aprieida.
1278 2268 1331 2299 Illi
1354 2270 1455 2298 (lentes
1481 2268 1565 2309 apud
1589 2268 1646 2298 Te-

985 2325 1093 2358 geatas
1130 2317 1242 2348 servati
1271 2318 1309 2347 ab
1339 2317 1483 2357 Augusto
1513 2315 1646 2346 Romam

986 2372 1058 2396 sunt
1074 2366 1180 2396 delati.
1205 2365 1389 2401 Pausanias,
1397 2364 1514 2395 Arcad.
1530 2375 1560 2405 p.
1573 2365 1647 2395 694.

986 2415 1082 2456 Apud
1111 2415 1235 2446 eosdem
1259 2415 1412 2455 Tegeatas
1438 2413 1529 2454 pellis
1554 2412 1646 2454 hujus

986 2463 1051 2504 apri
1067 2474 1127 2504 prae
1145 2463 1229 2493 senio
1247 2463 1312 2504 jam
1329 2468 1509 2503 putrescens
1524 2462 1644 2492 Pausa-

987 2511 1045 2541 niae
1060 2511 1161 2541 adhuc
1178 2518 1270 2541 aetate
1286 2510 1560 2551 ostendebatur‚p.
1571 2511 1645 2541 695.

986 2560 1024 2590 In
1041 2559 1174 2590 nummis
1193 2560 1271 2590 adeo
1293 2559 1324 2589 hi
1339 2559 1448 2589 dentes
1463 2569 1534 2589 cum
1550 2569 1646 2590 vena-

987 2608 1062 2638 bulo
1071 2609 1224 2649 Meleagri
1239 2607 1450 2648 repraesentati
1466 2614 1548 2638 sunt.
1564 2607 1646 2638 Vide

988 2656 1155 2698 Spanhem.
1184 2657 1223 2687 ad
1250 2655 1438 2687 Callimachi
1461 2655 1579 2686 dictum
1601 2655 1646 2686 lo-

989 2715 1071 2737 cum.
