1779 3130
340 158 961 201 METAMORPHOSEON
995 162 1114 203 LIB.
1150 162 1239 204 IX.

1400 167 1484 207 103

102 269 197 316 Cui
222 271 434 327 studeat,
463 273 601 320 Deus
626 273 785 320 omnis
811 274 988 331 habet;
1020 277 1299 339 crescitque
1320 277 1484 327 favore

101 346 322 395 Turbida
347 350 554 406 sediti03
594 350 753 397 donec
780 366 870 397 sua
893 350 922 397 J
929 352 1125 414 uppiter
1149 368 1234 400 ora

1389 359 1486 403 426

104 422 286 480 Solvit;
316 433 380 481 et,
405 431 434 449 “
455 426 517 480 O,
539 427 691 472 nostri
719 427 759 473 si
783 443 882 489 qua
907 435 982 474 est
1002 430 1322 485 reverentia,''
1342 432 1483 488 dixit,

104 502 133 520 ‘⁶
159 498 270 552 Quo
296 501 469 547 ruitis?
506 509 764 549 tantumne
791 503 885 548 sibi
912 503 1024 564 quis
1050 520 1197 566 posse
1221 507 1430 563 videtur,

105 573 228 621 Fata
252 593 452 639 quoque
479 585 533 624 ut
557 580 793 641 superet?
834 579 969 626 Fatis
998 580 1164 628 Iolaus
1190 582 1239 628 in
1265 599 1434 641 annos,

104 648 241 703 Quos
267 653 384 714 egit,
412 654 584 702 rediit:
624 655 736 701 fatis
757 656 1084 716 juvenescere
1109 659 1295 706 debent

1391 665 1489 708 430

106 725 354 776 Callirhoe
380 730 563 792 geniti;
605 747 701 777 non
730 732 1018 789 ambitione,
1045 750 1137 781 nec
1164 738 1328 783 armis.

104 801 205 849 Vos
231 805 396 862 etiam,
422 823 625 869 quoque
650 809 743 854 hoc
770 809 932 856 animo
958 812 1159 858 meliore
1184 812 1368 869 feratis,

106 877 193 925 Me
219 896 437 944 quoque,
465 882 566 930 fata
590 893 800 946 regunt:

108 953 216 1002 Nec
243 965 464 1004 nostrum
491 960 585 1005 seri
611 970 871 1009 curvarent
895 963 1084 1011 AEacon
1110 966 1241 1020 anni,

840 902 951 948 quae
978 887 1018 934 si
1044 895 1233 936 mutare
1257 891 1487 947 valerem,

1393 971 1490 1015 434

106 1031 515 1097 Perpetuumque
535 1038 623 1083 aevi
644 1038 815 1086 florem
834 1039 1248 1088 Rhadamanthus
1269 1043 1490 1100 haberet,

109 1108 239 1155 Cum
265 1109 435 1158 Minoe
460 1129 599 1170 meo3
641 1115 727 1176 qui
753 1123 956 1179 propter
979 1133 1148 1164 amara
1172 1126 1386 1167 senectae

107 1182 336 1234 Pondera
355 1187 643 1252 despicitur,
661 1207 770 1248 nee,
789 1209 889 1255 quo
908 1192 1060 1256 prius,
1078 1194 1249 1241 ordine
1270 1197 1494 1258 regnat.”

151 1307 226 1338 425.
253 1308 311 1338 Cui
331 1311 472 1347 studeat,-
496 1321 576 1341 unus
593 1310 766 1349 Leidensis‚

107 1357 157 1385 cuz·
173 1358 333 1395 studeant5
357 1364 431 1389 tunc
448 1359 595 1390 Heinsius
610 1361 698 1391 malit
714 1363 766 1392 ha-

109 1405 188 1441 bent,
210 1411 241 1436 et
264 1406 494 1448 copiosissimus
517 1414 563 1439 est
586 1408 617 1440 in
641 1409 698 1440 hoc
722 1411 767 1441 lo-

110 1454 226 1494 quendi
252 1465 365 1495 genere
392 1457 544 1498 exemplis
571 1457 768 1490 illustrando.

111 1503 171 1533 Cui
196 1505 335 1541 studeat;
368 1504 419 1536 cui
449 1506 565 1541 faveat,
592 1508 681 1549 cujus
704 1519 768 1539 rem

110 1557 194 1592 agat.
218 1552 268 1583 Sic
283 1556 417 1584 studium
432 1555 514 1596 apud
530 1555 598 1587 Cic.
610 1557 683 1597 Agr.
695 1556 726 1588 ii.
740 1558 769 1588 7.

113 1601 235 1639 sedicio,
251 1602 294 1632 nil
312 1603 369 1634 nisi
384 1604 533 1635 fremitus.

154 1657 229 1687 427.
256 1658 457 1696 Rem-entia,-
472 1659 579 1690 Codex
595 1659 715 1700 Regius
732 1661 770 1691 B.

101 1706 235 1745 fiducia.
283 1707 348 1741 Quo
376 1710 477 1744 ruitis,
501 1708 568 1739 scil.
597 1709 769 1744 sententiis,

111 1765 205 1796 quam
224 1756 468 1797 praecipitanter,
485 1762 517 1788 et
538 1758 624 1788 nullo
644 1758 771 1789 consilio

110 1803 243 1834 sentitis.
290 1805 368 1835 Fata
383 1816 535 1844 superare,
553 1806 617 1836 fato
634 1806 771 1848 superio-

111 1862 175 1882 rem
199 1862 278 1889 esse,
302 1852 397 1894 idque
421 1860 541 1885 mutare
567 1865 664 1895 posse.
711 1856 771 1885 Pro

100 1903 296 1940 juvenescere
320 1902 466 1933 Heinsius
490 1914 526 1933 ex
552 1904 648 1933 altero
672 1903 771 1933 Ham-

112 1951 258 1991 burgensi
277 1957 309 1982 et
329 1962 388 1982 uno
408 1952 564 1987 Mediceo,
582 1952 710 1983 dederat
725 1964 771 1983 re-

111 2001 264 2030 virescere.
323 2001 367 2031 At
397 2001 450 2042 qui
480 2011 517 2031 ex
541 2001 701 2042 impubere
732 2001 771 2032 ad

110 2049 321 2090 juventutem,
338 2056 392 2080 aut
408 2050 511 2081 viriles
532 2061 628 2081 annos
649 2061 770 2091 promo-

112 2103 211 2134 vetur,
229 2098 394 2140 (Apollod.
407 2099 470 2129 III.
486 2099 538 2129 vii.
552 2100 583 2129 6.
602 2099 771 2140 γενόμενοι

113 2147 266 2191 ἐξαίφνης
277 2147 305 2178 οἱ
318 2147 432 2184 παῖέες
442 2147 586 2187 τέλειοι,)
601 2158 660 2178 non
673 2153 774 2189 potest

116 2196 177 2228 dici
192 2199 378 2226 revirescere.
424 2197 601 2232 Ambitione,
619 2196 722 2226 studio
742 2197 774 2226 in

115 2255 239 2275 suorum
265 2245 395 2285 gratiam
422 2250 578 2286 suscepto.
605 2244 686 2276 Plin.
710 2245 774 2275 III.

117 2294 175 2335 Ep.
192 2293 235 2323 ix.
258 2294 306 2324 10.
328 2295 447 2323 ambitio
470 2299 497 2323 et
510 2293 617 2335 favor.
663 2294 773 2330 Armis,

119 2341 380 2373 contentionibus.

163 2392 238 2421 432.
260 2391 313 2420 Vos
325 2392 426 2426 etiam,
440 2391 518 2431 etc.]
537 2391 622 2422 Ordo
631 2397 687 2427 est,
700 2392 777 2422 Fata

118 2445 229 2480 regunt
251 2439 345 2470 etiam
369 2450 434 2475 vos,
458 2445 489 2469 et
512 2450 561 2470 me
585 2450 721 2481 quoque,
743 2445 777 2470 ut

119 2489 178 2519 hoc
196 2488 298 2519 animo
315 2487 439 2519 meliore
454 2488 570 2518 feratis.
595 2487 655 2518 Hic
672 2499 778 2518 versus

121 2537 279 2569 Grouovio
297 2536 416 2578 spurius
437 2542 468 2567 et
482 2536 634 2567 delendus
649 2537 778 2568 videba-

120 2591 179 2617 tur.
214 2585 274 2616 Sed
290 2584 502 2626 gradationem
518 2596 588 2616 cum
603 2596 668 2626 seq.
684 2585 779 2616 efficit

121 2645 181 2665 non
197 2633 444 2676 improbandam.

166 2683 241 2712 436.
266 2683 393 2713 δεηθεῖεν
420 2685 562 2721 pandora,
583 2681 778 2712 infirmitates

834 1319 865 1344 et
881 1314 1112 1345 imbecillitates
1123 1321 1186 1346 tam
1203 1316 1309 1352 animi,
1321 1328 1414 1358 quam
1427 1329 1493 1349 cor-

833 1362 924 1404 poris,
949 1373 1026 1404 quas
1056 1364 1144 1394 affert
1167 1371 1321 1402 senectus,
1346 1377 1415 1407 quae
1446 1367 1493 1398 in-

834 1413 998 1442 commoda
1013 1412 1091 1443 adeo
1106 1425 1210 1443 amara
1225 1420 1255 1444 et
1268 1415 1374 1445 odiosa
1385 1416 1493 1457 pleris-

834 1471 895 1502 que
921 1461 1046 1491 senibus
1072 1466 1155 1496 sunt,
1181 1468 1215 1493 ut
1238 1473 1317 1493 onus
1340 1474 1372 1495 se
1396 1466 1495 1497 AEtna

835 1509 958 1549 gravius
974 1509 1124 1540 sustinere
1140 1509 1267 1549 dicant5
1293 1512 1359 1543 Cic.
1375 1514 1446 1545 Sen.
1462 1514 1496 1546 ii.

836 1558 936 1588 Senex
960 1562 1023 1588 tam
1040 1558 1180 1588 infirmus
1198 1569 1258 1589 non
1273 1571 1328 1599 quo
1343 1563 1430 1600 prius
1447 1573 1494 1592 or-

837 1608 907 1637 dine
917 1614 1037 1648 regnat,
1048 1607 1119 1637 hinc
1134 1610 1298 1646 despicitur
1308 1620 1326 1640 a
1337 1610 1411 1646 suis,
1423 1611 1495 1643 hinc

838 1655 976 1686 seditiosi
992 1656 1133 1686 homines
1151 1657 1209 1687 sub
1224 1658 1280 1687 tali
1300 1657 1429 1699 imperio
1448 1671 1496 1692 res

838 1714 933 1734 novas
962 1705 1141 1735 moliuntur.
1194 1705 1363 1747 Conjunxit
1392 1715 1496 1741 tamen

839 1753 953 1784 Noster
969 1754 1063 1784 verba
1077 1754 1146 1789 tria,
1163 1764 1232 1795 quae
1249 1765 1311 1785 non
1331 1756 1405 1787 satis
1421 1768 1495 1789 con-

841 1803 944 1833 venire
956 1802 1111 1838 videntur,
1123 1810 1245 1842 propter
1254 1816 1356 1835 amara
1366 1809 1498 1845 pondera

838 1851 1013 1890 despicitur.
1063 1852 1177 1882 Ordine
1206 1853 1313 1884 Burin.
1339 1860 1371 1883 et
1398 1855 1498 1887 Schir.

839 1899 1008 1940 explicant,
1025 1899 1229 1938 auctoritate3
1253 1911 1323 1941 quae
1346 1902 1497 1945 interpre-

839 1948 915 1978 tatio
929 1949 1010 1979 bene
1026 1948 1171 1979 convenit
1183 1950 1229 1990 τῷ
1244 1951 1427 1989 despicitur;
1444 1953 1498 1983 sed

838 2007 911 2027 usus
924 1997 1071 2038 loquendi
1085 2008 1153 2028 eam
1166 2008 1227 2028 non
1240 1998 1340 2039 magis
1352 1999 1498 2039 admittit,

838 2056 933 2086 quam
950 2046 1100 2076 Glareani
1117 2046 1277 2083 rationem,
1290 2048 1343 2088 qui
1359 2049 1498 2081 subdito-

838 2106 905 2126 rum
920 2095 1130 2126 obedientiam
1144 2096 1353 2137 intelligebat.
1377 2099 1498 2130 Passim

840 2145 973 2176 occurrit
988 2152 1065 2175 recle
1081 2152 1170 2185 alque
1185 2147 1410 2187 ordinesacere.
1435 2149 1496 2179 Hic

841 2196 945 2225 ordine
969 2200 1028 2230 est,
1052 2194 1224 2235 sapienter:
1250 2195 1321 2226 vide
1346 2196 1432 2227 Cort.
1458 2198 1497 2228 ad

841 2244 969 2274 Sallust.
987 2243 1058 2274 Cat.
1073 2243 1105 2274 li.
1122 2246 1152 2274 5.
1198 2243 1298 2283 (Vide
1317 2244 1411 2275 etiam
1428 2257 1498 2286 quae

842 2292 881 2323 ad
891 2292 1021 2323 eundem
1032 2292 1132 2322 locum
1144 2292 1255 2322 dixerit
1267 2293 1308 2322 cl.
1333 2294 1499 2325 Burmour

841 2342 874 2372 in
898 2346 998 2371 nostro
1021 2340 1180 2376 Sallustio,
1203 2353 1233 2382 p.
1257 2342 1293 2371 81
1313 2341 1339 2379 ς)
1365 2352 1499 2383 namque

843 2389 997 2431 sapientia
1031 2390 1166 2420 cernitur
1193 2390 1226 2419 in
1259 2390 1366 2420 ordine
1398 2401 1497 2421 rerum

843 2438 1045 2479 agendarum.
1071 2438 1183 2478 Itaque
1200 2442 1231 2468 et
1247 2437 1280 2467 b.
1298 2438 1318 2467 l.
1336 2437 1379 2468 sic
1396 2440 1496 2480 capio,

844 2498 904 2517 non
920 2497 956 2517 eo
973 2486 1111 2520 consilio.
1128 2496 1187 2516 non
1205 2495 1242 2516 ea
1258 2486 1422 2526 sapientia,
1437 2498 1499 2528 qua

845 2541 917 2565 ante
928 2535 1089 2575 regnabat.
1114 2533 1284 2564 claudian.
1297 2534 1392 2565 Cons.
1404 2535 1500 2577 Olyb.

847 2585 898 2615 57.
913 2590 982 2623 quot
998 2585 1026 2613 in
1043 2585 1146 2613 ordine
1159 2589 1259 2624 gentes
1275 2585 1395 2614 rexerit.
1432 2584 1498 2614 Ita-

845 2642 905 2673 que
929 2642 989 2662 non
1012 2642 1089 2673 opus
1111 2637 1157 2662 est
1178 2630 1300 2662 Heinsii
1323 2632 1502 2674 conjectura

845 2693 952 2711 omme.
