1779 3130
388 152 1007 194 METAMORPHOSEON
1042 153 1160 194 LIB.
1195 153 1257 194 X.
1426 156 1510 196 145

122 265 355 313 Carmina
371 273 538 313 nostra
557 282 696 313 move
711 284 720 313 ε
749 266 779 312 J
784 268 889 313 ovis
905 274 981 314 est
995 267 1113 313 mihi
1136 283 1270 330 saepe
1287 275 1506 330 potestas

121 341 269 388 Dicta
293 343 457 405 prius:
485 342 642 389 cecini
664 343 851 405 plectro
877 343 1096 404 graviore
1121 344 1381 404 GigantaS,
1414 347 1506 390 150

119 417 405 480 Sparsaque
431 419 703 480 Phlegraeis
730 420 950 466 victricia
974 419 1180 466 fulmina
1205 420 1412 482 campis.

120 492 266 539 Nunc
291 509 416 556 opus
442 502 518 541 est
542 494 721 541 leviore
748 495 881 556 lyra:
923 511 1203 558 puerosque
1229 511 1467 543 canamus

120 568 341 616 Dilectos
369 570 591 633 Superis,
619 570 1026 633 inconcessisque
1050 571 1243 633 puellas

118 643 324 706 Ignibus
351 647 583 692 attonitas
606 647 846 694 meruisse
866 647 1070 694 libidine
1094 662 1309 710 poenam.

1414 651 1503 695 154

117 719 229 767 Rex
253 738 486 784 superum
506 722 710 785 Phrygii
733 723 984 785 quondam
1002 723 1313 786 Ganymedis
1335 739 1500 771 amore

115 796 250 843 Arsit
268 816 277 854 ;
307 806 357 844 et
374 798 628 845 inventum
648 806 724 846 est
749 799 953 861 aliquid,
973 799 1107 861 quod
1122 798 1355 862 Juppiter
1373 816 1501 856 esse,

116 872 278 926 Quam
304 875 438 936 quod
465 881 585 929 erat,
613 875 809 922 mallet:
839 875 975 922 nulla
999 883 1165 922 tamen
1190 875 1306 922 alite
1331 877 1453 923 verti

117 949 377 1011 Dignatur,
405 950 498 997 nisi
526 967 637 1013 quae
665 951 823 1014 possit
848 967 939 998 sua
964 951 1170 998 fulmina
1194 951 1336 999 ferre.

116 1024 224 1073 Nec
247 1042 408 1074 mora:
449 1043 685 1089 percusso
712 1028 1034 1074 mendacibus
1061 1044 1173 1075 aere
1199 1028 1375 1091 pennis
1407 1031 1496 1076 159

113 1102 312 1166 Abripit
338 1103 544 1159 Iliaden,
573 1105 658 1167 qui
685 1121 815 1151 nunc
841 1121 1045 1168 quoque
1072 1106 1250 1168 pocula
1275 1105 1470 1160 miscet,

115 1179 376 1242 invitaque
392 1180 502 1227 Jovi
528 1189 698 1228 nectar
719 1181 916 1229 Junone
942 1182 1205 1228 ministrat.
1235 1181 1499 1242 [Phoebus‚

182 1255 269 1304 IV.
298 1256 369 1303 Te
397 1273 614 1320 quoque,
645 1257 924 1321 Amyclide,
952 1258 1202 1321 posuisset
1234 1257 1283 1302 in
1317 1257 1499 1304 aethere

109 1403 220 1446 incipit
234 1414 358 1435 carmen
376 1405 505 1446 Orphei,
518 1404 599 1446 quod
617 1415 714 1446 usque
731 1406 770 1436 ad

112 1452 203 1483 finem
220 1452 289 1483 libri
305 1459 450 1495 pertinet.
497 1454 534 1484 In
550 1454 701 1495 principio
717 1465 770 1485 ex-

111 1501 223 1542 pressit
247 1502 335 1532 Arat.
373 1504 419 1532 Ab
440 1502 513 1533 Jove
534 1515 686 1533 musarum
707 1505 769 1543 pri-

111 1553 236 1582 mordia.
252 1552 292 1582 V.
313 1553 397 1582 Fast.
421 1552 472 1582 iii:
503 1553 548 1582 Ab
571 1553 643 1582 Jove
665 1560 771 1594 surgat

108 1610 192 1638 opus.
235 1600 377 1642 Calliope
406 1601 494 1631 Musa
520 1606 619 1631 mater
642 1601 771 1643 Orphei.

117 1648 212 1683 More,
227 1648 342 1690 incipe.

160 1698 229 1728 150.
247 1698 338 1728 Dicta
349 1700 450 1737 prius:
475 1697 670 1738 cecini‚etc.]
696 1697 768 1728 Edi·

110 1745 211 1778 tiones
224 1747 369 1788 quaedam
382 1747 579 1788 distinguunt
588 1753 657 1788 post
668 1748 772 1778 Dicta.

112 1796 250 1826 Excusat
277 1796 421 1826 carminis
450 1795 623 1827 levitatem.
672 1796 772 1827 Grave

106 1846 256 1885 plectrum
277 1845 375 1886 poetis
396 1845 550 1881 tribuitur,
566 1856 661 1886 quum
682 1856 773 1886 argu-

112 1901 252 1925 mentum
281 1905 387 1935 grave,
417 1895 502 1925 bella
530 1901 562 1925 et
591 1905 639 1924 res
668 1901 773 1935 gestas

112 1944 261 1979 Deorum,
287 1943 417 1974 heroum
444 1949 476 1974 et
502 1954 609 1984 regum
642 1943 770 1981 dicunt3

108 1994 180 2023 icvis
207 1998 315 2023 contra
341 1994 421 2033 lyra,
453 2000 507 2023 aut
534 1994 595 2023 leve
623 1994 771 2032 plectrum

108 2043 239 2082 (Horat.
251 2042 297 2072 II.
309 2043 371 2073 Od.
382 2042 403 2073 i.
415 2042 484 2081 40.)
501 2053 597 2083 quum
613 2052 660 2072 res
676 2043 770 2077 leves,

109 2090 287 2126 amatorias,
301 2096 364 2121 etc.
381 2097 526 2122 tractant.
572 2090 624 2120 Ad
637 2090 771 2120 eundem

111 2139 237 2170 modum
276 2140 482 2176 Claudianus,
515 2140 616 2181 Nupt.
652 2140 770 2170 Honor.

108 2189 197 2229 praef.
214 2190 234 2218 9
255 2195 286 2219 et
310 2190 358 2219 17⁷.
374 2189 464 2225 dixit,
482 2190 589 2219 lascivo
610 2190 717 2228 pollice
740 2194 771 2218 et

108 2239 225 2276 pectine
238 2239 380 2268 nobiliore
395 2245 510 2268 tentare
526 2241 633 2278 lyram.
680 2238 770 2268 Phle-

108 2289 182 2328 groei
204 2290 311 2326 campi,
330 2293 412 2317 terra
438 2288 572 2317 sulfurea
596 2297 691 2328 prope
707 2286 769 2318 Cu-

109 2346 187 2370 mas,
202 2336 255 2366 ubi
271 2336 406 2377 Jupiter,
426 2336 550 2377 adjutus
564 2342 594 2366 et
611 2346 630 2366 a
644 2336 770 2376 reliquis

110 2385 181 2415 Diis
204 2391 236 2415 et
259 2385 297 2415 ab
314 2385 461 2420 Hercule,
477 2384 632 2426 Gigantas
657 2384 770 2425 sparsis

107 2433 291 2464 fulminibus
306 2433 494 2471 debellavit;
516 2433 584 2464 vide
598 2432 768 2474 Apollodo—

110 2493 188 2518 rum,
214 2482 240 2512 I.
256 2482 296 2512 vi.
324 2484 350 2512 l.
396 2483 516 2524 Nempe
546 2492 641 2523 quum
668 2480 768 2511 coloni

109 2530 214 2562 Graeei
236 2537 331 2561 terras
347 2531 422 2561 istas
437 2530 571 2561 incolere
586 2530 767 2571 coepissent,

110 2580 230 2610 fabulas
251 2580 379 2610 Graecas
403 2579 465 2609 illis
489 2579 565 2609 locis
587 2579 766 2619 alligarunt.

112 2627 195 2658 Vide
216 2639 286 2669 quae
302 2629 461 2660 Gesnerus
484 2629 522 2659 ad
544 2627 766 2662 Claudianum,

112 2676 207 2707 xxvii.
222 2678 274 2707 20..
289 2676 438 2718 disputat.
483 2677 549 2707 Hos
571 2686 696 2717 campos
713 2675 765 2706 alii

159 2725 256 2755 VOL.
275 2725 334 2756 IV.

838 1407 869 1437 in
892 1417 930 1437 ea.
952 1411 1038 1447 parte
1067 1405 1277 1440 Macedonian,
1302 1415 1371 1446 quae
1397 1410 1502 1446 postea

843 1455 975 1485 Pallena
998 1455 1082 1484 dicta
1107 1461 1173 1493 est3
1197 1453 1249 1484 alii
1273 1453 1304 1483 in
1319 1453 1503 1492 Thessalia5

838 1505 869 1535 in
885 1503 1058 1545 Campania
1073 1503 1125 1533 alii
1148 1508 1302 1538 statuunt,
1319 1503 1372 1533 ubi
1389 1503 1500 1533 Forum

840 1552 985 1584 Vulcani.
1031 1553 1082 1583 De
1099 1558 1382 1592 argumentis.quae
1396 1550 1501 1592 gravi-

838 1613 889 1632 ore
914 1601 1032 1643 plectro
1057 1601 1201 1642 Orpheus
1225 1601 1394 1635 cecinerat,
1417 1600 1500 1631 conf.

839 1650 905 1692 ipse
921 1650 952 1680 in
969 1650 1088 1690 Argon.
1108 1649 1145 1679 10
1161 1660 1230 1690 sqq.

885 1701 955 1730 153.
986 1699 1166 1729 Inconcessis
1190 1697 1338 1739 ignibus]
1378 1697 1429 1728 De
1453 1697 1502 1728 his

838 1749 909 1779 vide
931 1748 969 1778 ad
991 1748 1034 1778 ix.
1051 1748 1126 1778 453.
1171 1746 1327 1787 Intelligit
1348 1752 1452 1777 autem
1467 1746 1500 1777 in

840 1797 946 1839 primis
969 1796 1108 1837 Myrrhae
1132 1806 1279 1831 amorem,
1305 1805 1398 1836 quem
1421 1794 1502 1825 infra

839 1852 944 1877 canet.
983 1847 1147 1881 Attonitas,
1163 1844 1333 1875 fascinatas
1349 1850 1404 1875 aut
1418 1844 1501 1875 insa-

839 1895 972 1930 nientes,
989 1900 1022 1924 ut
1038 1905 1088 1924 xv.
1104 1894 1177 1924 326.

884 1944 954 1974 156.
980 1943 1141 1973 Inventum
1161 1949 1202 1973 est
1224 1942 1370 1981 aliquid]
1398 1943 1499 1973 Exco·

836 1992 950 2032 gitavit
964 1992 1088 2033 Jupiter
1099 1992 1240 2026 formam,
1257 1990 1288 2020 in
1304 2001 1400 2031 quam
1416 1996 1498 2022 tran-

838 2041 910 2071 siret
939 2051 976 2070 ex
1010 2050 1084 2070 sua:
1125 2040 1243 2070 nullam
1276 2043 1379 2069 autem
1409 2049 1497 2070 avem

837 2090 1032 2130 dignabatur,
1043 2087 1170 2128 dignam
1183 2087 1353 2123 indicabat,
1363 2087 1395 2117 in
1405 2098 1498 2128 quam

838 2143 1018 2171 verteretur,
1037 2135 1096 2166 nisi
1121 2136 1279 2176 aquilam;
1303 2146 1384 2176 quae,
1401 2146 1496 2176 quum

838 2186 927 2217 Jovis
943 2185 1074 2215 fulmina
1089 2185 1178 2220 ferat,
1193 2184 1274 2214 Jovis
1287 2186 1429 2225 armiger,
1442 2186 1498 2214 mi-

838 2237 931 2265 nister
951 2235 1100 2275 jiilminis
1130 2234 1203 2269 ales,
1224 2234 1401 2274 flammiger
1425 2234 1497 2268 ales,

837 2290 899 2314 etc.
919 2294 937 2314 a
959 2283 1057 2325 poetis
1083 2287 1221 2313 vocatur.
1269 2282 1350 2311 Alite
1374 2291 1440 2322 pm,
1464 2281 1496 2311 in

836 2332 956 2368 alitem,
973 2338 1006 2362 ut
1021 2331 1062 2361 ix.
1078 2332 1130 2361 81.
1145 2337 1232 2360 tauro
1245 2336 1390 2360 mutatus.

885 2383 954 2411 159.
972 2381 1169 2410 RIenducibus
1191 2380 1305 2418 pennis,
1327 2378 1404 2416 alis;
1426 2378 1496 2409 vide

837 2431 876 2461 ad
907 2430 947 2460 vi.
974 2430 1026 2460 26.
1073 2428 1197 2470 Proprie
1222 2429 1385 2458 miscentur
1415 2426 1496 2464 vina,

837 2484 1048 2520 temperantur
1069 2487 1164 2517 aqua,
1181 2475 1302 2515 poetice
1326 2475 1420 2506 etiam
1444 2487 1495 2515 po-

837 2529 928 2564 cnla;
954 2526 1041 2567 Virg.
1058 2525 1174 2566 Georg.
1190 2524 1210 2554 i.
1226 2526 1256 2555 9.
1304 2525 1436 2560 Iliaden,
1455 2523 1494 2554 lli

837 2582 992 2617 nepotem.

881 2625 1058 2656 162—219.
1071 2623 1493 2664 Hyacinthisabitlct.]Versu

839 2675 910 2705 162.
932 2675 1101 2713 Amyclides
1118 2678 1256 2709 vocatur,
1275 2671 1329 2702 sed
1355 2682 1416 2702 ver.
1435 2671 1493 2701 196
