1779 3130
230 180 314 222 478
623 177 672 216 P.
706 175 920 216 OVIDII
955 174 1234 216 NASONIS

232 293 549 354 Romanique
574 291 715 338 ducis
741 291 924 353 conjux
951 289 1200 353 AEgyptia,
1228 288 1369 335 taedae

230 371 345 418 Non
371 371 499 416 bene
524 369 629 423 fisa,
658 369 829 423 cadet3
860 367 1141 428 frustraque
1163 365 1255 413 erit
1280 365 1363 411 illa
1390 363 1591 418 minata,

229 447 480 494 Servitura
504 461 592 492 suo
620 445 873 508 Capitolia
899 452 1067 490 nostra
1095 443 1319 505 Canopo.

229 523 362 577 Quid
378 523 467 568 tibi
483 521 789 576 Barbafflem,
803 528 1080 582 gentesque
1093 520 1154 565 ab
1172 526 1382 580 utroque
1392 519 1618 579 jacentes

231 599 450 654 Oceano,
478 598 766 645 numerem?
794 598 1132 660 quodcunque
1156 594 1426 642 habitabile
1448 593 1597 640 tellus

231 676 471 730 Sustinet,
490 676 638 737 hujus
655 675 768 722 erit:
799 681 979 737 pontus
996 688 1197 735 quoque
1213 671 1391 718 serviet
1408 670 1493 716 illi.
1523 671 1612 715 831

231 751 366 799 Pace
392 752 509 798 data
534 750 694 806 terris,
723 751 940 796 animum
967 749 1030 795 ad
1056 749 1220 795 civilia
1242 754 1402 794 vertet

229 828 258 875 J
267 845 351 876 ura
376 844 537 882 suum,
565 828 805 890 legesque
825 826 949 873 feret
965 825 1272 887 justissimus
1299 830 1486 878 auctor,

232 905 584 968 Exemploque
611 920 699 950 suo
722 919 882 949 mores
910 909 1076 964 reget:
1107 901 1259 963 inque
1283 899 1433 946 futuri

230 982 490 1045 Temporis
517 988 733 1036 aetatem,
760 987 1181 1040 venturorumque
1207 984 1444 1040 nepotum

1527 978 1621 1021 835

231 1058 569 1122 Prospiciens‚
597 1057 788 1120 prolem
809 1063 983 1102 sancta
1007 1055 1070 1101 de
1095 1056 1307 1117 conjuge
1334 1060 1499 1100 natam

232 1137 380 1184 Ferre
402 1135 565 1189 simul,
594 1149 876 1196 nomenque
901 1149 1063 1186 suum,
1091 1147 1337 1194 curasque
1359 1130 1583 1193 jubebit:

233 1212 358 1267 Nec,
380 1211 473 1257 nisi
500 1225 656 1274 quum
683 1210 845 1256 senior
871 1209 1057 1255 similes
1084 1207 1355 1271 aequaverit
1379 1222 1553 1260 annos,

233 1288 481 1335 AEtherias
507 1288 669 1341 sedeS,
697 1294 1012 1348 cognataque
1039 1287 1200 1333 sidera
1224 1292 1411 1347 tanget.

234 1364 380 1412 Hanc
402 1365 616 1411 animam
638 1364 827 1410 interea
847 1379 977 1410 caeso
998 1363 1061 1409 de
1081 1378 1286 1425 corpore
1312 1367 1502 1424 raptam
1530 1362 1625 1406 840

236 1441 334 1488 Fac
354 1442 520 1504 jubar,
549 1448 602 1487 ut
627 1456 824 1503 semper
852 1439 1102 1502 Capitolia
1122 1447 1291 1485 nostra
1314 1438 1574 1498 forumque

237 1518 394 1565 Divus
421 1519 483 1565 ab
509 1518 711 1564 excelsa
732 1524 1019 1580 prospectet
1043 1515 1206 1562 Julius
1234 1531 1363 1562 arce.

234 1640 346 1681 dqf'acti
376 1640 520 1678 Philippi.
567 1638 680 1668 Sentiet
711 1639 809 1674 illum,
839 1649 896 1668 usu

235 1694 399 1729 cognoscet
425 1688 490 1729 ejus
519 1686 732 1717 fortitudinem
762 1692 792 1716 et
821 1697 895 1717 cou-

234 1736 349 1767 silium.

279 1787 355 1816 826.
374 1786 503 1815 Romani
521 1787 616 1820 (lu-cis,
632 1784 773 1820 Antonii,
789 1787 893 1824 corzjni

237 1836 395 1876 AEgyptia,
411 1834 590 1876 Cleopatra,
606 1844 699 1875 quam
726 1834 790 1868 ille,
807 1844 895 1875 repu-

236 1883 323 1914 diata
343 1883 488 1918 Octavia,
506 1893 633 1913 uxorem
656 1882 798 1917 duxerat,
819 1884 899 1912 tffdoe

237 1944 296 1963 uon
316 1934 386 1962 bene
394 1933 469 1972 fisa,
484 1939 600 1963 temere
617 1942 754 1973 sperans,
772 1942 803 1961 se
820 1942 898 1972 nup-

237 1987 301 2012 tam
323 1981 462 2012 Antonio
486 1980 654 2022 potituram
681 1991 748 2010 esse
770 1980 900 2021 imperio

236 2030 380 2060 Romano
396 2029 487 2070 (Dio,
504 2029 545 2060 iv.
557 2030 686 2070 p.4·21.)
703 2030 800 2063 cadet,
819 2028 901 2058 victa

237 2079 277 2110 ad
299 2079 428 2109 Actium
453 2078 491 2108 ab
513 2078 667 2117 Augusto,
689 2076 831 2119 aspidum
849 2088 900 2106 ve-

238 2138 318 2159 neno
346 2127 469 2168 pe1ibit.
510 2127 706 2166 frustraque,
732 2132 795 2156 etc.
823 2125 901 2155 invi-

238 2176 334 2212 diose,
349 2176 462 2206 frustra
478 2175 641 2216 imperium
660 2175 838 2204 Romanum
856 2174 900 2203 af-

238 2225 412 2256 fectaverit.
459 2225 520 2255 Pro
543 2230 609 2254 toto
633 2224 763 2265 imperio
782 2224 901 2263 Capito-

241 2276 315 2304 lium
342 2273 493 2308 nominat,
525 2279 559 2303 ut
590 2284 634 2303 vs.
657 2274 733 2304 589.
760 2279 791 2302 et
819 2272 902 2314 apud

241 2324 354 2354 Horat.
382 2323 409 2353 Ι.
433 2322 495 2352 Od.
521 2322 637 2353 xxxvii.
665 2323 694 2352 7.
720 2321 758 2352 de
782 2321 903 2357 eadem,

238 2377 258 2390 ‘¹
276 2373 350 2403 dum
389 2370 545 2412 Capitolio
584 2371 709 2412 Regina
744 2371 904 2401 dementes

240 2421 354 2456 ruinas,
384 2421 490 2450 Funus
513 2426 543 2450 et
572 2420 701 2461 imperio
737 2420 904 2460 parabat‚''

240 2476 301 2502 etc.
363 2470 510 2508 Canopus,
541 2479 656 2500 numen
694 2474 725 2498 et
754 2467 903 2509 oppidum

242 2518 478 2560 AEgyptiorum.

285 2568 361 2598 829.
375 2567 535 2601 Barbaria,
549 2572 692 2596 monente
711 2566 899 2602 Burmanno,

241 2622 323 2646 totus
351 2621 468 2645 tractus
491 2622 650 2650 terrarum,
666 2625 759 2656 quein
781 2615 902 2645 barbari

242 2663 347 2706 populi
365 2669 480 2693 tenent.

285 2712 361 2742 833.
381 2715 504 2746 Auctor,
519 2711 687 2751 legislator,
706 2718 735 2741 ut
752 2710 815 2740 viii.
831 2711 900 2740 ml.

966 1637 1142 1673 Suetonius,
1167 1637 1248 1678 Aug.
1264 1637 1324 1667 34:
1352 1636 1488 1676 “Leges
1513 1641 1624 1666 retrac-

966 1687 1054 1722 tavit,
1071 1693 1101 1717 et
1117 1686 1268 1727 quasdam
1289 1696 1326 1716 ex
1343 1684 1463 1725 integro
1485 1683 1625 1715 sanxit.’'

966 1737 1055 1767 Idem
1069 1738 1110 1767 32
1124 1750 1128 1766 :
1148 1741 1166 1752 ¹‘
1181 1736 1334 1776 Pleraque
1350 1734 1475 1776 pessimi
1491 1733 1625 1775 exempli

967 1785 1135 1821 correxit,''
1153 1791 1214 1815 etc.

1010 1835 1086 1865 836.
1112 1834 1238 1867 Prolem,
1263 1832 1433 1866 Tiberium,
1458 1837 1562 1861 sancta
1592 1833 1627 1861 (Ie

967 1887 1105 1924 cunjuge,
1119 1883 1217 1918 Livia,
1231 1888 1343 1917 natam,
1357 1891 1448 1922 quam
1464 1891 1626 1922 praegnan-

968 1940 1029 1963 tem
1047 1943 1064 1962 a
1076 1933 1201 1962 Nerone
1213 1931 1303 1961 duxit
1315 1931 1484 1970 Augustus.
1515 1930 1627 1959 Sancta

968 1982 1094 2011 solenne
1111 1979 1272 2021 epitheton
1289 1978 1452 2009 mulierum
1472 1982 1627 2008 castarum

968 2035 1000 2060 et
1015 2030 1190 2070 probarum,
1207 2029 1299 2058 etiam
1316 2027 1346 2057 in
1363 2026 1585 2057 monumentis.

1012 2079 1086 2108 838.
1117 2077 1188 2111 Nec,
1216 2078 1272 2106 nisi
1303 2088 1390 2115 quum
1416 2077 1522 2110 senior,
1547 2075 1625 2115 εἶα]

969 2127 1034 2158 Jul.
1060 2126 1175 2161 Caesar,
1197 2135 1292 2166 quum
1318 2124 1552 2158 interficeretur,
1574 2134 1629 2154 na—

971 2182 1020 2205 tus
1035 2180 1102 2204 erat
1116 2184 1213 2204 annos
1230 2173 1284 2203 56.
1323 2173 1427 2209 Quum
1443 2171 1536 2212 igitur
1557 2171 1590 2201 h.
1604 2172 1628 2201 l.

970 2234 1031 2254 non
1057 2223 1224 2253 admodum
1253 2222 1363 2262 longus
1383 2221 1453 2251 vitae
1479 2220 1630 2251 terminus

971 2271 1166 2312 promittatur
1194 2272 1349 2311 Augusto,
1380 2269 1529 2299 Heinsius
1557 2279 1628 2299 sua-

971 2320 1035 2355 det,
1073 2331 1163 2360 quum
1197 2321 1293 2349 senior
1332 2319 1434 2359 Pylios
1470 2320 1629 2358 ‹fqucwerit

972 2381 1075 2399 untias.
1114 2368 1206 2398 Certe
1238 2368 1340 2408 Pylios
1369 2378 1461 2397 aimus
1487 2367 1630 2407 Augusto

972 2424 1116 2458 precatur
1142 2417 1255 2446 Noster
1275 2415 1368 2446 etiam
1396 2416 1489 2445 Pont.
1506 2415 1550 2444 11.
1566 2415 1631 2445 viii.

972 2468 1023 2496 41.
1038 2471 1068 2496 et
1081 2465 1172 2495 Trist.
1186 2465 1226 2495 V.
1242 2475 1272 2494 v.
1287 2465 1338 2494 62.
1377 2464 1426 2494 Cf.
1446 2463 1573 2493 Martial
1589 2464 1630 2495 iv-

972 2515 1078 2556 Epigr.
1100 2515 1124 2543 l.
1142 2525 1148 2551 ;
1174 2514 1239 2543 viii.
1257 2515 1286 2543 2.
1331 2515 1437 2550 Quum
1452 2513 1544 2542 MSS.
1561 2512 1629 2553 qui—

970 2563 1041 2593 ‹lam
1056 2565 1169 2602 patrios
1180 2563 1355 2603 praeferant,
1365 2560 1496 2591 Lenzius
1506 2560 1628 2595 suadet,

968 2613 1081 2650 patrios
1095 2612 1279 2649 superaverit
1291 2621 1392 2640 annos.

1013 2661 1088 2690 842.
1105 2660 1227 2689 Emelsa
1239 2669 1308 2688 urce
1319 2660 1446 2699 praesero
1456 2668 1493 2688 ex
1506 2658 1629 2688 Thuan.

971 2710 1039 2739 MS,
1053 2709 1099 2749 τῷ
1113 2711 1181 2738 crde.
1230 2708 1349 2738 hcelsa
1370 2719 1418 2737 (ιι-,ι
1440 2712 1485 2737 est
1500 2706 1627 2737 eoelum.
