1779 3130
346 159 965 203 METAMORPHOSEON
1002 158 1120 199 LIB.
1147 158 1237 198 IX.
1427 156 1481 196 71

101 278 330 340 Rejicere
355 275 558 322 Alcides
584 290 613 322 a
637 290 690 322 se
714 289 827 321 mea
848 280 1078 336 pectora:
1119 279 1295 334 quarto

101 354 256 412 Exuit
279 353 556 415 amplexus,
579 351 898 411 adductaque
923 348 1128 395 brachia
1152 348 1324 402 solvit;

101 429 483 492 Impulsumque
510 442 659 474 manu
686 426 900 487 (certum
920 424 1039 470 mihi
1059 439 1174 470 vera
1198 423 1363 483 fateri)

101 505 336 552 Protinus
361 504 552 559 avertit,
573 510 817 564 tergoque
842 517 1079 549 onerosus
1105 500 1318 547 inhaesit.

103 581 157 627 Si
184 598 284 643 qua
307 580 448 634 fides,
472 594 634 640 neque
655 577 787 624 enim
811 578 930 623 ficta
948 576 1068 622 mihi
1094 575 1248 636 gloria
1266 591 1387 622 voce
1424 578 1485 622 55

104 656 367 712 Quaeritur,
396 655 627 718 imposito
652 669 855 716 pressus
881 652 1001 698 mihi
1027 659 1195 698 monte
1220 651 1440 698 videbar.

102 732 200 778 Vix
227 740 393 779 tamen
419 730 589 778 exerui
615 730 794 776 sudore
819 729 1029 776 fluentia
1053 729 1206 774 multo

106 808 349 856 Brachia:
378 808 460 854 vix
486 807 607 854 solvi
632 806 781 853 duros
808 822 838 852 a
861 812 1063 869 pectore
1087 821 1264 851 nexus.

107 885 269 932 Instat
293 884 561 939 anhelanti,
589 883 923 947 prohibetque
948 897 1199 929 resumere
1223 880 1379 935 vires;

108 961 174 1008 Et
197 962 387 1009 cervice
413 976 524 1007 mea
547 959 733 1023 potitur
752 976 761 1006 :
802 966 909 1005 tum
934 958 1152 1021 denique
1175 957 1323 1004 tellus

1428 958 1492 1002 60

107 1037 290 1085 Pressa
314 1054 444 1099 genu
472 1044 639 1083 nostro
665 1042 757 1090 est,
786 1043 836 1083 et
861 1050 1035 1082 arenas
1061 1049 1144 1080 ore
1164 1032 1424 1080 momordi.

169 1113 376 1160 Inferior
399 1112 595 1166 virtute,
622 1127 758 1158 meas
783 1112 1011 1158 devertor
1035 1110 1096 1157 ad
1122 1117 1280 1165 artes;

109 1278 229 1317 laqueis.
273 1276 439 1307 Exuebant
468 1282 573 1307 autern
603 1276 766 1317 amplexus

109 1325 198 1355 dorso
213 1331 352 1355 curvato.
385 1326 538 1360 Adducta,
554 1323 594 1354 ad
609 1335 641 1354 se
656 1331 767 1354 tracta.

108 1374 198 1414 Saepe
221 1375 335 1404 Noster
356 1374 414 1403 hoc
430 1374 523 1404 verbo
544 1373 588 1403 ita
609 1374 718 1408 utitur,
736 1379 768 1403 et

108 1422 265 1453 interdum
288 1422 363 1453 satis
386 1422 546 1463 graphice,
570 1428 604 1452 ut
620 1421 686 1452 viii.
707 1423 768 1459 283

108 1470 236 1501 Heroid.
250 1482 280 1501 x.
299 1472 371 1501 104.
403 1471 508 1506 Solvit,
524 1470 662 1512 expedit.
694 1470 768 1500 Pro-

108 1519 174 1560 prie
196 1521 325 1550 solvitur
343 1529 440 1549 nexus
461 1524 515 1549 aut
535 1519 645 1549 nodus.
690 1519 770 1549 Bur-

110 1578 243 1598 mannus
267 1574 371 1599 monet
386 1567 540 1604 Sohunm,
558 1568 617 1608 Ep.
634 1568 686 1597 24.
702 1567 770 1597 dix-

110 1616 344 1657 isse,z·mplicare
359 1624 387 1646 et
403 1617 550 1656 explicare
561 1627 661 1646 nexus.
677 1618 772 1646 Aver-

112 1667 161 1701 tit,
188 1665 445 1707 comprehensum
475 1675 524 1694 nie
549 1665 594 1695 ita
621 1670 712 1700 rotat,
738 1670 773 1695 ut

114 1719 235 1754 tergum
271 1714 299 1744 ei
330 1714 492 1744 obvertere
518 1723 656 1753 cogerer,
688 1712 771 1754 quod

114 1763 265 1794 Hercules
293 1762 432 1804 protinus
459 1762 568 1796 insilit,
596 1767 628 1792 et
652 1761 696 1792 ita
726 1762 771 1792 in-

113 1811 229 1849 liaeret3
255 1822 324 1852 quae
346 1821 394 1841 ars
414 1812 445 1841 in
467 1812 552 1841 lucta
575 1811 669 1841 fuisse
685 1811 772 1841 vide-

111 1865 170 1890 tur.
194 1860 245 1890 lta
258 1859 478 1901 interpretatur
493 1860 702 1895 Burmannus,
719 1859 772 1900 qui

112 1914 216 1939 tamen
238 1909 416 1944 dubitabat,
431 1919 470 1938 an
489 1919 549 1938 non
565 1910 674 1938 avertit
691 1918 772 1938 nunc

113 1968 237 1999 quoque
252 1964 343 1993 esset,
358 1959 390 1988 in
414 1958 520 1998 fugam
538 1957 638 1993 vertit,
653 1962 687 1987 ut
703 1967 772 1998 pas-

111 2007 170 2037 sim
199 2013 332 2037 avertere
362 2007 465 2036 hostes.
512 2006 630 2036 Verum
653 2005 685 2035 id
713 2017 773 2036 non

112 2055 273 2096 patiuntur
303 2055 479 2096 sequentia.
526 2055 674 2084 onerosus
695 2065 772 2095 prae-

113 2104 197 2134 clare
217 2104 256 2134 de
276 2104 434 2134 Herculea
454 2103 546 2139 mole,
564 2113 659 2144 quam
679 2103 774 2134 sensit

114 2151 181 2194 ipse
198 2153 300 2188 Atlas,
316 2163 405 2183 versu
421 2153 497 2183 273.

158 2203 212 2231 55.
232 2201 339 2231 Gloria
363 2200 394 2230 in
411 2211 447 2231 eo
463 2206 540 2235 erat,
557 2200 640 2241 quod
655 2210 711 2241 par
725 2200 772 2230 fu-

114 2254 182 2279 erat
205 2254 291 2279 tanto
307 2249 391 2279 oneri
414 2249 604 2279 sustinendo.
655 2249 775 2280 Pressas

116 2304 213 2326 monte
236 2297 389 2337 proverbii
411 2296 547 2338 speciem
567 2297 681 2335 habet3
706 2297 774 2328 Cic.

117 2345 242 2376 Senect.
263 2347 297 2376 2.
319 2356 393 2376 onus
416 2347 509 2376 AEtna
530 2347 657 2386 gravius
685 2347 774 2375 susti-

116 2404 197 2424 nere.

160 2443 212 2473 57.
242 2442 355 2472 Suam-a
382 2444 519 2483 fluentia
554 2443 688 2484 poetice,
720 2454 775 2484 pro

118 2490 229 2521 sudore
266 2491 438 2522 defluente.
496 2492 595 2522 Versu
630 2492 774 2532 sequenti

119 2539 267 2570 Heinsius
284 2539 410 2580 vulgato
430 2552 449 2570 a
471 2552 589 2579 corpore
605 2541 705 2582 (quod
721 2541 776 2571 ha-

118 2589 172 2619 bet
202 2589 316 2619 Noster
344 2589 401 2625 B.)
429 2600 446 2619 e
473 2590 656 2620 melioribus
683 2591 776 2620 MSS.

118 2637 302 2677 praeferebat
325 2649 343 2667 a
363 2644 492 2676 pectore,
519 2638 603 2679 quod
625 2638 780 2679 improbat

119 2684 330 2721 Schirachius,
360 2685 435 2726 quia
469 2686 621 2717 Hercules
657 2685 779 2716 inhaesit

835 1281 932 1316 tergo.
960 1276 1060 1313 Sane3
1075 1275 1130 1305 sed
1148 1274 1302 1304 inhaerens
1318 1280 1404 1315 tergo
1416 1274 1495 1306 Her-

835 1325 922 1355 cules
942 1324 985 1354 ita
1002 1324 1163 1365 amplexus
1179 1328 1244 1354 erat
1258 1323 1445 1358 Acheloum,
1461 1327 1497 1353 ut

835 1384 945 1404 manus
960 1378 1160 1403 necterentur
1174 1372 1206 1402 in
1223 1378 1357 1413 pectore.
1383 1371 1496 1412 Itaque

836 1433 893 1462 ego
929 1436 947 1452 a
981 1428 1099 1461 pectore
1135 1420 1344 1451 revocandum
1374 1419 1495 1461 putavi.

840 1471 950 1507 Nea-ns,
974 1481 1071 1511 quum
1096 1470 1263 1500 luctatores
1286 1468 1497 1500 adversarium

836 1520 1032 1550 brachiorum
1045 1519 1126 1549 nodo
1138 1519 1367 1558 constringunt.
1394 1517 1498 1547 Etiam

838 1569 1009 1599 amantium
1037 1568 1200 1609 amplexus
1223 1567 1266 1598 sic
1289 1566 1496 1602 Claudianus,

838 1617 923 1648 xxxi.
944 1618 1016 1647 131.

882 1667 934 1697 59.
947 1667 1117 1701 Resumere,
1130 1674 1312 1706 recuperare
1325 1677 1330 1694 :
1348 1664 1415 1694 viii.
1425 1665 1498 1695 882.

838 1726 952 1745 sumere
970 1717 1064 1751 vires,-
1089 1715 1153 1744 ΙΙΙ.
1169 1724 1206 1743 ex
1223 1714 1314 1744 Pont.
1329 1713 1371 1744 iv.
1383 1714 1434 1744 31.
1449 1725 1499 1744 su-

840 1774 917 1793 mere
946 1765 1074 1804 rigorem
1096 1775 1104 1798 ,·
1135 1763 1290 1797 justinus,
1312 1762 1374 1792 VI.
1400 1761 1443 1793 iv.
1467 1763 1498 1793 l.

840 1822 985 1842 resumere
998 1814 1172 1851 potentiam.

884 1861 936 1891 61.
954 1860 1054 1890 Tellus
1066 1871 1162 1899 pres—a
1173 1870 1253 1900 genn
1270 1859 1338 1899 esu]
1353 1859 1391 1889 Id
1404 1870 1500 1890 unum

840 1910 1026 1950 spectabant
1056 1909 1221 1944 luctantes,
1252 1914 1287 1938 ut
1314 1909 1392 1938 alter
1422 1909 1500 1939 alte-

841 1968 908 1988 rum
939 1957 978 1988 ad
1012 1964 1124 1988 terram
1156 1957 1253 1992 daret,
1284 1957 1367 1998 quod
1397 1956 1500 1988 Graeci

841 2005 936 2047 ῥῆξαι
953 2005 1111 2036 dixerunt.
1152 2006 1292 2036 Mordere
1313 2017 1361 2035 ore
1376 2011 1501 2042 terram,

840 2066 980 2096 gramen,
1013 2066 1140 2086 arenam
1177 2055 1216 2085 de
1254 2055 1441 2085 cadentibus
1469 2055 1502 2085 in

840 2105 946 2146 praelio
982 2110 1013 2135 et
1047 2104 1079 2135 in
1112 2105 1208 2135 lucta.
1260 2104 1310 2133 Ita
1340 2104 1502 2144 Virgilius,

841 2153 971 2184 AEneid.
989 2154 1032 2184 xi.
1051 2155 1124 2183 418.
1141 2154 1260 2183 humum
1275 2154 1365 2183 simul
1382 2164 1430 2183 ore
1443 2165 1502 2184 mo-

840 2204 971 2238 mordit,·
1000 2210 1032 2232 et
1062 2202 1131 2232 aliis
1155 2201 1259 2232 verbis
1289 2202 1449 2238 Horatius,
1475 2202 1503 2233 I.

841 2250 905 2280 Od.
924 2262 974 2280 xv.
990 2252 1042 2281 20.
1058 2253 1153 2281 crines
1167 2252 1291 2290 pulsere
1307 2251 1438 2281 collines.

884 2300 936 2329 6-2.
961 2300 1128 2337 Devert0r3
1148 2300 1242 2339 vulgo
1260 2301 1391 2329 divertor
1406 2310 1422 2328 e
1439 2299 1502 2329 sol-

841 2346 925 2376 lenni
962 2348 1210 2389 permutatione:
1245 2349 1353 2377 diverti
1381 2353 1428 2378 est
1457 2347 1504 2377 di-

841 2406 959 2425 versam
974 2395 1055 2426 viam
1073 2396 1247 2430 instituere,
1260 2398 1373 2425 deverti
1389 2406 1426 2425 ex
1444 2395 1505 2426 alio

842 2443 910 2473 loco
939 2444 969 2474 in
1000 2444 1095 2474 alium
1126 2455 1158 2474 se
1185 2444 1342 2481 conferre3
1373 2444 1497 2474 Ernest.

847 2492 956 2522 Clavis
972 2492 1077 2522 Cicer.
1096 2492 1135 2522 ad
1153 2493 1209 2522 hoc
1226 2493 1368 2522 verbum.
1410 2492 1506 2533 Regii

843 2541 937 2570 nostri
954 2541 1070 2571 habent
1095 2543 1236 2572 divertor.
1268 2542 1352 2572 Meas
1370 2543 1507 2572 devertor

843 2591 882 2619 ad
901 2596 1002 2625 artes;
1028 2590 1173 2629 confugio
1197 2601 1215 2620 a
1234 2589 1415 2621 fortitudine
1435 2601 1506 2621 mea

845 2638 884 2668 ad
911 2639 1211 2674 transformationes,
1239 2639 1352 2680 quibus
1378 2639 1423 2669 uti
1448 2650 1505 2680 ego

845 2687 949 2725 soleo;
966 2687 1036 2718 Art.
1055 2687 1161 2719 Amat.
1177 2688 1211 2719 ii.
1228 2690 1302 2719 425.
1316 2690 1451 2718 devertor
1465 2690 1505 2718 ad
