1779 3130
361 167 985 210 METAMORPHOSEON
1020 170 1138 211 LIB.
1169 170 1278 212 XV.
1424 173 1508 212 465

117 278 316 326 Cornua
339 280 500 327 fronte
526 283 666 342 gerit,
695 298 844 344 quem
870 284 1007 331 vobis
1034 285 1220 332 indicat
1244 302 1414 346 augur,

118 355 171 401 Si
201 355 412 402 Romam
438 357 646 412 intrarit,
674 358 931 405 famularia
949 361 1064 422 jura
1089 362 1334 408 daturum.

115 431 207 478 Ille
233 432 437 494 quidem
463 435 622 495 potuit
647 443 813 497 portas
840 436 1109 500 irrumpere
1135 446 1357 500 apertas:

117 507 218 554 Sed
245 524 341 555 non
365 509 665 565 obstitimuS,
694 513 918 572 quamvis
944 514 1253 575 conjunctior
1278 515 1359 560 illo
1410 517 1504 560 599

117 583 278 631 Nemo
304 585 422 631 mihi
449 594 552 632 est:
580 603 664 632 vos
693 587 829 635 Urbe
854 589 1011 634 virum
1038 590 1312 651 prohibete,
1342 590 1504 643 Quiri-

116 659 225 717 Vel,
255 661 294 707 si
320 662 500 723 dignus
527 663 634 718 erit,
663 664 893 724 gravibus
917 665 1099 711 vincite
1124 667 1339 719 catenis;
1388 667 1502 726 [tes‚

116 736 219 784 Aut
242 737 379 784 finite
405 745 593 785 metum
618 739 778 785 fatalis
804 747 961 787 morte
988 741 1237 803 tyranni.''

114 813 295 868 Qualia
320 815 602 870 succinctis,
631 815 714 861 ubi
741 822 854 862 trux
880 816 1101 863 insibilat
1126 816 1303 871 Eurus,

115 889 375 936 Murmura
399 890 579 953 pinetis
605 891 756 948 fiunt3
799 898 884 938 aut
909 892 1077 953 qualia
1100 892 1282 939 fluctus

113 966 350 1029 AEquorei
376 967 580 1022 faciunt,
608 968 648 1014 si
675 968 786 1030 quis
813 969 984 1031 procul
1011 969 1179 1016 audiat
1205 970 1341 1026 illos;
1407 973 1501 1017 605

110 1042 233 1090 Tale
259 1051 401 1090 sonat
425 1044 667 1108 populus:
709 1046 797 1092 sed
822 1061 910 1108 per
934 1045 1141 1093 confusa
1165 1046 1418 1093 frementis

112 1119 280 1167 Verba
305 1129 472 1168 tamen
497 1121 631 1182 vulgi
657 1138 752 1168 vox
778 1122 962 1168 eminet
990 1138 1100 1177 una,
1131 1128 1161 1145 “
1184 1122 1308 1177 Quis
1334 1124 1416 1171 ille
1434 1123 1483 1170 ?''

114 1196 180 1244 Et
204 1204 432 1260 spectant
455 1197 657 1253 frontes,
679 1198 1019 1261 praedictaque
1045 1215 1231 1246 cornua
1256 1207 1502 1262 quaerunt.

116 1273 308 1320 Rursus
342 1274 404 1320 ad
437 1274 526 1320 hos
560 1274 746 1337 Cipus3
791 1281 821 1299 ‘⁶
846 1275 1007 1329 Quem
1041 1277 1295 1338 poscitis,'’
1323 1278 1500 1340 inquit,

315 1356 345 1374 “
368 1350 613 1407 habetis,''
1406 1358 1502 1400 609

113 1427 194 1483 Et,
220 1428 425 1490 dempta
450 1428 616 1491 capiti,
644 1430 829 1492 populo
855 1431 1164 1493 prohibente,
1193 1446 1388 1484 corona,

113 1503 356 1551 Exhibuit
380 1504 578 1566 gemino
603 1505 867 1568 praesignia
890 1514 1116 1569 tempora
1141 1522 1309 1553 cornu.

112 1580 371 1628 Demisere
397 1581 568 1627 oculos
593 1597 781 1637 omnes,
810 1583 1152 1645 gemitumque
1177 1583 1378 1638 dedere,

108 1657 277 1720 Atque
302 1657 422 1703 illud
449 1658 637 1704 meritis
661 1658 848 1705 clarum
875 1659 1010 1722 (quis
1036 1660 1237 1706 credere
1265 1659 1420 1721 possit
1437 1660 1478 1718 2²)

111 1733 258 1781 Inviti
283 1735 449 1781 videre
474 1741 653 1797 caput:
695 1751 785 1781 nec
812 1736 996 1783 honore
1023 1751 1191 1782 carere

111 1811 336 1858 Ulterius
362 1812 512 1874 passi,
540 1811 717 1858 festam
743 1811 1023 1875 imposuere
1048 1827 1298 1858 coronam.
1404 1814 1499 1856 615

110 1887 177 1934 At
201 1903 449 1951 proceres,
478 1887 715 1950 quoniam
742 1903 906 1934 muros
932 1887 1115 1935 intrare
1140 1887 1338 1941 vereris,

111 1963 261 2010 Ruris
288 1963 512 2010 honorati
539 1969 732 2010 tantum
757 1963 864 2019 tibi,
895 1964 1039 2027 Cipe,
1067 1964 1266 2019 dedere,

108 2041 363 2095 Quantum
388 2041 627 2103 depresso
651 2040 892 2101 subjectis
918 2040 1081 2087 bubus
1107 2047 1267 2087 aratro

109 2116 391 2180 Complecti
418 2132 590 2180 posses
617 2117 678 2163 ad
706 2117 854 2163 finem
882 2117 999 2164 solis
1026 2118 1087 2164 ab
1113 2124 1250 2163 ortu:

109 2194 412 2256 Cornuaque
437 2192 616 2248 aeratis,
644 2192 816 2239 miram
842 2193 1103 2241 referentia
1127 2192 1350 2247 formam,
1403 2194 1497 2238 620

149 2315 225 2345 603.
243 2314 436 2354 succinctis]
465 2314 555 2344 Unus
571 2313 661 2344 Leid.
675 2313 771 2344 habet
839 2319 951 2352 nempe
966 2306 1153 2339 clamoribus
1170 2306 1245 2342 suis,
1264 2305 1360 2337 invito
1376 2306 1502 2347 populo.

110 2363 250 2398 Peliacis,
280 2363 441 2402 eleganter
473 2362 581 2403 judice
613 2362 768 2399 Heinsi03
839 2359 977 2390 Nolebat
1000 2356 1132 2398 populus
1155 2362 1218 2386 tam
1243 2354 1361 2385 clarum
1385 2355 1501 2385 meritis

107 2412 161 2442 sed
186 2422 242 2442 nec
260 2412 420 2452 vulgatum
440 2411 581 2441 damnat.
629 2412 679 2441 De
699 2421 769 2441 suc·
838 2412 933 2448 caput
955 2415 1066 2435 corona
1089 2403 1214 2445 privari.
1261 2403 1372 2444 Itaque
1396 2413 1500 2433 rursus

108 2460 218 2491 cinctis
234 2460 305 2491 vide
321 2459 360 2490 ad
377 2471 409 2490 x.
431 2461 499 2490 103.
838 2455 865 2486 ei
894 2457 1047 2493 imponunt
1064 2453 1179 2493 sestam
1207 2463 1354 2482 coronam.
1400 2452 1499 2481 Plane

151 2510 224 2539 610.
243 2510 358 2548 Populo
371 2508 567 2549 prohibente]
594 2508 655 2538 Hic
671 2507 768 2537 haese-
837 2504 880 2534 sic
896 2514 924 2532 se
938 2503 1108 2542 prohibente
1124 2500 1236 2541 legitur
1251 2511 1279 2530 v.
1297 2502 1350 2530 45.
1388 2500 1501 2554 Populi

108 2563 178 2589 runt
193 2557 393 2599 interpretes:
418 2568 514 2598 quum
530 2557 562 2587 in
578 2557 670 2586 MSS.
684 2556 769 2586 nulla
841 2562 950 2582 sensus
976 2561 1046 2581 mox
1072 2551 1151 2580 bene
1179 2559 1352 2590 expressus,
1377 2548 1431 2578 sed
1455 2559 1501 2578 in-

109 2606 149 2637 sit
159 2607 303 2642 varietas,
316 2608 514 2637 Burmannus
524 2605 651 2646 conjicit
662 2606 770 2644 populu
839 2609 909 2642 epte
926 2599 1083 2634 additum,
1100 2600 1165 2638 quis
1180 2599 1297 2628 credere
1312 2599 1398 2636 possit
1411 2599 1422 2626 ?
1453 2644 1458 2649 .

110 2659 251 2691 mirante,
266 2662 426 2694 spectante,
446 2655 494 2685 vel
509 2654 609 2684 simile
625 2653 743 2694 aliquid
762 2664 768 2689 3
883 2650 956 2679 620.
968 2647 1286 2686 [Eratis—J).tstil1us.]
1308 2646 1389 2676 Ante
1402 2645 1497 2675 Hein-

109 2705 208 2735 male:
224 2706 396 2743 prohibente
406 2710 449 2734 cst
463 2703 622 2744 prohibere
637 2703 770 2736 volente,
839 2698 916 2728 sium
945 2697 1097 2727 edebatur
1120 2697 1247 2730 auratis,
1273 2694 1357 2735 quod
1383 2694 1497 2724 liabent

154 2754 253 2783 YOL.
280 2754 322 2783 lv
332 2776 338 2783 .
968 2748 986 2775 <3
1003 2746 1029 2774 0
