1779 3130
370 178 990 221 METAMORPHOSEON
1023 181 1142 222 LIB.
1178 182 1311 223 VIII.
1485 186 1542 225 47

153 294 514 355 Submissoque
540 294 749 340 humiles
777 294 1020 340 intrArunt
1043 296 1228 342 vertice
1254 304 1440 359 posteS,

150 368 380 416 Membra
401 385 555 416 senex
580 369 742 431 posito
761 369 914 430 jussit
939 370 1153 417 relevare
1180 372 1350 429 sedili3

149 444 261 498 Quo
287 444 609 507 superinjecit
634 451 827 490 textum
852 445 972 491 rude
998 446 1171 493 sedula
1198 447 1398 495 Baucis.
1443 452 1540 496 640

153 520 279 567 Inde
305 521 413 567 foco
440 521 664 583 tepidum
690 520 906 567 cinerem
932 521 1153 576 dimovit,
1182 530 1232 569 et
1258 525 1395 585 ignes

154 597 375 643 Suscitat
399 598 685 653 hesternos;
726 597 957 660 foliisque
983 606 1033 644 et
1057 599 1239 645 cortice
1266 601 1397 647 sicco

152 673 350 729 Nutrit;
391 681 441 720 et
466 675 528 720 ad
554 674 779 720 flammas
806 675 969 720 anima
993 675 1221 737 producit
1246 677 1390 733 anili;

151 748 533 812 Multifidasque
552 749 704 804 faces,
732 749 1037 811 ramaliaque
1063 751 1199 796 arida
1223 758 1356 798 tecto

152 826 362 882 Detulit,
386 834 437 873 et
461 827 653 881 minuit,
683 843 933 890 parvoque
959 827 1176 873 admovit
1201 828 1387 884 aheno3

151 902 399 965 Quodque
425 919 544 949 suus
570 904 753 966 conjux
779 903 919 965 riguo
944 904 1214 965 collegerat
1237 905 1394 960 horto,

151 979 370 1026 Truncat
395 980 503 1026 olus
530 980 658 1026 foliis
679 997 688 1027 :
728 980 867 1027 furca
891 981 1022 1027 levat
1047 980 1127 1026 ille
1152 980 1342 1027 bicorni

1446 984 1540 1028 647

155 1056 367 1102 Sordida
390 1063 530 1117 terga
554 1056 673 1110 suis,
702 1055 840 1117 nigro
866 1056 1136 1119 pendentia
1160 1057 1296 1118 tigno
1315 1075 1326 1113 3

155 1132 463 1194 Servatoque
488 1132 571 1179 diu
598 1140 792 1179 resecat
816 1133 878 1179 de
904 1140 1098 1195 tergore
1123 1139 1315 1195 partem

154 1207 429 1271 Exiguam3
461 1217 751 1272 sectamque
779 1210 949 1256 domat
972 1209 1274 1256 ferventibus
1294 1209 1458 1255 undis.

161 1285 361 1333 Interea
384 1286 575 1333 medias
595 1286 771 1332 fallunt
790 1286 1099 1333 sermonibus
1124 1285 1269 1331 horas
1289 1303 1298 1341 ;

1447 1288 1536 1331 651

158 1362 443 1424 Sentirique
468 1378 655 1410 moram
680 1362 970 1425 prohibent:
1012 1367 1117 1409 erat
1141 1361 1308 1407 alveus
1335 1361 1433 1407 illic

157 1443 420 1506 Fagineus,
449 1460 597 1491 curva
621 1445 760 1490 clavo
787 1459 1059 1507 suspensus
1086 1443 1148 1489 ab
1174 1458 1321 1498 ansa3

159 1519 211 1566 Is
236 1520 418 1584 tepidis
445 1520 679 1583 impletur
703 1520 874 1582 aquis;
916 1526 1153 1580 artusque
1178 1517 1413 1564 fovendos

155 1596 382 1661 Accipit:
422 1596 472 1642 in
498 1595 661 1644 medio
687 1603 823 1642 torus
850 1602 928 1642 est
948 1595 1010 1642 de
1029 1594 1261 1641 mollibus
1287 1594 1410 1640 ulvis
1447 1597 1543 1642 655

158 1735 220 1773 lat)
244 1735 451 1766 referendum.
492 1734 579 1765 Tecto
599 1735 721 1764 detulit.
744 1734 818 1765 Cal-

155 1784 321 1820 limachus,
338 1784 505 1825 fragment.
535 1784 614 1814 Hec.
633 1783 819 1814 παλαίθετα

159 1834 243 1864 κᾶλα
259 1832 401 1875 καθῄρει,
414 1839 529 1863 vetusta
547 1834 631 1874 ligna
647 1835 790 1863 detraxit.

199 1883 273 1913 647.
289 1882 424 1912 Truncat
440 1882 610 1923 nlitsfoliis,
627 1882 699 1912 folia
713 1882 821 1912 decer-

156 1931 203 1972 pit
220 1931 307 1961 oleri.
349 1930 523 1971 Sequentia
547 1931 627 1960 bene
653 1930 821 1960 illustravit

156 1979 316 2010 Heinsius.
357 1978 555 2009 Describitur
566 1978 753 2014 carnarium,
767 1978 820 2008 ubi

157 2038 265 2058 carnes
280 2027 434 2058 siccandae
447 2027 740 2068 suspendebantur:
755 2033 821 2057 erat

158 2077 226 2107 foco
251 2077 438 2118 proximum,
458 2076 598 2117 adeoque
622 2077 706 2106 fumo
726 2086 820 2117 expo-

157 2125 249 2155 situm
268 2137 275 2161 ;
301 2124 373 2154 inde
390 2134 498 2154 carnes
514 2123 615 2164 furca
638 2123 820 2153 defereban-

157 2179 218 2204 tur.
255 2174 439 2204 Conferatur
457 2172 622 2204 Petronius
637 2173 738 2212 Satyr.
750 2183 820 2214 cap.

161 2223 233 2252 135.
291 2222 431 2256 Sordida,
465 2221 605 2250 fumosa:
645 2220 749 2256 Silius,
779 2221 820 2251 vi.

160 2272 234 2301 320.
258 2272 408 2300 sordentia
422 2270 514 2310 sumo
530 2270 640 2311 frevw.
677 2270 819 2300 Illustra-

158 2319 233 2350 tioni
260 2319 432 2349 inserviunt
455 2319 549 2348 etiam
575 2318 644 2348 loca
662 2318 740 2349 haec.
761 2320 819 2349 Ju-

159 2379 231 2398 ven.
257 2368 301 2398 xi.
332 2369 396 2397 82:
436 2367 514 2397 Sicci
542 2373 627 2407 terga
661 2368 721 2397 suis
748 2378 820 2397 rara

158 2419 322 2456 pendentia
338 2422 443 2452 crace3
464 2415 638 2450 Petronius,
655 2426 725 2457 cap.
738 2417 797 2446 136
812 2428 818 2445 :

161 2466 314 2496 Proelerea
338 2476 400 2505 quae
416 2465 536 2506 fumoso
561 2475 699 2504 suspensa
723 2466 822 2506 tigillo

163 2515 360 2545 Conservabat
376 2525 441 2553 opes
456 2515 578 2544 humilis
595 2525 676 2544 casa.

202 2565 277 2594 651.
297 2564 413 2593 Medias
438 2564 534 2597 horas,
550 2573 619 2603 quae
640 2562 820 2597 effluebant,

160 2613 234 2644 dum
258 2612 384 2654 epulum
414 2612 593 2653 parabatur,
620 2617 655 2642 ut
683 2611 715 2641 in
743 2611 821 2641 libro

161 2662 204 2692 iv.
223 2663 291 2692 167.
316 2663 446 2691 medium
470 2668 594 2700 tempus.
637 2661 704 2690 Has
729 2660 821 2690 horas

153 2709 277 2749 fallunt
294 2710 393 2741 seduli
409 2709 544 2751 hospites
559 2710 747 2743 sermonibus,
758 2719 818 2739 ser-

885 1744 992 1764 mones
1012 1737 1115 1773 gratos
1138 1731 1305 1763 instituunt
1323 1743 1394 1762 cum
1409 1733 1491 1769 Diis,
1508 1743 1546 1764 ne

885 1788 1025 1823 tempora
1053 1782 1146 1822 longa
1180 1779 1216 1810 iis
1245 1780 1422 1811 videantur.
1473 1782 1546 1812 Non

886 1836 964 1867 erat,
980 1841 1036 1861 cur
1050 1831 1200 1860 Burman.
1215 1829 1371 1865 suaderet,
1388 1832 1502 1860 mediis.

932 1881 1005 1910 652.
1036 1880 1155 1914 Aloeus,
1185 1879 1318 1914 labrum,
1341 1879 1449 1909 solium
1480 1879 1546 1909 bal-

888 1938 992 1958 neare.
1038 1929 1083 1957 Ab
1104 1939 1188 1962 ansa,
1210 1938 1267 1968 ope
1293 1937 1386 1957 ansae.
1432 1929 1476 1957 Ab
1497 1928 1546 1957 in·

889 1981 1094 2008 strumentum
1120 1976 1250 2011 indicat,
1275 1986 1337 2017 quo
1361 1975 1480 2017 aliquid
1503 1977 1548 2007 fit.

891 2026 1042 2056 Fovendos
1058 2025 1167 2055 melius
1180 2030 1255 2065 puto
1266 2035 1360 2065 quam
1377 2024 1547 2063 lavand0s3

889 2074 1034 2116 exprimit
1063 2073 1146 2104 enim
1171 2080 1292 2113 gratum
1323 2079 1469 2114 teporem,
1486 2085 1547 2114 quo

888 2123 984 2165 pedes
1001 2134 1038 2153 ex
1055 2122 1164 2152 itinere
1180 2122 1250 2152 fessi
1267 2121 1458 2153 reficiuntur.

932 2174 1007 2204 655.
1039 2174 1180 2211 slecipit3
1217 2171 1324 2202 Codex
1361 2171 1480 2212 Regius
1507 2172 1548 2201 A.

887 2223 1021 2260 suscipit.
1075 2221 1149 2251 Non
1176 2219 1261 2250 videt
1296 2219 1443 2249 Heinsius
1470 2230 1547 2260 quo-

888 2270 978 2301 modo
1010 2277 1090 2300 torus
1118 2271 1151 2299 in
1181 2270 1276 2299 medio
1305 2279 1371 2298 esse
1400 2268 1545 2309 potuerit,

888 2319 941 2360 qui
971 2319 1057 2350 locus
1085 2328 1200 2349 mensae
1229 2318 1320 2348 suerit
1343 2317 1476 2347 dandus.
1520 2318 1547 2347 E

888 2368 1011 2398 duobus
1045 2367 1139 2408 igitur
1166 2366 1316 2402 versibus,
1343 2376 1418 2406 quos
1453 2366 1546 2396 MSS.

889 2417 1030 2448 nonnulli
1064 2416 1181 2447 habent
1207 2415 1295 2455 (vide
1324 2415 1417 2445 finem
1445 2414 1545 2454 notae)

889 2466 965 2496 facit
979 2476 1074 2496 unum
1091 2465 1186 2499 hunc,
1203 2465 1333 2503 Accipit.
1358 2464 1435 2493 Inde
1451 2470 1548 2494 torum

889 2521 1029 2545 sternunt
1054 2516 1089 2544 de
1110 2514 1247 2543 mollibus
1273 2514 1351 2542 'ulvis
1374 2512 1548 2551 Impositum

889 2564 972 2598 lecto,
988 2569 1049 2593 etc.
1096 2562 1139 2591 At
1158 2564 1189 2591 in
1208 2563 1300 2591 medio
1318 2572 1374 2591 esse
1394 2560 1451 2591 hoc
1467 2560 1546 2596 loco,

888 2617 923 2642 ut
946 2621 1040 2652 saepe,
1065 2609 1142 2640 nihil
1170 2609 1254 2640 aliud
1283 2608 1449 2650 significat,
1477 2609 1546 2645 nisi,

888 2659 1008 2690 adesse.
1053 2658 1168 2694 Etiam,
1186 2659 1228 2689 xi.
1244 2659 1317 2688 610.
1331 2659 1372 2688 At
1394 2659 1486 2687 medio
1502 2664 1544 2687 to-

891 2720 939 2737 rus
966 2715 1018 2738 est.
1068 2707 1148 2738 Vide
1178 2714 1208 2738 et
1240 2707 1278 2737 ad
1310 2706 1456 2741 Plinium,
1484 2706 1544 2736 lIl.
