1779 3130
242 165 327 207 394

636 162 684 201 Ρ.
718 160 929 200 OVIDII
963 160 1242 202 NASONIS

250 278 461 324 Currere
487 274 708 330 miratus,
736 290 925 337 pennas
951 275 1000 320 in
1025 290 1229 337 corpore
1254 274 1402 330 vidit3

252 354 420 414 Seque
444 367 622 397 novam
648 351 812 398 subito
840 350 992 397 Latiis
1019 352 1258 398 accedere
1283 351 1415 398 silvis

1535 353 1632 396 390

250 429 546 490 Indignatus
572 445 728 483 avem,
756 428 878 475 duro
902 428 1005 475 fera
1030 429 1204 474 robora
1228 433 1384 473 rostro

252 506 397 567 Figit,
426 512 476 552 et
500 506 652 552 iratus
678 506 836 566 longis
862 506 949 551 dat
970 506 1175 551 vulnera
1203 504 1367 550 ramis.

251 582 567 644 Purpureum
593 582 871 645 chlamydis
897 598 1074 645 pennae
1098 589 1292 627 traxere
1319 580 1559 626 colorem:

254 658 430 704 Fibula
449 659 583 719 quod
600 658 773 714 fuerat,
790 666 1084 720 vestemque
1102 656 1432 702 momorderat
1446 671 1634 709 aurum,

254 734 435 781 Pluma
457 735 539 791 fit3
583 743 631 781 et
654 735 786 781 fulvo
812 735 979 782 cervix
1004 732 1320 797 praecingitur
1346 747 1490 787 auro;
1541 733 1637 777 395

256 811 365 859 Nec
391 812 667 875 quidquam
693 812 883 875 antiqui
909 812 1047 867 Pico,
1075 811 1169 857 nisi
1192 810 1407 864 nomina,
1434 815 1602 856 restat.

323 888 522 935 Interea
545 889 753 935 comites
778 889 991 935 clamato
1017 903 1149 950 saepe
1173 902 1260 950 per
1285 902 1427 948 agros

258 964 305 1011 N
311 966 612 1027 equiequam
638 964 777 1021 Pico,
805 965 1041 1027 nullaque
1066 964 1115 1009 in
1140 970 1279 1026 parte
1303 969 1517 1025 reperto,

258 1040 524 1088 Inveniunt
551 1041 758 1097 Circen3
799 1058 913 1088 nam
932 1043 1036 1104 jam
1060 1046 1350 1087 tenuaverat
1374 1054 1533 1093 auras,

259 1117 519 1180 Passaque
547 1125 650 1164 erat
674 1118 879 1164 nebulas
900 1117 1059 1164 ventis
1086 1132 1141 1163 ac
1171 1115 1287 1161 Sole
1313 1114 1516 1171 resolvi3
1545 1116 1643 1160 400

262 1194 667 1257 Criminibusque
703 1201 936 1257 premunt
970 1193 1124 1248 veris3
1170 1207 1440 1253 regemque
1476 1205 1643 1253 repos-

460 1277 582 1317 cunt
599 1289 608 1326 ;

262 1346 478 1409 Vimque
502 1346 694 1404 ferunt3
736 1346 979 1408 saevisque
1004 1352 1182 1408 parant
1204 1345 1451 1391 incessere
1476 1343 1605 1390 telis.

262 1422 357 1469 Illa
381 1439 564 1470 nocens
591 1424 780 1486 spargit
802 1422 950 1476 virus,
979 1437 1256 1484 succosque
1280 1421 1484 1467 veneni:

264 1498 329 1545 Et
356 1499 584 1556 Noctem,
614 1499 893 1562 Noctisque
920 1499 1056 1545 Deos
1083 1497 1348 1560 Ereboque
1375 1497 1619 1559 Chaoque

215 1683 219 1685 ·
263 1669 336 1700 hinc
361 1677 458 1711 poetae
481 1670 554 1701 licet
579 1671 683 1702 dicere
706 1673 797 1702 sili-is.
844 1672 921 1701 Mox

263 1727 346 1750 recte
365 1721 544 1751 Burmanno
563 1720 771 1762 displicebant
780 1721 855 1762 fera
878 1731 920 1749 ro-

267 1769 356 1805 bora;
383 1779 453 1799 nam
478 1770 619 1810 quamvis
642 1769 728 1800 silvae
752 1775 783 1800 et
805 1774 923 1799 montes

266 1817 420 1848 interdum
445 1818 513 1859 feri
543 1817 697 1854 dicantur,
728 1829 787 1848 uon
821 1824 924 1848 tamen

268 1873 406 1907 apparet,
431 1877 485 1897 cur
517 1867 574 1897 hoc
604 1867 671 1897 loco
700 1873 791 1908 poeta
822 1868 923 1896 robora

267 1915 374 1945 eodem
395 1915 532 1956 epitheto
551 1915 754 1956 insigniverit.
800 1916 862 1952 Qui
881 1915 923 1945 nil

269 1964 394 1994 molitur
410 1965 524 2005 inepte,
541 1964 566 1994 is
583 1965 677 1994 etiam
693 1964 725 1994 in
743 1964 858 1995 talibus
879 1964 924 1994 di-

269 2013 369 2054 ligens
388 2020 446 2043 est.
492 2013 552 2043 Sed
569 2023 624 2043 nec
643 2013 763 2043 Heiusii
779 2013 925 2043 emenda-

268 2062 311 2092 tio
338 2062 452 2103 placet,
481 2064 556 2090 (Iuro
583 2062 658 2102 fera
698 2063 796 2091 robore
832 2068 926 2091 rostra

272 2110 388 2151 Fregit.
413 2111 551 2140 Durities
577 2110 662 2140 rostri
682 2110 742 2151 pici
767 2117 840 2141 nota
861 2116 923 2141 est:

271 2159 414 2189 acumine
438 2158 504 2199 ejus
527 2164 658 2188 cuneato
683 2158 830 2189 foramina
854 2159 929 2188 facit

271 2207 302 2236 in
320 2206 489 2241 arboribus,
501 2212 535 2236 ut
547 2207 595 2236 vel
611 2206 728 2237 insecta
743 2207 800 2236 sub
815 2207 928 2237 cortice

272 2256 403 2286 latentia
427 2255 595 2297 protrahat,
617 2256 666 2285 vel
691 2256 799 2285 nidum
821 2262 929 2286 struat.

273 2305 365 2334 Hauc
391 2314 513 2344 quoque
537 2304 603 2344 ejus
627 2310 768 2334 naturam
790 2315 805 2334 e
821 2304 929 2334 fabula

272 2359 363 2394 poeta
390 2352 512 2394 repetit.
568 2354 664 2383 Plura
693 2359 764 2383 sunt
792 2353 930 2394 picorum

273 2412 387 2442 genera
400 2414 408 2439 ;
423 2401 477 2432 sed
493 2401 613 2431 nullum
629 2412 680 2431 eos
696 2402 813 2431 colores
828 2401 930 2437 refert,

275 2461 351 2491 quos
375 2450 424 2481 hic
447 2456 677 2480 commemorat.
722 2451 836 2480 Pennae
859 2449 929 2490 plu-

274 2499 359 2529 rimae
376 2500 470 2539 nigrae
489 2504 579 2536 sunt;
603 2498 661 2528 nisi
677 2498 759 2539 quod
779 2499 810 2528 in
831 2499 931 2539 capite

275 2548 431 2579 cerviceve
455 2548 535 2589 pileo
558 2548 706 2578 coccineo
729 2554 782 2578 aut
806 2547 929 2578 macula

276 2597 367 2627 rubra
381 2597 535 2627 distinctae
552 2603 633 2626 sunt.
679 2596 773 2627 Picus
788 2597 884 2637 major
898 2596 929 2626 in

275 2645 368 2675 Italia
392 2645 533 2686 frequens
556 2646 649 2675 etiam
671 2646 728 2675 sub
749 2645 851 2675 cauda
874 2645 929 2675 ali-

279 2693 354 2734 quid
372 2693 488 2724 ruboris
509 2694 611 2724 habet.
657 2694 768 2734 Itaque
784 2694 930 2724 Nostrum

991 1669 1099 1699 lusisse
1116 1676 1215 1710 putes,
1231 1677 1327 1708 quum
1344 1666 1438 1697 etiam
1455 1665 1543 1706 nigra
1557 1665 1649 1696 inter·

991 1718 1064 1748 dum
1079 1728 1234 1756 purpurea
1257 1715 1412 1749 dicamur,
1427 1722 1460 1745 ut
1477 1726 1557 1744 mure
1574 1726 1650 1754 pur-

989 1778 1126 1807 pureum,
1141 1767 1203 1802 ἱὶλς
1218 1765 1459 1806 πορφυρόεσσα.
1489 1765 1562 1794 Jam
1577 1764 1651 1794 ordo

993 1816 1165 1851 verborum,
1185 1816 1316 1849 Aurum,
1332 1814 1513 1853 quodfibula
1525 1812 1649 1854 fuerat,

991 1872 1019 1894 et
1046 1871 1152 1894 vestem
1181 1865 1388 1893 momorderat.
1439 1862 1489 1892 De
1519 1863 1650 1892 mordere

992 1914 1061 1944 vide
1088 1913 1127 1943 ad
1152 1912 1214 1942 viii.
1234 1914 1317 1950 3183
1342 1911 1380 1941 de
1402 1914 1587 1952 praecingere
1611 1911 1650 1942 ad

992 1963 1011 1993 i.
1028 1963 1101 1993 699.

1036 2012 1109 2041 397.
1136 2011 1253 2040 Interea
1271 2009 1486 2048 comites,etc.]
1514 2008 1650 2038 Mutatio

994 2060 1140 2090 comitum
1176 2066 1207 2090 et
1238 2058 1391 2100 conjugis.
1453 2058 1651 2092 Tenuaverat,

994 2109 1119 2139 remotis
1135 2109 1237 2138 densis
1252 2108 1402 2138 nubibus:
1421 2106 1491 2136 vide
1505 2116 1567 2137 ver.
1579 2107 1652 2137 369.

997 2158 1124 2193 Resolri,
1155 2156 1311 2198 dissipari.
1360 2155 1543 2196 Elegantius
1571 2155 1650 2186 Bur-

996 2217 1110 2236 manno
1126 2205 1291 2236 videbatur
1303 2206 1430 2239 recludi,
1441 2203 1525 2244 quod
1537 2203 1653 2233 habent

996 2266 1105 2285 novem
1122 2255 1213 2285 MSS.
1246 2253 1401 2293 Equidem
1417 2258 1522 2294 putem
1539 2254 1653 2282 recludi

997 2305 1111 2334 rectius
1121 2303 1181 2333 dici
1193 2303 1309 2334 coelum
1325 2303 1458 2333 nubibus
1473 2301 1654 2332 obductum,

1002 2353 1180 2382 Criminibus
1193 2359 1346 2391 premunt,
1364 2356 1474 2391 urgent
1489 2349 1654 2380 criminan-

998 2401 1048 2431 do.
1088 2402 1226 2431 Premere
1249 2400 1292 2430 sic
1317 2400 1457 2431 absolute
1481 2399 1564 2439 apud
1587 2397 1656 2428 Cic.

999 2449 1074 2479 Div.
1091 2449 1122 2478 ii.
1139 2450 1191 2478 20.

1042 2499 1116 2528 404.
1140 2498 1320 2528 Lectionem
1347 2498 1496 2536 Ereboque
1521 2496 1656 2535 Chaoque

996 2553 1097 2576 tuetur
1126 2546 1221 2576 etiam
1250 2546 1438 2581 Priscianus,
1463 2545 1502 2574 vi.
1526 2556 1557 2586 p.
1583 2545 1655 2574 720.

997 2596 1048 2635 qui
1072 2594 1208 2636 exponit,
1228 2596 1266 2625 ab
1286 2596 1386 2625 Erebo
1409 2599 1440 2625 et
1463 2604 1482 2624 a
1501 2594 1601 2624 Chao.
1627 2593 1654 2623 Ε

998 2645 1085 2675 Chao
1110 2645 1228 2674 Erebus
1257 2651 1288 2674 et
1312 2645 1382 2674 Nox
1413 2643 1495 2680 nati;
1526 2641 1654 2672 Hesiod.

997 2693 1113 2733 Theog.
1133 2694 1203 2723 123.
1238 2693 1330 2722 Erebi
1346 2697 1377 2722 et
1392 2692 1502 2722 Noctis
1519 2690 1582 2720 nati
1599 2700 1652 2720 no—
