1779 3130
369 146 989 189 METAMORPHOSEON
1024 146 1141 189 LIB.
1175 148 1309 189 VIII.
1480 151 1535 191 17

149 262 249 309 Ore
275 262 532 318 renidenti,
560 262 706 308 modo
731 277 856 323 quas
881 277 1005 323 vaga
1029 270 1249 310 moverat
1273 280 1406 318 aura,

148 340 398 403 Captabat
421 341 613 403 plumas
636 357 645 394 ;
687 339 863 385 flavam
889 340 1035 385 modo
1060 339 1238 402 pollice
1264 357 1429 387 ceram

144 416 392 472 Mollibat,
416 417 628 479 lusuque
655 432 742 462 suo
768 416 990 462 mirabile
1017 417 1170 478 patris

1438 420 1527 466 199

142 493 457 557 Impediebat
478 510 631 557 opus:
660 499 926 556 postquam
952 509 1126 539 manns
1152 493 1325 540 ultima
1349 493 1526 557 coeptis

141 570 385 634 Imposita
408 578 499 626 est,
526 569 747 632 geminas
773 568 941 631 opifex
967 569 1162 615 libravit
1186 569 1235 615 in
1261 570 1363 616 alas

141 647 258 710 Ipse
281 664 423 694 suum
449 662 655 709 corpus3
698 652 933 707 motaque
960 646 1199 709 pependit
1224 646 1272 692 in
1299 662 1432 693 aura.

141 723 346 770 Instruit
371 731 419 770 et
444 730 641 777 natu1n3
673 728 702 745 ‘⁴
731 721 1003 785 Medioque
1032 730 1084 769 ut
1108 722 1264 769 limite
1291 739 1476 778 curras,

137 801 327 856 Icare‚''
352 800 435 856 ait,
465 806 494 823 “
517 816 723 855 moneo;
766 815 842 853 ne,
871 799 911 845 si
937 799 1197 846 demissior
1222 800 1331 846 ibis.

137 877 286 924 Unda
309 883 478 938 gravet
502 892 716 939 pennas3
754 876 793 921 si
819 875 1010 930 celsior,
1038 875 1165 937 ignis
1191 876 1381 922 adurat.
1421 878 1517 922 205

136 953 272 1002 Inter
298 961 565 1016 utrumque
590 954 730 1000 vola:
771 968 862 999 nec
888 959 938 999 te
964 960 1189 1016 spectare
1217 952 1429 1007 Booten,

134 1031 238 1077 Aut
264 1030 473 1078 Helicen
492 1030 662 1092 jubeo,
681 1029 965 1076 strictumve
994 1028 1192 1075 Orionis
1214 1045 1401 1076 ensem.

137 1107 221 1155 Me
246 1107 374 1154 duce
399 1122 547 1169 carpe
564 1105 744 1152 viam.'⁷

794 1104 988 1150 Pariter
1013 1112 1266 1167 praecepta
1289 1106 1486 1152 volandi

132 1184 330 1241 Tradit3
370 1191 420 1230 et
444 1184 637 1246 ignotas
662 1181 880 1228 humeris
905 1182 1250 1228 accommodat
1274 1183 1394 1229 alas.

131 1261 271 1307 Inter
288 1277 413 1323 opus
435 1259 752 1321 monitusque
778 1274 917 1320 genae
933 1259 1166 1305 maduere
1183 1259 1364 1305 seniles
1383 1277 1392 1313 ;
1418 1262 1515 1305 210

133 1337 200 1384 Et
223 1338 393 1401 patriae
419 1345 663 1384 tremuere
690 1352 863 1382 manus
883 1352 891 1382 :
932 1336 1070 1382 dedit
1094 1336 1264 1382 oscula
1288 1342 1403 1383 nato

128 1468 257 1499 reddere
283 1474 420 1498 tenuem.
438 1468 506 1497 Art.
520 1467 626 1497 Amat.
641 1468 681 1497 49
698 1477 785 1508 sqq-z

131 1518 291 1548 Tractabat
325 1528 477 1557 rerumque
510 1527 588 1555 puer
623 1526 789 1555 pennasque

128 1569 276 1603 renidens,
308 1567 439 1601 Nescius,
469 1566 527 1595 hcfc
554 1566 683 1594 humeris
703 1576 787 1594 arma

122 1623 233 1654 parata
246 1618 316 1646 suis.

171 1666 245 1695 201.
275 1666 425 1700 Liliravit,
464 1662 625 1705 suspendit
661 1662 716 1697 ita,
750 1667 784 1692 ut

127 1714 335 1755 aequilibrium
364 1718 546 1744 servaretur.
585 1711 666 1742 Vide
694 1711 733 1741 ad
763 1711 782 1741 i.

129 1765 178 1794 13.
217 1764 403 1803 Quanquam
436 1763 544 1792 librare
567 1766 597 1791 et
625 1760 783 1800 eleganter

127 1813 166 1843 (le
183 1813 358 1843 volantibus
383 1811 507 1846 dicitur,
524 1810 576 1851 qui
603 1820 712 1849 corpus
737 1808 780 1838 ita

125 1862 174 1892 vel
200 1860 231 1891 in
256 1871 326 1892 aera
351 1861 474 1895 tollunt,
498 1859 544 1890 vel
570 1859 601 1888 in
627 1858 690 1888 alto
714 1869 780 1888 sus-

127 1911 236 1941 tinent.
271 1909 433 1951 Virgilius,
458 1909 573 1947 Georg.
596 1907 636 1937 iv.
657 1908 725 1937 196.
742 1906 780 1937 de

125 1959 247 2000 apibus,
263 1969 319 1989 sese
333 1969 385 1997 per
400 1959 506 1987 inania
525 1958 629 1986 nubila
647 1957 779 1986 librant:

123 2009 248 2043 Noster,
264 2008 334 2038 Art.
353 2007 458 2037 Amat.
475 2008 526 2037 68.
553 2006 647 2045 Inque
672 2017 780 2035 norum

125 2059 226 2088 timide
249 2069 370 2097 corpora
397 2058 484 2086 librat
506 2058 585 2091 iter;
609 2055 715 2084 Amor.
731 2055 778 2085 II.

122 2106 163 2136 vi.
183 2107 232 2137 ll.
255 2106 293 2136 de
310 2105 430 2140 avibus,
447 2116 509 2145 qnoe‘
532 2106 643 2143 liquido
665 2105 780 2133 libratis

122 2158 153 2186 in
183 2166 250 2185 aere
275 2166 401 2187 cursus:
434 2153 538 2187 Silius,
565 2153 617 2183 xii.
642 2154 712 2183 194.
741 2164 778 2183 ex

120 2203 292 2235 imitatione
310 2202 415 2233 Nostri
434 2202 472 2233 de
488 2201 631 2237 Daedalo,
648 2202 776 2241 Suspen-

117 2264 181 2283 snm
209 2253 256 2282 hic
292 2253 403 2282 librans
440 2253 533 2282 media
563 2253 643 2281 inter
671 2252 775 2281 nubila

117 2312 233 2341 corpus-

162 2352 238 2381 203.
266 2351 395 2380 Currere
410 2359 505 2390 quum
521 2348 639 2390 proprie
653 2348 776 2379 dicatur

117 2400 215 2435 navis,
243 2400 324 2430 bene
354 2398 393 2429 ad
423 2398 559 2428 volatum
591 2398 773 2428 translatum

117 2455 176 2480 est.
222 2449 355 2479 volatus
377 2448 458 2478 enim
481 2453 511 2478 et
541 2447 700 2486 navigatio
725 2459 772 2478 so-

116 2499 182 2528 lent
197 2509 215 2528 a
228 2497 325 2540 poetis
340 2498 420 2528 inter
435 2508 467 2527 se
484 2497 666 2538 comparari.
702 2498 772 2528 Vir—

115 2546 218 2588 gilius,
242 2546 326 2576 dicto
348 2546 425 2581 loco,
449 2548 550 2576 enavit
575 2545 613 2576 de
639 2546 772 2576 Daedalo

115 2595 255 2626 volante.
295 2595 438 2625 Instruit.
464 2594 532 2625 Art.
547 2595 655 2625 Amat.
672 2595 704 2626 ii.
721 2596 772 2626 64.

119 2644 234 2674 Erudit
265 2645 396 2684 infirmas
424 2650 459 2673 nt
486 2655 538 2674 sna
565 2651 659 2673 muter
692 2654 770 2674 ares.

118 2686 247 2716 Instruit
269 2694 373 2716 autem
397 2686 470 2722 fere,
486 2692 521 2717 ut
546 2687 770 2718 Phaethontem

162 2736 260 2765 VOL.
276 2735 333 2765 IV.

856 1473 1006 1508 Phoebus,
1020 1473 1052 1503 ii.
1074 1474 1132 1503 126
1148 1484 1218 1514 sqq.
1233 1472 1286 1503 ubi
1303 1472 1453 1504 nonnulla
1470 1472 1516 1504 his

855 1521 976 1552 similia.

899 1571 972 1600 206.
992 1571 1052 1601 Nec
1068 1577 1095 1601 te
1109 1577 1250 1610 spectare,
1264 1569 1341 1610 etc.]
1362 1569 1516 1611 Fugiebat

855 1629 959 1649 versus
981 1620 1225 1660 septemtriones,
1243 1625 1274 1649 et
1294 1619 1458 1659 spectabat
1474 1618 1514 1649 si-

855 1667 940 1704 dera,
963 1674 1112 1709 tanquam
1134 1674 1249 1699 nautae.
1275 1669 1388 1703 Bootes,
1407 1669 1514 1699 Helice

850 1722 881 1746 et
897 1716 989 1746 Orion
1001 1717 1066 1758 jam
1083 1717 1306 1758 antiquissimis
1321 1717 1512 1758 temporibus

850 1770 923 1795 nota
951 1771 1039 1795 erant
1068 1766 1181 1802 sidera,
1208 1772 1239 1796 et
1267 1766 1432 1806 diligenter
1456 1767 1511 1796 ob-

848 1815 1051 1845 servabantur
1077 1826 1093 1845 a
1120 1815 1235 1847 nautis,
1280 1815 1351 1845 Non
1376 1814 1433 1845 hoc
1459 1827 1509 1846 ur-

848 1863 983 1903 gendum
1006 1863 1037 1893 in
1058 1870 1163 1905 poeta,
1181 1863 1265 1905 quod
1283 1865 1389 1894 Bootae
1411 1874 1507 1905 appo-

848 1910 1077 1952 suit,tanquam
1087 1911 1235 1947 vicinum,
1253 1914 1376 1942 Oriona.
1404 1912 1507 1943 Etiam

847 1958 916 1989 Art.
946 1960 1055 1990 Amat.
1082 1962 1143 1991 55:
1176 1961 1232 1990 Sed
1263 1962 1315 1990 tibi
1341 1971 1394 1990 nec
1421 1964 1506 2002 virgo

850 2007 980 2047 Tegea-u,
992 2020 1136 2049 comesque
1146 2009 1256 2044 Bootae,
1272 2009 1399 2048 Ensiger
1411 2010 1505 2040 Orion.

846 2059 1034 2095 aspiciendus
1056 2060 1126 2087 erit.
1174 2059 1390 2093 Accommmlat,
1406 2063 1440 2088 ut
1456 2071 1505 2089 nc·-

846 2108 1028 2136 commodare
1048 2108 1135 2136 lateri
1154 2118 1258 2137 ensem.
1282 2107 1352 2136 Art.
1365 2107 1437 2137 Am.
1453 2108 1504 2139 65.

846 2161 930 2194 aptat
946 2167 1016 2195 opus
1031 2167 1132 2194 puero.

887 2205 963 2234 210.
984 2205 1086 2244 Opus;
1109 2204 1354 2235 accommodatio
1369 2204 1503 2236 alarum.

843 2252 996 2283 Praeclare
1011 2253 1051 2283 ad
1068 2253 1366 2284 commiserationem
1385 2253 1501 2283 sacien-

842 2301 914 2331 dam
936 2308 967 2332 et
989 2304 1051 2332 seni
1073 2308 1104 2333 et
1124 2304 1221 2342 patri.
1260 2302 1310 2332 Sic
1332 2308 1502 2343 praemonet

842 2361 945 2380 rursus
958 2351 1105 2381 lectorem
1118 2351 1157 2381 de
1173 2352 1259 2381 exitu
1276 2350 1332 2381 rei.
1367 2352 1502 2392 Expres—

841 2398 881 2428 sit
903 2406 1005 2430 autem
1031 2400 1191 2441 Virgilius,
1220 2399 1348 2430 Aineid.
1373 2400 1414 2429 vi.
1437 2402 1498 2431 32:

842 2446 895 2477 Bis
910 2455 1033 2478 conatus
1048 2456 1111 2478 erat
1124 2459 1205 2478 casus
1216 2448 1357 2489 effingere
1367 2450 1397 2478 in
1412 2460 1499 2485 auro,

842 2496 895 2526 Bis
907 2499 1013 2536 patriae
1029 2499 1157 2527 cecidere
1174 2509 1289 2529 manus.
1324 2497 1410 2527 Velut
1426 2499 1498 2533 ales,

838 2551 898 2575 etc.
932 2546 1087 2575 l'raeclara
1113 2545 1293 2576 similitudo.
1340 2546 1500 2587 Expressit

839 2593 987 2623 Nostrum
1015 2594 1158 2624 Valerius
1179 2594 1321 2629 Flaccus,
1345 2594 1396 2623 vii.
1417 2596 1491 2626 374.

841 2642 1011 2671 Pradncere
1039 2643 1164 2673 verbum
1194 2642 1364 2677 delectum,
1391 2654 1497 2684 sump-

838 2696 904 2720 tum
930 2692 969 2721 ab
991 2691 1038 2726 iis,
1054 2691 1107 2732 qui
1131 2702 1201 2722 suos
1222 2702 1238 2721 e
1264 2691 1355 2721 domo
1376 2692 1496 2722 ducunt

973 2740 1000 2769 1)
