1779 3130
261 157 318 199 78
654 157 704 197 Ρ.
737 155 952 197 OVIDII
984 155 1265 198 NASONIS

259 272 568 319 Concubitus
593 271 772 318 vetitos
798 278 1030 334 poterant
1053 271 1276 319 inhibere
1303 272 1511 334 paterni.
1553 275 1641 318 124

260 349 411 396 Haud
436 356 604 396 tamen
629 348 853 409 effugies,
881 348 1107 410 quamvis
1132 364 1227 411 ope
1256 348 1368 395 fidis
1393 349 1591 411 equina.

257 427 492 481 Vulnere,
511 442 609 472 non
635 426 848 488 pedibus
869 432 918 472 te
937 425 1265 488 consequar.‘'
1307 425 1498 472 Ultima
1516 426 1650 473 dicta

262 503 339 550 Re
365 503 568 566 probat;
610 511 660 549 et
685 503 836 549 missa
859 501 1101 564 fugientia
1124 510 1264 564 terga
1290 503 1473 565 sagitta

255 579 486 642 Trajicit:
527 580 734 626 extabat
758 579 945 626 ferrum
973 579 1036 625 de
1061 587 1262 642 pectore
1288 581 1553 627 aduncum.

260 656 407 711 Quod
445 657 589 703 simul
626 657 852 703 evulsum
890 662 983 710 est,
1023 656 1223 718 sanguis
1261 673 1348 720 per
1384 664 1649 718 utrumque

458 733 678 780 foramen

260 810 494 866 Emicuit,
522 810 710 856 mixtus
738 808 928 856 Lernaei
954 810 1069 856 tabe
1093 810 1285 856 veneni.

1556 735 1646 779 129

1424 809 1588 871 [inulti
1606 809 1651 865 ;''

262 888 468 951 Excipit
500 889 632 934 hunc
672 887 893 934 Nessus:
937 892 966 909 ‘⁶
997 886 1178 950 Neque
1219 887 1350 934 enim
1385 887 1650 934 moriemur

261 966 444 1012 Secum
470 964 566 1011 ait:
607 971 657 1010 et
680 963 840 1010 calido
864 963 1108 1010 velamina
1132 964 1295 1010 tincta
1320 979 1494 1011 cruore

259 1042 361 1090 Dat
385 1058 563 1088 munus
590 1048 759 1104 raptae,
785 1040 921 1086 velut
944 1039 1196 1088 irritamen
1221 1041 1415 1087 amoris.
1458 1041 1646 1103 [magni

325 1119 438 1167 HI.-
467 1118 636 1180 Longa
667 1117 758 1164 fuit
790 1116 939 1163 medii
972 1132 1108 1164 mora
1140 1117 1394 1181 temporis,
1433 1125 1644 1180 actaque

260 1289 386 1320 poenam
401 1277 496 1320 patris
511 1277 638 1312 Ixionis,
653 1278 707 1319 qui
721 1283 795 1308 rotae
809 1277 918 1318 alliga-

258 1335 308 1359 tus
330 1327 453 1359 assidue
471 1327 605 1357 volvitur
628 1327 659 1357 in
675 1327 811 1357 Tartaris
831 1337 921 1368 prop-

259 1383 306 1408 ter
321 1379 493 1408 concubitus
508 1378 619 1411 vetitos,
636 1376 710 1418 quia
725 1376 786 1406 vim
809 1376 921 1406 inferre

259 1427 397 1457 voluerat
425 1426 560 1458 Junoni:
602 1425 673 1456 vide
702 1426 741 1456 ad
777 1425 819 1455 iv.
848 1426 921 1455 464.

259 1476 306 1505 Ex
323 1476 404 1506 nube
415 1475 445 1505 in
461 1474 594 1505 Junonis
608 1474 676 1504 loco
693 1474 825 1515 objecta,
842 1484 917 1515 qua-

259 1536 331 1556 cum
355 1525 450 1556 etiam
478 1525 551 1560 coit,
573 1524 639 1554 nati
666 1531 738 1554 sunt
757 1523 918 1560 Centauri,

259 1574 331 1605 inde
359 1574 535 1615 Nubigenae
562 1573 647 1603 dicti.
694 1573 841 1608 Inhibere,
866 1573 919 1604 de-

259 1630 382 1654 terrere.
414 1623 474 1662 Ope
490 1625 608 1663 equina,
620 1621 787 1653 velocitate
804 1622 919 1664 pedum

258 1672 453 1713 equinorum.

306 1721 375 1751 126.
417 1721 557 1756 Vulnere,
592 1719 707 1760 sagitta
745 1719 914 1750 vulnifica:

260 1770 350 1811 Virg.
367 1770 441 1800 AEn.
457 1769 491 1799 ii.
506 1769 579 1800 529.
596 1770 703 1810 infesto
727 1770 849 1799 vnlnere
870 1771 916 1800 in-

257 1819 408 1858 sequitur:
446 1817 517 1848 vide
546 1818 645 1848 Drak.
671 1816 711 1847 ad
740 1817 861 1854 Silium,
888 1830 916 1848 v.

258 1868 341 1904 2513
365 1867 474 1897 Senec.
498 1867 593 1897 Herc.
617 1867 681 1896 (Εἰ.
706 1867 780 1897 516.
809 1867 914 1898 Conse-

257 1928 333 1956 (μιαν
349 1917 538 1957 telofugam.

306 1967 378 1997 129.
427 1966 512 1999 Quod
549 1966 636 1995 simul
675 1967 806 1996 evulsum
844 1966 911 2006 est.]

259 2014 406 2046 Heinsius
417 2015 543 2056 conjicit
554 2026 610 2055 qno
620 2016 709 2045 simul
720 2016 828 2045 evulso.
858 2015 915 2045 Tu—

258 2067 304 2095 bes
318 2067 433 2100 veneni,
451 2075 614 2096 venenum.
659 2065 789 2095 Veneno
810 2064 916 2106 hydrae

258 2115 395 2145 Lernaeae
429 2113 558 2155 sagittas
588 2113 722 2144 tinxerat
750 2114 914 2144 Hercules.

260 2162 423 2204 Quidquid
439 2162 532 2204 igitur
547 2162 584 2192 iis
599 2162 726 2204 figebat,
745 2162 834 2193 morti
847 2173 915 2193 suc-

260 2212 440 2244 cumbebat.
488 2212 604 2242 Minus
637 2222 756 2242 veneno
792 2212 917 2249 sanguis

259 2261 382 2304 profluit
398 2261 492 2291 etiam
510 2260 593 2302 apud
606 2260 785 2291 Zenobium.
823 2261 917 2302 Apud

261 2312 338 2342 alios
353 2311 472 2342 Nessus
488 2310 552 2352 ipse
568 2309 711 2351 sanguini
731 2311 841 2341 emisso
863 2311 917 2341 ad-

261 2360 370 2392 miscet
381 2370 546 2390 venenum.
580 2360 686 2400 Atque
703 2360 791 2390 illum
807 2370 916 2391 secun-

260 2410 335 2440 dum
372 2408 556 2450 Sophoclem
587 2419 658 2438 vase
685 2408 820 2449 excepit.
868 2410 916 2440 De

261 2460 406 2490 velamine
429 2458 532 2488 caeteri
558 2457 635 2488 nihil
661 2458 788 2489 habent.
833 2463 916 2490 Ante

258 2519 351 2548 neque
363 2509 439 2538 enim
454 2507 720 2548 subintelligenda
735 2513 781 2538 est
792 2515 915 2539 senten-

259 2558 304 2588 tia
325 2556 440 2598 aliqua,
458 2556 562 2592 veluti,
579 2557 658 2587 bene
678 2556 791 2594 habet3
815 2568 915 2599 neque

260 2606 353 2642 enim,
370 2612 430 2636 etc.
478 2606 580 2646 Neque
599 2607 675 2636 enim
694 2607 852 2635 moriemur
868 2610 913 2637 in-

260 2657 339 2692 ulti5
377 2654 541 2685 moriturus
576 2666 613 2685 ex
645 2655 782 2691 vulnere,
812 2655 914 2697 inquit

261 2703 424 2739 Diodorus,
449 2702 606 2744 pollicitus
629 2709 674 2734 est
698 2704 725 2734 ei
750 2715 780 2734 se
804 2706 913 2735 amoris

988 1278 1251 1310 medicamentum
1273 1279 1470 1315 traditurum,
1492 1288 1554 1320 quo
1578 1278 1646 1309 nul-

987 1328 1050 1358 lam
1066 1335 1175 1370 praeter
1191 1340 1223 1360 se
1240 1329 1401 1359 mulierem
1418 1328 1570 1360 Hercules
1588 1339 1644 1369 ap-

987 1383 1117 1420 peteret.

1037 1429 1106 1458 1323.
1130 1427 1294 1457 Irritnmen
1320 1430 1437 1463 amaris,
1462 1426 1644 1462 remedium,

987 1488 1046 1518 quo
1070 1477 1210 1518 conjugis
1235 1487 1369 1507 amorem
1390 1477 1645 1517 languescentem

986 1526 1104 1556 irritare
1127 1526 1233 1567 possit.
1280 1526 1433 1555 Philtrum
1452 1531 1581 1555 vocatur
1605 1525 1644 1554 ab

986 1575 1104 1616 Hygin.
1120 1582 1149 1605 et
1167 1574 1323 1616 Apollod3
1348 1585 1482 1615 namque
1498 1573 1644 1615 φίλτρον,

987 1625 1208 1666 interpretante
1223 1624 1326 1654 Tzetz.
1338 1624 1377 1654 ad
1389 1623 1543 1665 Lycophr.
1555 1633 1585 1663 p.
1596 1624 1646 1653 14.

987 1680 1043 1710 est,
1072 1673 1183 1714 φιλίαν
1217 1673 1419 1703 ἐπισπᾶσθαι
1448 1671 1644 1712 δυνάμενον,

987 1723 1070 1764 quod
1093 1722 1210 1752 irritare
1234 1732 1368 1752 amorem
1391 1727 1515 1763 potest3
1541 1721 1646 1751 confer

986 1783 1049 1802 ver.
1068 1772 1144 1802 154:
1170 1771 1302 1801 Irritare
1324 1781 1433 1801 uniores
1455 1776 1502 1801 est
1522 1769 1543 1800 i.
1560 1770 1644 1809 462;

985 1822 1038 1853 ubi
1062 1821 1124 1851 vid.
1140 1821 1366 1851 Burmannum.
1412 1821 1531 1860 Raptae,
1550 1829 1644 1860 quam

983 1881 1091 1913 rapere
1106 1871 1248 1912 parabat.

1029 1920 1207 1950 134-138,
1241 1919 1366 1950 Confer.
1396 1917 1551 1948 Diodorus
1581 1917 1643 1949 Sic.

982 1971 1024 2001 iv.
1048 1971 1110 2007 393
1138 1968 1284 2011 Apollod.
1306 1969 1352 1998 11.
1377 1968 1428 1998 vii.
1451 1969 1488 2005 73
1513 1968 1643 2003 Seneca,

984 2021 1077 2050 Herc.
1101 2020 1166 2050 OEt.
1191 2020 1254 2049 223
1281 2029 1349 2059 sqq.
1395 2017 1513 2058 Hygini
1537 2017 1645 2048 fabula

986 2070 1048 2107 363
1080 2068 1216 2104 Servius,
1244 2067 1283 2098 ad
1314 2067 1402 2108 Yirg.
1429 2066 1557 2096 AEneid.
1581 2066 1646 2097 viii.

984 2119 1058 2149 300.
1104 2117 1154 2148 De
1178 2115 1398 2151 monumentis,
1416 2115 1448 2145 in
1464 2115 1578 2156 quibus
1599 2126 1645 2146 res

985 2177 1140 2208 expressa,
1151 2165 1223 2196 vide
1239 2164 1485 2206 Heynii.›1ntiqq.
1502 2164 1644 2205 Anj'saet-

984 2228 1024 2252 :e,
1040 2217 1060 2247 i.
1075 2217 1116 2247 29
1132 2227 1201 2257 sqq.
1248 2215 1384 2245 Medium
1401 2221 1525 2253 temqu
1546 2219 1580 2243 ut
1602 2213 1644 2245 iv.

989 2266 1067 2303 1673
1104 2265 1169 2295 viii.
1197 2265 1269 2294 651.
1314 2264 1366 2293 Ab
1394 2263 1520 2294 interitu
1549 2263 1643 2293 Nessi

986 2326 1083 2356 usque
1101 2314 1141 2344 ad
1157 2320 1367 2356 expugnatam
1381 2312 1558 2344 OEchaliam
1574 2313 1642 2342 lon-

985 2375 1058 2405 gum
1087 2370 1209 2404 tempus
1238 2363 1366 2393 effluxit.
1412 2361 1494 2392 Satis
1522 2361 1645 2397 fuisset,

986 2413 1123 2455 Longum
1137 2413 1207 2454 fuit
1233 2413 1362 2442 medium
1386 2418 1507 2449 tempus,
1524 2410 1578 2440 sed
1596 2421 1644 2440 so-

984 2461 1027 2492 let
1044 2473 1123 2491 mora
1139 2461 1177 2491 de
1199 2460 1402 2490 diuturnitate
1424 2459 1468 2490 ita
1484 2459 1644 2497 adhiberi3

987 2510 1111 2541 Phaedr.
1127 2509 1265 2540 1V.fab.
1281 2509 1322 2539 iv,
1342 2509 1390 2539 18.
1410 2515 1581 2548 consumpta
1601 2515 1641 2538 est

983 2561 1117 2598 temporis
1141 2559 1221 2599 longi
1239 2569 1331 2587 mora.
1379 2558 1456 2587 Acta
1478 2557 1639 2596 imple‘rant

980 2618 1045 2649 pro,
1062 2608 1146 2638 sama
1164 2613 1302 2637 actorum
1324 2606 1465 2636 laborum
1486 2605 1641 2646 implerat.

980 2656 1040 2687 Sed
1063 2655 1325 2694 aliteri17112l6ra11t
1349 2657 1459 2690 odium,
1481 2654 1640 2685 satiarant.

983 2706 1114 2746 Magnus
1123 2710 1305 2746 perpetuum
1315 2702 1459 2734 Herculis
1468 2702 1637 2744 epitheton.
