1779 3130
389 166 1008 208 METAMORPHOSEON
1043 167 1162 208 LIB.
1188 168 1307 209 XII.
1455 168 1539 210 2623

148 283 390 345 Vanaque
419 282 615 328 Laetitia
639 288 732 336 est,
760 283 1165 344 consternatique
1190 281 1431 336 Timores,
1476 284 1540 328 60

149 360 441 422 Seditioque
466 375 660 422 repens,
688 359 940 421 dubioque
967 366 1166 406 auctore
1195 358 1409 405 Susurri.

149 437 268 500 Ipsa
293 436 412 498 quid
438 435 488 481 in
513 436 638 481 coelo
664 451 843 490 rerum,
871 436 1151 498 pelagoque
1178 442 1390 497 geratur,

151 512 217 559 Et
240 512 431 566 tellure,
458 510 606 565 videt,
635 517 898 572 totumque
924 511 1129 574 inquirit
1153 511 1203 557 in
1228 512 1414 557 orbem.

219 588 427 634 Fecerat
451 587 557 634 haec
583 593 772 642 notum,
803 588 978 635 Graias
1004 604 1117 634 cum
1145 586 1300 634 milite
1325 586 1437 633 forti

155 663 438 711 Adventare
465 671 622 720 rates3
652 679 817 725 neque
842 664 1192 726 inexpectatus
1219 663 1268 708 in
1291 662 1437 708 armis
1479 665 1542 708 65

154 740 328 787 Hostis
355 740 520 788 adest:
561 741 826 803 prohibent
850 741 1005 795 aditu,
1033 739 1253 801 litusque
1278 745 1479 785 tuentur

156 817 336 868 Tro'e'sz
379 823 430 863 et
454 815 705 863 Hectorea
730 816 917 879 primus
945 816 1155 862 fataliter
1180 816 1337 869 hasta,

156 893 447 947 Protesilae‚
466 891 625 939 cadis:
654 892 1020 954 commissaque
1042 891 1210 954 praelia
1225 907 1403 952 magno
1430 891 1542 951 [tor.

161 969 307 1016 Stant
330 968 533 1023 Danais,
554 968 798 1031 fortisque
818 968 993 1015 animae
1015 983 1137 1014 nece
1158 966 1385 1028 cognitus
1413 965 1543 1012 Hec-

159 1044 267 1092 Nec
295 1045 524 1108 Phryges
550 1044 747 1106 exiguo,
770 1045 889 1107 quid
912 1044 1102 1091 Achaia
1127 1043 1336 1090 dextera
1360 1048 1545 1105 posset,

159 1234 349 1275 quandoilla
364 1235 394 1265 in
412 1236 579 1265 seditionem
596 1233 739 1275 erumpit,
757 1245 820 1264 ma-

163 1283 274 1314 nifesta
292 1290 356 1314 est:
383 1289 413 1314 et
434 1283 533 1313 omnis
557 1282 666 1313 seditio
687 1282 821 1324 erumpit

160 1337 300 1372 repente.

204 1381 258 1411 62.
285 1380 353 1419 Ipsa
369 1382 440 1419 qnid
459 1381 487 1410 in
505 1379 726 1419 melo—viden]
752 1380 822 1410 Me-

162 1428 326 1470 garonides
338 1428 369 1458 in
389 1428 493 1459 Plauti
506 1428 687 1459 Trinummo
703 1441 708 1458 ε
728 1432 748 1445 “
762 1429 822 1458 sci-

163 1483 218 1507 unt
242 1476 287 1513 id,
316 1476 399 1517 quod
426 1476 457 1506 in
487 1487 593 1506 aurem
625 1486 677 1506 rex
710 1476 822 1517 reginae

163 1525 295 1556 dixerit:
326 1525 438 1561 sciunt,
463 1525 546 1566 quod
571 1527 655 1556 Juno
682 1525 824 1555 fabulata

164 1579 211 1604 est
226 1584 296 1605 cum
315 1574 413 1605 Jove:
440 1573 543 1603 sciunt
565 1584 634 1614 quae
655 1583 756 1614 neque
778 1574 824 1604 fu-

163 1627 244 1658 tura,
274 1632 375 1663 neque
405 1622 489 1652 facta
521 1627 609 1659 sunt3
648 1626 751 1652 tamen
779 1621 824 1651 illi

164 1670 303 1706 sciunt,’'
325 1676 384 1700 etc.
430 1669 606 1704 juvenalis,
632 1670 698 1700 Sat.
723 1670 765 1700 vi.
788 1670 826 1701 de

165 1719 230 1749 filia
265 1718 524 1760 famigerationis:
565 1721 588 1735 “
603 1719 680 1748 Haec
717 1719 826 1749 eadem

167 1767 252 1798 novit
277 1767 353 1809 quid
377 1772 441 1798 toto
468 1767 521 1797 fiat
549 1767 581 1797 in
610 1767 704 1803 orbe3
743 1767 827 1804 Quid

165 1816 266 1851 Seres,
283 1815 358 1856 quid
372 1815 507 1845 Thraces
521 1815 648 1856 agant.''
696 1815 829 1855 Inquirit

165 1866 197 1895 in
213 1866 320 1895 orbem.
360 1863 477 1894 Eadem
494 1864 634 1905 syntaxis
650 1862 670 1894 i.
689 1864 759 1894 148.
774 1875 827 1903 pa-

169 1915 239 1943 trios
254 1914 381 1953 inquirit
402 1915 434 1942 in
455 1923 570 1948 111111083
596 1918 627 1942 et
648 1912 731 1953 apud
750 1913 827 1942 Lac-

167 1963 299 1992 tantium
315 1962 393 1992 Inst.
406 1962 468 1991 III.
481 1972 531 1992 xv.
548 1962 578 1991 8.
595 1961 686 1991 MSS.
702 1961 828 1996 habent.

167 2012 191 2041 si
207 2013 272 2050 quis
288 2013 318 2040 in
335 2021 425 2040 mores
440 2021 538 2040 eorum
556 2011 700 2049 inquirat.

209 2060 260 2090 65.
284 2058 462 2089 Auxiliares
478 2058 692 2094 arcessiverat,
709 2065 740 2088 et
757 2069 827 2088 cum

167 2108 389 2148 potentissimis
407 2107 489 2137 Asiae
506 2107 631 2148 regibus
646 2107 828 2137 societatem

169 2155 279 2186 inierat
295 2155 446 2186 Priamus.
470 2155 573 2186 Graeci
587 2156 774 2196 appulerunt
790 2155 828 2185 ad

170 2203 243 2235 litus
268 2204 415 2245 Sigaeum,
439 2204 492 2234 nbi
515 2203 640 2245 Trojani
667 2214 719 2234 eos
743 2206 830 2234 aditu

169 2253 361 2291 prohibebant
387 2252 530 2293 (phrases
562 2252 704 2283 solennes
732 2254 830 2287 aditu,

172 2303 363 2340 litor-efflorui
374 2302 542 2340 prohibere.-
561 2300 831 2340 videlleinsium,)

171 2349 225 2380 sed
239 2355 365 2380 cruento
379 2349 485 2390 praelio
501 2349 615 2390 repulsi
633 2355 723 2387 sunt;
746 2349 829 2380 Thu<

171 2398 311 2439 cydides,
330 2399 353 2429 i.
372 2399 421 2428 ll.
469 2399 505 2428 Ιιι
529 2404 581 2429 aut
600 2400 652 2428 snb
671 2401 773 2434 armis,
799 2403 832 2429 ut

173 2447 257 2488 apud
280 2448 407 2478 Graecos
430 2447 472 2488 ἐφ’
490 2453 543 2478 aut
566 2446 616 2488 ὑφ’
631 2446 759 2484 ὅπλοις,
785 2457 831 2477 ar-

174 2501 285 2531 matus,
301 2506 484 2537 saepissime.

227 2545 282 2575 67.
323 2544 486 2580 fataliter,
523 2554 560 2574 ex
601 2545 726 2575 decreto
764 2544 832 2574 fati.

176 2592 296 2623 Graecis
325 2604 506 2635 responsum
533 2599 610 2628 erat,
638 2592 690 2634 qui
719 2593 835 2633 primus

174 2640 310 2681 'l'rojana
341 2641 430 2672 litora
460 2641 624 2681 attigisset,
653 2641 835 2682 periturum.

178 2688 307 2718 Caeteris
331 2689 564 2725 cunctantibus,
589 2689 706 2730 prosilit
730 2689 836 2720 fraude

892 1233 1012 1275 Ulyssis
1045 1234 1228 1263 Protesilaus
1253 1231 1431 1267 Thessalus,
1457 1241 1550 1272 quem

889 1282 1026 1323 fatajam
1042 1281 1115 1311 olim
1131 1280 1385 1321 designaverant,
1403 1278 1548 1321 imposito

889 1330 917 1361 ei
935 1330 1098 1360 Protesilai
1114 1330 1255 1365 nomine;
1281 1328 1445 1361 Homerus.
1464 1328 1551 1359 ILB.

891 1380 976 1417 6973
1000 1379 1126 1413 Noster,
1151 1376 1279 1408 Heroid.
1305 1376 1372 1406 xiii.
1396 1377 1459 1414 933
1483 1377 1551 1417 Hy-

890 1428 992 1468 ginus,
1010 1427 1071 1457 fab.
1090 1427 1171 1463 1033
1199 1425 1366 1460 Ausonius,
1383 1424 1479 1466 epigr.
1500 1425 1553 1455 xii.

892 1476 944 1507 ubi
975 1476 1054 1506 inter
1085 1475 1166 1505 alia:
1210 1473 1353 1504 “Fatale
1384 1473 1551 1514 ascriptum

895 1535 1006 1555 nomen
1036 1523 1112 1553 mihi
1139 1522 1424 1553 Protesilao—Hoc
1455 1522 1551 1552 letum

888 1573 952 1614 jam
983 1578 1048 1603 turn
1078 1582 1148 1602 mea
1177 1571 1242 1601 fata
1277 1570 1445 1605 canebant,
1476 1570 1553 1601 Tale

893 1621 968 1651 mihi
992 1631 1104 1651 nomen
1130 1630 1226 1661 quum
1257 1623 1343 1660 pater
1369 1618 1554 1660 imposuit.’'

893 1670 925 1700 Is
947 1669 1138 1700 Protesilaus
1158 1667 1216 1698 fuit
1241 1666 1421 1697 Laodamiae
1446 1667 1555 1698 Acasti

895 1718 965 1749 filiae
994 1717 1141 1747 maritus:
1181 1715 1266 1746 illius
1296 1720 1384 1756 pater
1413 1715 1555 1756 Iphiclus

895 1778 1004 1798 cursus
1028 1766 1192 1797 velocitate
1209 1764 1352 1795 celebris.
1400 1765 1556 1795 Commissa

896 1817 958 1856 (ita
973 1815 1004 1845 in
1018 1814 1127 1845 nostris
1144 1813 1255 1854 Regiis
1267 1813 1292 1852 3)
1318 1813 1480 1844 Leidensis
1497 1821 1557 1844 ter-

897 1867 957 1896 tius
985 1867 1152 1905 proemissa:
1195 1863 1250 1894 sed
1291 1868 1373 1894 recte
1410 1866 1558 1894 commissa

895 1917 1013 1954 pru‘lia,
1031 1913 1186 1956 praeliurn,
1205 1923 1266 1953 quo
1288 1911 1410 1942 initium
1430 1913 1504 1943 belli
1527 1919 1558 1943 et

897 1963 1071 2005 praeliorum
1089 1962 1204 1992 factum
1218 1974 1224 1991 z
1244 1960 1314 1991 vide
1330 1961 1557 1994 Burmannum.

900 2013 1013 2053 Magno
1028 2017 1130 2046 summ
1156 2009 1227 2039 vide
1244 2009 1284 2040 ad
1302 2021 1334 2039 x.
1353 2010 1426 2040 547.
1459 2011 1559 2041 Fortis

895 2062 1000 2091 animoe
1030 2059 1068 2090 de
1100 2057 1274 2088 Protesilao
1308 2057 1559 2099 intelligendum.

899 2111 1044 2151 Cognitzts
1064 2107 1219 2138 interdum
1237 2106 1268 2137 in
1284 2107 1411 2137 laudern
1432 2107 1558 2145 dicitur,

897 2164 931 2188 ut
959 2163 1107 2197 spectatus
1139 2154 1224 2191 alibi,
1262 2155 1314 2196 qui
1345 2155 1466 2187 virtutis
1494 2167 1557 2188 suae

898 2205 1120 2248 speciminibus
1136 2204 1293 2234 inclaruit.

944 2256 995 2286 70.
1020 2255 1139 2294 Eriiguo
1155 2255 1302 2295 sanguine
1317 2253 1450 2294 profuso.
1487 2255 1559 2285 Sen-

900 2305 958 2334 tire
973 2302 1118 2333 dicuntur
1135 2302 1187 2343 qui
1211 2301 1326 2332 damno
1351 2312 1404 2332 suo
1423 2301 1561 2339 discunt,

900 2352 974 2393 quid
1007 2352 1085 2381 alter
1115 2351 1238 2388 valeat;
1276 2350 1355 2380 infra
1385 2350 1449 2380 xiii.
1472 2353 1556 2389 8643

901 2401 968 2431 Cic.
991 2400 1084 2431 Catil.
1101 2399 1133 2429 ii.
1156 2400 1204 2429 12.
1227 2399 1337 2428 Sentiet
1357 2401 1387 2429 in
1411 2400 1464 2429 hac
1486 2403 1561 2432 urbe

900 2460 957 2480 esse
971 2449 1100 2479 consules
1116 2449 1284 2489 vigilantes.
1330 2447 1490 2488 Repetitio
1503 2452 1560 2481 τοῦ

891 2500 960 2537 jum
981 2496 1171 2526 festinationi
1198 2496 1396 2526 declaranda:
1419 2496 1558 2535 inseruit,

902 2553 936 2576 ut
952 2558 984 2576 x.
1002 2547 1063 2575 523
1079 2556 1146 2586 seq.
1190 2546 1284 2585 Sigoea
1301 2546 1444 2575 rubebant
1462 2548 1561 2578 litora.

906 2593 1034 2625 Plurimi
1052 2593 1148 2632 (inter
1172 2603 1248 2634 quos
1263 2593 1355 2633 Regii
1372 2594 1482 2635 nostri)
1502 2599 1562 2637 sig-

904 2650 975 2674 nata
993 2643 1139 2672 rubebunt
1157 2644 1257 2672 Zitora.
1283 2642 1331 2672 Ita
1348 2642 1447 2673 solent
1461 2650 1559 2685 poeta:

905 2689 1009 2729 praelia
1027 2691 1176 2721 acerrima
1188 2690 1359 2722 describere
1374 2703 1381 2728 3
1406 2692 1560 2729 Lucanus,
