1779 3130
345 165 959 206 METAMORPIIOSEON
997 166 1112 206 Llss.
1147 159 1282 206 XIV.
1425 166 1508 206 419

130 278 378 339 Sanguine
403 295 515 325 cuni
542 280 697 325 soceri
724 280 1011 341 permiscuit
1034 281 1214 342 impius
1239 280 1398 327 ensis:

128 353 260 400 Pace
284 361 450 400 tamen
475 355 580 401 sisti
606 355 809 409 bellum,
838 372 929 403 nec
955 357 1004 402 in
1031 356 1204 402 ultima
1227 355 1354 404 ferro

127 429 395 476 Decertare
421 431 599 493 placet,
627 431 926 494 Tatiumque
951 433 1189 479 accedere
1215 448 1382 494 regno.

128 504 396 553 Occiderat
419 506 606 561 Tatius,
630 507 929 569 populisque
957 516 1152 570 aequata
1176 508 1385 562 duobuS,
1413 510 1507 553 805

126 581 354 638 Romule,
377 584 491 645 jura
513 583 684 638 dabas,
712 584 874 646 posita
901 600 1056 646 quum
1085 583 1279 630 casside
1306 582 1505 630 Mavors

124 657 328 704 Talibus
349 659 526 705 affatur
538 659 838 721 Divumque‚
853 660 1207 721 hominumque
1223 666 1503 722 parentem:

125 734 384 797 “Tempus
398 735 554 790 adest,
569 736 776 796 genitor,
791 735 1023 798 quoniam
1033 735 1318 782 fundamine
1329 750 1507 796 magno

125 809 228 857 Res
255 810 483 857 Romana
504 812 650 866 valet,
678 828 770 858 nec
796 812 1007 874 praeside
1032 812 1217 874 pendet
1242 812 1303 858 ab
1329 827 1444 866 uno,

124 885 351 942 Praemia,
379 903 491 949 quae
518 888 760 950 promissa
778 888 896 934 mihi
922 888 1174 951 dignoque
1200 887 1385 950 nepoti,
1413 889 1509 933 810

126 962 344 1016 Solvere,
372 970 423 1009 et
447 963 667 1010 ablatum
693 964 834 1010 terris
860 965 1112 1027 imponere
1138 964 1279 1011 coelo.

124 1038 198 1084 Tu
226 1038 344 1084 mihi
369 1040 578 1086 concilio
605 1040 856 1102 quondam
877 1047 1122 1103 praesente
1150 1040 1385 1093 Deorum,

128 1114 258 1161 Nam
278 1130 535 1170 memoror,
553 1116 860 1178 memorique
883 1116 1045 1163 animo
1066 1115 1147 1178 pia
1162 1116 1311 1163 verba
1329 1115 1506 1170 notavi,

128 1191 269 1238 Unus
296 1191 404 1247 erit,
433 1208 583 1253 quem
609 1199 661 1238 tu
687 1193 832 1239 tolles
858 1194 907 1238 in
932 1193 1114 1238 caerula
1137 1193 1274 1247 coeli3

128 1266 314 1314 Dixisti
335 1285 344 1314 :
387 1276 492 1314 rata
516 1269 579 1314 sit
603 1270 864 1315 verborum
891 1284 1084 1315 summa
1107 1268 1352 1314 tuorum.''
1414 1271 1507 1313 815

125 1343 314 1391 Annuit
339 1344 686 1407 Omnipotens,
716 1352 766 1392 et
790 1345 1006 1392 nubibus
1032 1360 1145 1392 aera
1169 1344 1313 1391 caecis

124 1524 231 1555 Codex
248 1524 367 1565 Regius
383 1525 422 1555 B.
441 1525 587 1556 E1cedere
600 1536 708 1567 regim,-
731 1536 782 1555 co-

123 1572 182 1603 dex
200 1578 305 1603 autem
320 1573 359 1604 A.
371 1575 545 1610 abscedere;
570 1579 711 1604 neutrum
728 1584 782 1604 va-

125 1621 186 1652 let:
217 1631 289 1651 narn
310 1621 388 1652 inter
407 1622 581 1663 praecipuas
602 1622 688 1663 pacis
709 1633 783 1653 con-

126 1669 269 1705 ditiones,
293 1669 352 1700 hoc
379 1670 507 1712 placuit,
532 1676 566 1700 ut
588 1671 696 1702 Tatius
721 1681 783 1702 unu

126 1729 198 1749 cum
213 1718 350 1749 Romulo
365 1719 456 1760 aequa
478 1725 629 1760 potestate
645 1720 785 1760 paribus·

126 1778 186 1809 que
224 1767 390 1798 honoribus
425 1774 580 1809 regnaret.
628 1770 785 1799 Occiderat

129 1817 246 1851 Tatius,
263 1816 445 1847 interfectus
461 1816 592 1852 Lavinii,
609 1827 689 1848 anno
706 1819 785 1848 Urb.

125 1865 217 1896 cond.
236 1866 295 1902 l2;
318 1865 435 1899 Livius,
456 1865 476 1895 i.
502 1866 552 1894 l4.
598 1866 678 1895 Jiira
701 1868 784 1901 dure,

126 1915 296 1955 imperare3
333 1913 353 1943 i.
379 1915 452 1944 576.
497 1914 639 1954 AEquata,
666 1914 788 1944 Sabinis

127 1973 216 2004 aeque
243 1973 279 1993 ac
305 1962 475 1999 Romanis3
509 1963 626 1993 neutris
649 1963 718 2004 plus
743 1962 788 1993 fa-

128 2022 216 2042 vens.

170 2060 244 2090 809.
271 2059 327 2089 Res
345 2059 478 2089 Romana
495 2060 585 2095 valet,
600 2059 678 2099 etc.]
705 2060 790 2089 Fast.

127 2108 158 2138 d.
186 2108 207 2138 l.
238 2109 322 2137 habet
354 2108 490 2137 Romana
524 2110 655 2146 potentia
693 2111 788 2143 vires‚·

129 2158 294 2197 Sanguinis
305 2156 400 2196 officio
416 2169 472 2186 7101!
489 2163 551 2197 eget
569 2158 623 2186 illa
640 2159 704 2187 mei.
740 2158 788 2186 De

129 2205 263 2236 Romulo
276 2204 355 2235 inter
367 2206 452 2235 Deos
466 2205 574 2241 relato,
585 2206 690 2236 confer
706 2206 788 2236 Fast.

129 2254 160 2285 ii.
178 2255 240 2285 475
257 2265 325 2295 sqq.

171 2304 244 2333 813.
283 2303 440 2337 Memornr,
464 2302 546 2343 quod
575 2302 691 2332 habent
717 2302 789 2338 duo,

130 2358 183 2382 aut
203 2362 274 2382 cum
294 2351 396 2382 Ennio
419 2361 474 2393 pro
496 2351 674 2381 reminiscor
693 2357 724 2381 et
744 2361 790 2381 re·

130 2399 238 2430 cordor
275 2399 408 2441 positum
443 2410 520 2435 esse,
551 2405 603 2430 aut
632 2400 790 2429 Nasonem

129 2448 298 2489 scripsisse,
315 2448 394 2478 Nam
423 2447 531 2489 refero,
552 2448 583 2479 h.
605 2458 633 2479 e.
654 2447 790 2482 memini,

131 2503 236 2526 monet
252 2495 360 2527 Heius.
405 2497 495 2527 Prius
511 2496 676 2526 admodum
693 2495 791 2526 credi-

130 2545 193 2575 bile
223 2550 280 2580 est,
301 2545 374 2586 quia
399 2552 429 2576 et
454 2556 559 2575 versus
588 2555 721 2585 sequens
751 2555 786 2574 ex

132 2593 232 2624 Ennio
247 2600 398 2635 sumptus.
436 2595 548 2635 ltaque
563 2605 701 2624 memoror
712 2603 788 2634 prae-

133 2642 188 2672 tuli
206 2642 251 2682 τῷ
269 2654 400 2675 memom.
415 2643 496 2683 quod
514 2643 646 2673 librariis
661 2642 789 2672 debetur

136 2691 264 2722 alterum
287 2690 512 2731 ignorantibus.
564 2692 618 2720 Pia
645 2691 675 2721 in
699 2700 791 2729 nepo—

852 1531 925 1556 tem.
975 1525 1060 1555 Unus
1074 1528 1142 1560 eric,
1159 1534 1270 1565 nempe
1286 1525 1398 1559 Remo,
1414 1524 1510 1555 altero

852 1574 927 1610 filio,
941 1574 1125 1611 interfect03
1148 1572 1218 1603 vide
1236 1573 1317 1603 Fast.
1333 1572 1363 1602 d.
1380 1573 1400 1603 l.
1448 1574 1508 1603 Cn·-

852 1625 922 1653 riila
945 1625 1021 1659 virli,
1038 1623 1154 1653 coelum
1176 1621 1335 1652 caerulum.
1381 1622 1511 1653 Ennius.

853 1672 934 1702 unde
963 1671 1014 1701 hic
1045 1681 1109 1701 ver.
1140 1675 1293 1711 sumptus,
1327 1670 1413 1700 Urius
1442 1673 1511 1706 erit,

852 1732 935 1760 quem
957 1727 989 1750 tii
1013 1721 1090 1750 {ollis
1110 1722 1148 1749 ad
1167 1720 1278 1749 carrula
1298 1720 1362 1750 coelz·
1381 1719 1512 1759 Templa.

854 1769 955 1799 Etiam
983 1768 1066 1810 apud
1093 1767 1284 1802 Lucretium,
1313 1767 1335 1796 i.
1366 1769 1457 1798 1089.
1481 1780 1510 1798 ν.

855 1819 930 1847 770.
954 1819 1064 1848 merula
1090 1817 1154 1847 cffli
1177 1822 1208 1845 et
1232 1818 1346 1845 mundi.
1393 1817 1510 1847 Swnma

856 1868 1018 1901 verborum,
1034 1866 1149 1902 verba3
1173 1864 1256 1895 Fast.
1272 1864 1302 1894 d.
1318 1864 1339 1893 l.
1361 1866 1420 1895 sint
1441 1873 1511 1896 rata

856 1917 934 1945 dicta
948 1914 1041 1944 Jocis.

899 1963 972 1993 816.
1005 1962 1107 1997 Grecis,
1122 1959 1269 1995 obscuriS,
1292 1965 1326 1990 ut
1348 1972 1421 1991 εαί-(ι
1447 1974 1512 1997 mu,

857 2023 932 2041 coeca
949 2012 1056 2051 caligo,
1073 2015 1134 2040 etc.
1179 2010 1255 2039 Mox
1273 2009 1421 2040 Ciofanus
1436 2021 1512 2051 prae·

858 2060 916 2089 fert
940 2061 1049 2089 terruit
1073 2059 1177 2091 orbem,
1193 2062 1315 2098 propter
1339 2058 1423 2088 Fast.
1440 2058 1473 2088 d.
1491 2059 1514 2089 l.

857 2108 981 2147 Jupiter
1007 2112 1179 2136 minuerat:
1220 2111 1296 2135 nutu
1326 2106 1516 2147 tremqjirctus

859 2163 982 2195 uterque
1010 2155 1059 2184 Est
1083 2155 1176 2193 polus.
1224 2153 1267 2183 At
1292 2153 1322 2184 h.
1346 2154 1368 2185 l.
1389 2160 1514 2194 praestat

857 2206 957 2234 urbem
999 2208 1121 2244 propter
1157 2201 1248 2231 MSS.
1285 2202 1513 2233 auctoritatem.

858 2253 1041 2294 Complures
1083 2250 1208 2291 quidem
1246 2249 1392 2280 Heinsius
1430 2257 1516 2281 notat

857 2301 980 2332 codices
1000 2300 1031 2330 in
1053 2299 1166 2340 quibus
1185 2297 1260 2338 legit
1279 2300 1399 2333 urbem3
1424 2300 1515 2330 ambo

859 2356 961 2380 autem
991 2347 1084 2378 nostri
1115 2346 1208 2387 Regii
1237 2346 1313 2376 dant
1348 2348 1454 2383 orbem,
1483 2356 1514 2379 et

858 2397 933 2428 mihi
959 2403 1041 2428 certe
1066 2396 1188 2426 videtur
1211 2394 1444 2436 significavisse,
1471 2395 1515 2426 ita

859 2447 974 2477 coelum
991 2445 1127 2476 tonuisse
1142 2450 1176 2474 ut
1192 2444 1352 2474 universus
1367 2448 1514 2474 terrarum

859 2496 940 2526 orbis
963 2504 1048 2524 ruere
1065 2493 1148 2523 visus
1169 2492 1226 2522 sit:
1252 2492 1334 2522 idem
1356 2491 1447 2522 docet
1462 2492 1515 2522 Li-

860 2544 939 2574 vius.
988 2542 1060 2576 er
1089 2542 1154 2576 sibi,
1184 2546 1246 2570 etc.
1292 2541 1380 2570 Mars
1407 2540 1513 2575 sentit,

860 2592 905 2622 his
927 2590 1021 2632 signis
1044 2590 1171 2620 concedi
1189 2589 1246 2619 sibi
1265 2589 1333 2623 hoc,
1350 2594 1382 2619 ut
1398 2588 1515 2620 Romu-

860 2641 922 2671 lum
938 2649 953 2670 e
970 2639 1056 2669 terris
1072 2645 1189 2678 rapienti
1205 2637 1315 2669 inserat
1331 2636 1421 2668 coelo.
