1779 3130
256 191 340 231 400
645 188 694 227 Ρ.
729 186 941 227 OVIDII
976 187 1254 228 NASONIS

256 304 421 350 Pellor
437 320 447 358 ;
489 309 539 348 et
563 302 769 363 antiquo
795 317 1036 348 memores
1063 302 1124 347 de
1149 301 1350 348 vulnere
1377 318 1546 364 poenas

255 379 426 440 Exigit
451 378 581 424 alma
609 377 803 433 Venus3
845 383 1114 439 tantosque
1140 393 1228 439 per
1253 377 1353 423 alta
1377 377 1570 424 labores

255 455 473 517 AEquora
498 454 725 509 sustinui,
753 461 916 501 tantos
940 453 1258 500 terrestribus
1284 453 1448 508 armis,

256 531 328 577 Ut
351 530 469 577 mihi
495 530 664 577 felices
691 530 791 577 sint
814 531 882 576 illi
909 547 1040 593 saepe
1066 530 1243 585 vocati,
1542 532 1639 576 480

254 606 392 660 Quos
418 607 690 654 communis
716 606 891 660 hiems,
913 608 1328 669 importunusque
1350 606 1640 668 Caphareus

254 682 433 730 Mersit
458 683 628 745 aquis3
657 683 938 745 vellemque
960 683 1134 728 horum
1160 698 1272 744 pars
1300 697 1397 728 una
1417 680 1637 728 fuissem.

256 759 445 806 Ultima
463 760 567 821 jam
592 759 726 822 passi
752 759 957 805 comites
984 758 1215 820 belloque
1240 757 1484 819 fretoque,

255 836 522 891 Deficiunt,
549 836 800 896 finemque
826 841 1001 895 rogant
1025 833 1201 879 erroris
1225 850 1234 880 :
1274 840 1325 879 at
1349 833 1542 879 Acmon

254 911 491 958 Fervidus
518 910 730 972 ingenio,
754 917 859 956 tum
880 925 993 956 vero
1019 917 1068 956 et
1092 909 1316 955 cladibus
1343 925 1512 972 asper3
1543 912 1638 956 485

254 992 286 1010 “
309 987 442 1041 Quid
464 994 706 1050 superest,
726 986 860 1048 quod
877 987 982 1048 jam
1002 985 1244 1048 patientia
1262 993 1425 1032 vestra
1444 994 1641 1032 recuset

256 1063 417 1119 Ferre,
444 1063 532 1109 viri
550 1063 597 1108 ?'’
635 1063 790 1109 dixit:
829 1068 859 1085 ‘⁶
885 1062 1004 1125 quid
1030 1062 1183 1108 habet
1209 1062 1476 1125 Cytherea,
1505 1063 1639 1125 quod

450 1140 578 1185 ultra

252 1216 417 1279 (Velle
443 1216 585 1278 puta>
611 1215 792 1262 faciat?
830 1232 945 1262 nam
971 1215 1089 1261 dum
1116 1216 1287 1278 pejora
1311 1215 1561 1271 timentur,

254 1292 347 1339 Est
370 1293 419 1338 in
444 1300 556 1340 vota
580 1292 717 1338 locus
738 1309 747 1338 :
784 1308 887 1339 sors
915 1299 1081 1338 autem
1108 1292 1193 1337 ubi
1219 1292 1436 1354 pessima
1459 1308 1637 1345 rerum,

253 1369 359 1416 Sub
375 1369 587 1432 pedibus
603 1369 749 1415 timor
765 1375 857 1424 est,
870 1383 1145 1429 securaque
1164 1384 1357 1415 summa
1371 1369 1634 1415 malorum:

251 1445 437 1491 Audiat
461 1445 584 1508 ipsa,
613 1446 755 1501 licet3
798 1445 930 1499 licet,
957 1451 1011 1490 ut
1035 1443 1170 1499 facit,
1199 1444 1359 1490 oderit
1384 1459 1555 1491 omnes

254 1522 358 1568 Sub
386 1522 630 1570 Diomede
656 1522 810 1578 viros3
852 1521 1019 1568 odium
1045 1528 1212 1567 tamen
1237 1521 1367 1567 illius
1393 1538 1565 1568 omnes

253 1598 562 1661 spernimus,
591 1606 640 1645 et
665 1614 813 1661 parvo
840 1605 938 1644 stat
962 1613 1143 1659 magna
1167 1598 1390 1660 potentia
1413 1598 1607 1645 nobis.”

250 1675 454 1721 Talibus
480 1675 681 1721 invitam
707 1675 956 1722 Venerem
983 1675 1280 1722 Pleuronius
1305 1674 1498 1721 Acmon

251 1751 537 1798 Instimulat
556 1752 734 1807 verbis,
755 1760 1077 1814 veteremque
1098 1751 1363 1798 resuscitat
1383 1751 1520 1798 iram.
1540 1754 1635 1798 495

251 1827 401 1874 Dicta
426 1828 627 1891 placent
652 1829 853 1891 paucis:
896 1828 1085 1875 numeri
1110 1828 1310 1890 majoris
1337 1827 1481 1874 amici

289 1989 362 2018 479.
382 1987 580 2018 Terrestribus
594 1990 694 2024 armis,
706 1999 776 2018 cum
788 1989 902 2019 Dauno

247 2036 392 2067 adversus
409 2036 583 2077 Messapios
604 2037 693 2074 latis3
717 2037 822 2067 confer
837 2038 903 2066 An-

246 2086 342 2116 tonin.
358 2085 492 2115 Liberal.
509 2086 561 2115 37.
613 2085 782 2115 Communis
804 2087 903 2121 hiems,

247 2141 426 2176 tempestas,
454 2145 517 2164 ver.
545 2135 606 2164 470
636 2145 705 2175 sqq.
734 2134 901 2176 descripta,

246 2195 314 2224 quae
351 2182 525 2224 pertinebat
559 2183 597 2213 ad
631 2194 737 2214 omnes
764 2184 903 2215 Graecos.

246 2233 362 2262 Votum
378 2238 481 2261 autem
498 2231 554 2261 hoc
571 2241 733 2262 commune
755 2232 801 2267 iis,
819 2233 871 2273 qui
889 2243 904 2262 e

246 2280 424 2312 calamitate
448 2280 582 2321 quadam
606 2280 725 2315 emersi,
745 2281 810 2322 jam
834 2292 904 2311 cum

246 2330 308 2360 alia
322 2329 550 2360 conflictantur.

290 2379 362 2409 484.
402 2379 566 2418 Dqficizznt,
596 2378 716 2409 animos
744 2379 903 2419 abjiciunt.

245 2428 352 2458 Potest
366 2428 510 2467 dqficiunt
528 2427 688 2469 explicari,
705 2439 753 2458 me
771 2428 901 2458 derelim

246 2487 339 2517 quere
356 2482 476 2514 parant.
520 2477 642 2511 Amnon,
658 2477 711 2517 qui
734 2477 823 2512 infra,
843 2487 903 2507 ver.

247 2526 319 2554 494.
349 2524 460 2554 dicitur
492 2524 671 2554 Pleuronius
705 2536 722 2554 a
751 2525 903 2555 Pleurone

246 2573 373 2603 AEtoliae
387 2574 472 2607 urbe,
489 2584 582 2613 quum
604 2574 752 2604 Venerem
766 2581 902 2603 contem-

245 2628 341 2657 neret,
358 2622 388 2651 in
406 2632 493 2651 avem
510 2632 607 2661 cycno
624 2622 755 2652 similem
768 2622 825 2652 fuit
838 2633 903 2652 mu-

246 2676 338 2700 tatus.
384 2670 683 2700 Nonnulliscribunt
700 2672 831 2711 Agn10n;
850 2670 904 2700 sed

246 2718 366 2748 Acmon
379 2718 524 2748 Graecum
540 2725 585 2747 est
601 2729 710 2749 nomen
727 2725 759 2749 ut
775 2719 904 2758 Cycnus,

971 1988 1097 2022 Procrin,
1119 1993 1179 2017 etc.
1230 1988 1341 2017 Acmon
1367 1987 1449 2028 apud
1472 1987 1637 2028 Virgilium

971 2047 1031 2067 non
1047 2035 1193 2066 occurrit.
1239 2037 1345 2075 Asper,
1365 2036 1579 2067 exacerbatus.

1014 2085 1087 2115 489.
1111 2084 1151 2113 In.
1177 2090 1254 2119 rota,
1272 2083 1362 2119 votis,
1377 2084 1530 2126 precibus.
1576 2086 1636 2115 Sub

969 2135 1101 2173 pedibus,
1131 2133 1232 2163 victus
1270 2139 1331 2162 est.
1377 2133 1487 2163 Secura
1525 2144 1636 2163 summa

972 2184 1128 2217 malorum,
1145 2182 1243 2212 securi
1260 2192 1292 2211 su
1300 2188 1331 2212 nt
1346 2182 1484 2212 homines
1501 2182 1539 2212 de
1554 2193 1635 2213 sum-

974 2242 1023 2261 mo
1045 2231 1138 2266 malo,
1159 2241 1219 2260 non
1246 2231 1379 2271 amplius
1403 2230 1513 2260 timent
1536 2232 1636 2272 majus

974 2281 1090 2311 malum
1105 2292 1111 2317 3
1138 2281 1181 2310 sic
1197 2291 1301 2317 secura
1319 2286 1382 2310 rota
1399 2281 1450 2311 xii.
1470 2282 1539 2311 199.

1017 2331 1090 2359 493.
1130 2330 1170 2359 Et
1197 2341 1289 2368 parvo
1319 2336 1378 2359 stat
1404 2341 1526 2371 magna,
1554 2329 1632 2369 etc.]

974 2379 1091 2418 Utique
1105 2389 1121 2408 e
1133 2378 1299 2408 duodecim
1314 2379 1405 2408 MSS.
1417 2378 1637 2413 revocandum,

972 2435 997 2457 ec
1012 2438 1103 2466 parra
1119 2434 1177 2457 stat
1201 2434 1284 2457 ταηεα
1298 2430 1433 2466 potentia
1458 2428 1559 2464 7zobi85
1582 2438 1635 2468 pa—

971 2487 1038 2506 rum
1060 2477 1166 2506 damni
1189 2477 1276 2507 nobis
1300 2477 1389 2507 affert
1411 2477 1549 2518 potentia
1573 2478 1635 2507 Ve-

972 2525 1051 2555 neris
1066 2538 1073 2563 3
1096 2526 1166 2555 vide
1184 2526 1222 2556 ad
1238 2538 1269 2557 x.
1286 2527 1364 2556 547:
1390 2532 1472 2556 recte
1490 2526 1637 2556 Heinsius

972 2574 1033 2604 ait:
1070 2575 1125 2604 hoc
1151 2575 1226 2610 vult,
1249 2575 1347 2605 socios
1372 2586 1441 2605 suos
1466 2575 1636 2615 superiores

973 2633 1038 2653 esse
1056 2624 1138 2653 omni
1155 2624 1287 2654 Veneris
1307 2623 1435 2654 insultu.
1476 2623 1590 2664 Vulgo,
1607 2630 1634 2653 et

973 2684 1078 2712 magno
1108 2679 1165 2702 stuc

975 2720 1097 2760 Regiis.

1203 2686 1323 2713 magna,
1354 2678 1387 2703 ut
1413 2673 1444 2703 in
1476 2671 1634 2702 codicibus
