1779 3130
272 180 329 221 66
656 177 707 216 P.
741 173 954 216 OVIDII
992 172 1273 213 NASONIS

276 293 458 355 Coepit,
487 291 736 336 inornatos
762 287 1020 335 redimitus
1045 285 1285 332 arundine
1309 285 1471 331 crines
1494 301 1504 331 :

276 369 439 415 Triste
466 366 595 429 petis
621 381 829 411 munus:
870 363 982 424 quis
1004 363 1137 408 enim
1163 377 1252 407 sua
1277 361 1446 424 praelia
1470 360 1630 406 victus

279 446 681 492 Commemorare
704 440 857 488 velit?
896 439 1103 486 referam
1130 446 1297 485 tamen
1330 438 1529 484 ordine:
1570 451 1662 484 nec

475 527 578 566 tam

1635 515 1664 559 5

278 598 446 659 Turpe
470 595 562 642 fuit
584 594 730 649 vinci,
760 608 911 654 quam
936 592 1251 638 contendisse
1276 591 1508 638 decorum
1536 596 1639 646 est3

278 675 567 736 Magnaque
592 671 678 717 dat
701 670 843 716 nobis
868 676 1038 716 tantus
1065 668 1239 714 solatia
1261 667 1431 714 victor.

280 751 496 798 Nomine
522 750 561 796 si
587 763 687 810 qua
712 763 800 793 suo
825 747 1025 792 tandem
1049 745 1274 808 pervenit
1298 745 1359 790 ad
1385 760 1528 791 aures

281 827 519 890 Dejanira
542 833 654 871 tuas
673 843 682 879 ;
724 823 977 885 quondam
1002 822 1336 884 pulcherrima
1358 821 1511 882 virgo,

282 903 659 963 Multorumque
684 899 776 945 fuit
801 915 916 961 spes
942 898 1180 944 invidiosa
1204 913 1482 960 procorum.
1611 899 1668 942 10

284 980 414 1026 Cum
441 977 622 1041 quibus
647 983 703 1022 ut
727 975 883 1022 soceri
909 974 1086 1020 domus
1112 980 1189 1021 est
1212 974 1393 1020 intrata
1416 973 1586 1036 petiti3

285 1061 315 1080 ‘⁶
337 1055 527 1118 Accipe
552 1069 631 1100 me
657 1050 942 1114 generum,”
965 1049 1084 1105 dixi,
1115 1055 1146 1073 “
1163 1050 1448 1097 Parthaone
1473 1050 1636 1097 nate.'’

282 1221 342 1252 IV.
363 1220 425 1250 Od.
441 1219 503 1250 xiv.
525 1219 579 1249 25.
626 1217 808 1252 Inorvmtos3
834 1215 943 1246 tertius

283 1268 449 1300 Mediceus
472 1267 579 1307 inepte
608 1269 774 1296 inauratos.
817 1264 942 1295 Horridi

286 1323 316 1348 et
332 1316 441 1348 inculti
456 1314 663 1357 pingebantur
679 1312 792 1344 Fluvii.
818 1313 900 1344 Vide
914 1324 943 1343 v.

285 1378 312 1398 c.
337 1366 441 1396 Rheni
470 1364 706 1405 descriptionem
734 1362 817 1404 apud
845 1361 942 1392 Clau-

285 1416 412 1447 dianum
429 1414 524 1445 Cous.
538 1413 635 1454 Olyb.
648 1412 711 1442 ‘210
723 1422 792 1452 sqq.
816 1412 943 1441 Arunda

285 1464 406 1505 insigne
422 1463 612 1499 Fluviorum,
629 1472 690 1502 quo
705 1460 845 1491 coronari
863 1460 943 1490 sole-

284 1515 374 1545 bant.
398 1511 559 1552 Virgilius,
576 1509 700 1540 ,Eneid
714 1509 779 1540 viii.
791 1510 832 1539 33
847 1521 853 1538 :
878 1520 945 1539 eum

285 1565 383 1593 tenuis
398 1563 509 1603 glauco
524 1561 640 1590 velabat
656 1561 767 1589 amictu
787 1558 944 1593 Car-basus,

286 1619 313 1642 et
327 1613 424 1642 crines
435 1611 568 1639 umbrosa
582 1610 696 1649 tegebat
707 1609 835 1637 arundo.
860 1607 944 1638 Con--

287 1661 331 1691 ser
346 1660 440 1691 etiarn
457 1658 559 1688 locum
576 1656 690 1688 Vellei.
706 1657 829 1686 Patere.
844 1655 877 1686 ii.
893 1657 945 1686 83.

330 1711 363 1739 4.
391 1709 486 1738 Triste
505 1709 580 1746 petis
600 1717 727 1736 mimus:
752 1705 828 1745 ete.]
857 1704 948 1735 Talia

287 1757 409 1801 praefari
429 1757 540 1791 solent,
562 1766 625 1786 rem
647 1755 801 1795 ingratam
824 1764 945 1784 narrare

284 1808 374 1851 jussi.
395 1808 505 1837 Pralia
517 1805 641 1845 dignius
652 1814 745 1844 quam
757 1803 945 1838 colluctatio,

286 1864 454 1889 certamen.
491 1855 618 1895 Referre
633 1854 737 1882 ordine
752 1852 883 1882 formula
897 1862 945 1881 so-

286 1906 399 1941 lennis,
416 1911 512 1935 totam
535 1903 577 1933 rei
598 1902 706 1932 seriem
729 1911 864 1935 narrare,
886 1911 946 1931 non

288 1954 478 1987 summatim.
498 1963 527 1983 v.
548 1952 622 1982 3323.
668 1950 732 1981 Nec
754 1957 812 1980 tum
837 1949 947 1989 Turpe,

287 2011 351 2036 etc.
367 2004 450 2034 Vere
465 2012 481 2032 e
498 2011 589 2032 sensu
606 2000 785 2030 Graecorum
799 2011 805 2028 z
830 1998 902 2029 vide
914 1999 946 2029 in

289 2052 355 2084 xiii.
381 2052 431 2081 19.
475 2051 562 2080 Mors
583 2048 678 2079 etiarn
700 2058 718 2077 a
738 2048 802 2077 viro
826 2046 896 2077 forti
915 2053 946 2077 et

290 2113 308 2132 a
334 2101 434 2131 bestia
459 2098 574 2140 majore
598 2097 686 2127 illata
708 2096 811 2126 minus
833 2096 947 2126 acerba

289 2149 490 2185 habebabur3
508 2157 537 2176 v.
553 2147 607 2176 191
624 2157 631 2183 3
649 2144 805 2179 AElianus,
823 2144 947 2174 variar.

289 2198 406 2228 Histor.
433 2195 494 2225 xiv.
522 2196 561 2230 43
596 2204 689 2234 quein
714 2203 836 2223 sensum
864 2192 946 2222 leoni

291 2248 385 2277 etiam
414 2245 523 2275 tribuit
551 2242 712 2276 Phaedrus,
748 2242 771 2272 i.
801 2242 866 2272 sab.
895 2242 946 2271 21.

293 2296 453 2328 Decorum,
469 2292 634 2332 gloriosum
649 2302 657 2328 ;
681 2290 802 2324 Cicero,
820 2291 907 2320 Brut.
924 2289 946 2320 i.

291 2343 329 2373 de
357 2340 545 2372 Hortensio:
569 2351 636 2370 cum
663 2351 718 2378 qui>
744 2345 858 2369 certare
884 2345 949 2368 erat

288 2393 458 2433 gloriosius,
485 2400 570 2429 qnam
600 2389 716 2417 omnini)
745 2389 949 2417 adversarium

292 2452 349 2470 nun
373 2440 487 2469 habere.
533 2436 645 2467 Victus
666 2443 770 2466 tamen
791 2435 950 2466 Achelous

291 2494 368 2523 erat,
390 2498 483 2528 quum
512 2485 665 2516 Hercules
693 2484 830 2515 nondum
861 2485 950 2515 Deus

292 2543 384 2571 esset,
393 2535 531 2576 adeoque
544 2542 631 2575 turpe
642 2533 773 2564 duxerat
783 2534 808 2563 ei
820 2534 929 2563 cedere
940 2545 949 2571 3

293 2595 355 2616 ver.
374 2585 423 2614 16.
470 2583 583 2613 Tantus
599 2584 700 2618 victor,
718 2588 853 2623 quantus
869 2582 949 2611 Her-

293 2634 379 2664 cules
395 2631 463 2663 fuit.
509 2632 590 2662 Y‘nle
607 2642 675 2671 (μω
693 2631 785 2661 fuerit
800 2631 948 2672 interpre—

294 2683 369 2713 tatio
392 2691 456 2712 ver.
485 2681 553 2711 191.
576 2681 631 2710 lib.
651 2691 689 2710 v:
731 2680 846 2720 Magna
864 2680 949 2720 seres

1012 1217 1119 1245 tacitas
1130 1215 1234 1245 solatia
1246 1217 1347 1245 mortis
1356 1217 1394 1246 ad
1407 1217 1534 1252 umbras,
1547 1218 1573 1246 A
1586 1222 1670 1247 tanto

1011 1266 1146 1295 cecidisse
1162 1266 1235 1294 viro.

1054 1314 1084 1343 8.
1121 1313 1251 1344 Tandem
1287 1313 1410 1354 Regius
1439 1313 1670 1355 interpretatur,

1011 1362 1181 1404 aliquando
1196 1374 1203 1400 3
1227 1363 1400 1393 Burmann.
1427 1363 1485 1394 hoc
1511 1374 1570 1394 non
1595 1374 1669 1395 con-

1010 1412 1127 1452 coquit,
1138 1411 1194 1442 sed
1205 1418 1382 1452 corruptum
1394 1422 1461 1443 voc.
1472 1417 1573 1454 putat,
1587 1413 1672 1454 quod

1012 1467 1043 1491 et
1065 1460 1195 1491 Heinsio
1210 1460 1311 1492 visum
1327 1461 1376 1497 sit,
1400 1461 1454 1503 qui
1470 1462 1602 1503 margini
1623 1473 1670 1493 as-

1012 1508 1151 1550 cripserit
1165 1521 1170 1538 :
1210 1509 1297 1545 forte,
1311 1510 1435 1551 forsan.
1479 1511 1552 1552 Ipse
1572 1511 1671 1548 malit,

1001 1557 1116 1598 fando,
1133 1564 1166 1588 ut
1182 1569 1232 1589 xv.
1249 1559 1332 1596 4973
1361 1559 1474 1600 Vir-gil.
1493 1560 1623 1591 „Eneid
1638 1560 1672 1591 ii.

1013 1608 1065 1637 81.
1110 1606 1191 1636 Mihi
1218 1613 1322 1638 tamen
1346 1607 1403 1638 hoc
1429 1619 1538 1650 parum
1567 1610 1673 1651 placet

1012 1662 1136 1697 propter
1161 1655 1316 1696 ingratum
1342 1667 1464 1693 sonum,
1489 1669 1542 1688 suo
1568 1659 1673 1695 fando.

1014 1704 1167 1735 Usitatius
1187 1710 1246 1740 est,
1267 1705 1402 1746 sifurte,
1426 1712 1459 1736 ut
1479 1706 1532 1737 vii.
1551 1694 1624 1740 &94
1640 1715 1672 1740 et

1013 1764 1107 1794 saepe.
1153 1754 1303 1793 quunira
1322 1757 1438 1785 nomine
1457 1767 1509 1786 suo
1529 1768 1584 1798 pro
1601 1758 1671 1788 vul-

1013 1802 1090 1843 gari,
1111 1813 1223 1833 nomen
1243 1803 1412 1844 Dejanirae.
1459 1806 1564 1841 Quum
1586 1806 1675 1838 addit

1014 1863 1083 1890 qua,
1095 1850 1224 1887 indicat,
1242 1862 1302 1881 non
1317 1851 1392 1882 satis
1408 1853 1562 1885 celebrem
1578 1855 1674 1887 fuisse

1014 1901 1194 1930 mulierem:
1230 1901 1314 1941 quod
1337 1907 1442 1932 tamen
1465 1903 1575 1934 melius
1595 1904 1673 1936 forte

1014 1948 1180 1979 omisisset.
1228 1949 1466 1991 Malioi-umque,
1485 1958 1545 1983 ete.
1583 1954 1673 1985 Idem

1014 2008 1119 2028 versus
1141 1998 1254 2038 legitur
1272 1999 1314 2028 iv.
1338 1999 1399 2029 794
1419 2000 1490 2040 (ubi
1508 2001 1579 2033 vide
1601 2014 1671 2044 quae

1014 2047 1064 2078 Cl.
1079 2047 1186 2088 Gierig
1201 2046 1325 2082 dixerit,
1341 2055 1371 2078 et
1386 2059 1456 2090 quae
1473 2051 1619 2092 exempla
1634 2063 1672 2083 ex

1014 2095 1172 2136 Propertio
1188 2095 1355 2135 attulerit.)

1060 2145 1110 2174 11.
1137 2144 1253 2180 Petere,
1282 2152 1316 2175 ut
1345 2145 1458 2182 αἰτεῖν,
1489 2149 1610 2189 proprie
1635 2150 1675 2181 de

1013 2192 1114 2235 procis
1150 2193 1288 2233 puellam
1334 2195 1565 2235 ambientibu53
1612 2199 1674 2230 vid.

1015 2241 1118 2272 Cerda
1134 2241 1172 2271 ad
1190 2241 1365 2282 Virgilium,
1383 2244 1458 2274 mEn.
1476 2245 1527 2276 vii.
1542 2247 1594 2277 54.

1061 2292 1109 2321 12.
1146 2291 1255 2330 Accipe
1284 2303 1327 2321 me
1352 2295 1525 2334 gener-uim]
1565 2296 1674 2328 Missis

1014 2350 1096 2370 more
1109 2339 1323 2380 antiquissimo
1337 2342 1533 2382 ambagibus,
1546 2355 1609 2375 rem
1623 2345 1671 2387 ip-

1014 2398 1080 2418 sam
1092 2387 1235 2429 proponit
1249 2401 1255 2417 :
1274 2391 1416 2428 accipere,
1433 2396 1467 2420 ut
1477 2392 1673 2433 λαμβάνειν,

1014 2437 1135 2477 proprie
1156 2437 1195 2467 de
1215 2437 1402 2478 adoptione3
1432 2439 1495 2470 vid.
1517 2441 1610 2472 Corte
1632 2443 1673 2473 ad

1015 2486 1197 2516 Sallustium
1219 2488 1294 2527 Jug.
1319 2489 1368 2522 10,
1392 2492 1439 2528 (et
1460 2500 1529 2530 quae
1552 2492 1674 2533 collega

1017 2539 1118 2564 noster
1134 2534 1243 2564 doctis.
1258 2536 1291 2566 J.
1306 2536 1340 2565 L.
1356 2537 1519 2568 Brnxovr
1542 2539 1581 2569 ad
1596 2550 1672 2571 eun-

1016 2582 1086 2612 dem
1101 2583 1203 2613 locum
1217 2583 1339 2619 dixerit,
1355 2592 1434 2616 nost.
1449 2586 1523 2617 edit.
1539 2599 1569 2628 p.
1585 2589 1674 2629 158.)

1016 2630 1098 2661 Hinc
1115 2631 1209 2661 etiam
1222 2632 1312 2667 bene,
1329 2636 1460 2672 accipere
1471 2646 1626 2675 generum,
1638 2643 1675 2668 ut

1015 2680 1101 2716 alibi,
1126 2683 1259 2720 accipere
1281 2685 1420 2718 amicum,
1444 2685 1476 2713 iu
1498 2687 1673 2724 amicitiam,
