1779 3130
252 178 337 218 422

558 176 609 215 P.
643 175 856 216 OVIDII
891 175 1186 223 NASONIS,
1220 177 1349 216 ETC.

252 290 395 336 Hanc
422 289 648 335 manibus
674 290 801 336 notis
829 289 1069 336 Romanae
1096 290 1321 336 conditor
1347 290 1481 336 urbis

250 365 466 428 Excipit,
485 372 535 412 et
554 365 772 428 priscum
793 366 974 428 pariter
993 382 1106 412 cum
1119 381 1324 428 corpore
1334 382 1513 412 nomen
1540 369 1635 412 850

249 440 443 497 Mutat3
484 440 774 504 Horamque
804 449 964 497 vocat,
1005 458 1116 504 quae
1155 458 1286 488 nunc
1325 442 1435 489 Dea
1459 443 1635 504 juncta

450 516 654 571 Quirino
680 525 771 564 est.

296 666 367 695 849.
393 665 491 699 Notis,
506 664 618 706 quibus
634 675 716 706 saepe
730 675 800 695 eam
816 665 848 695 in
864 665 912 695 his

253 713 338 743 terris
355 713 516 752 amplexus
529 718 604 743 erat.
633 713 678 744 Ut
693 713 822 743 Herculi
839 723 910 743 con-

252 767 372 793 secrato
387 762 486 797 Hebe,
498 762 541 792 sic
554 761 685 798 Quirino
699 762 785 792 Hora
797 762 909 802 conjux

253 810 338 840 data.
382 809 500 840 Ennius
523 809 584 840 An.
602 810 630 839 i:
661 810 765 850 Teque,
783 809 912 843 Quirine

251 866 348 898 pater,
367 869 497 894 veneror,
514 858 684 898 Horamque
702 858 837 892 Quirini.
872 859 912 888 Et

254 907 339 936 Hom
374 906 494 942 eadem,
525 917 594 947 quae
628 907 729 937 Hebe.
790 906 912 937 Nonius

253 954 468 990 Marcellinus,
499 955 594 990 Hora,
622 957 799 994 jucentutis
837 955 913 984 Dea.

254 1004 376 1045 Nempe
392 1003 492 1044 ’Ὠρα,
512 1004 671 1045 juventus.
716 1004 829 1045 Itaque
853 1014 913 1034 non

980 664 1046 694 sine
1071 674 1166 694 causa
1192 664 1285 694 Oram
1312 665 1430 695 mutavi
1457 664 1489 695 iu
1515 665 1641 701 Horam,

979 713 1062 754 quod
1081 718 1112 743 et
1134 713 1226 743 MSS.
1243 713 1383 744 meliores
1401 714 1450 754 (et
1467 713 1558 755 Regii
1576 725 1642 744 am-

978 761 1047 800 bo,)
1063 761 1197 797 Ennius,
1217 761 1342 792 Gellius
1359 762 1423 792 xiii.
1436 763 1487 792 22.
1502 763 1640 793 Marcel-

979 812 1061 841 linus
1081 810 1258 851 praeferunt.
1304 811 1421 840 Horam
1446 816 1549 840 autem
1575 822 1640 841 esse

980 858 1148 888 Hersiliam
1160 859 1407 889 transformatam
1417 859 1550 890 Ovidius
1562 871 1641 890 unus

980 913 1092 937 narrat.
1117 907 1231 937 Jimcta
1247 908 1386 944 Quirino,
1399 908 1472 949 quia
1483 908 1514 939 in
1525 908 1641 949 templo

984 955 1107 992 Quirini
1123 955 1291 986 colebatur.
