1779 3130
338 153 955 195 METAMORPHOSEON
989 154 1106 195 LIB.
1140 154 1248 195 XV.
1395 157 1475 195 441

99 266 224 313 Cras
241 267 446 314 erimus:
470 267 562 314 fuit
582 268 666 314 illa
682 268 805 322 dies,
827 284 926 330 qua
945 268 1134 315 semina
1148 275 1354 324 tantum,
1376 272 1470 314 216

95 343 326 405 Spesque
374 344 626 390 hominum
670 345 839 406 primae
879 351 1098 391 materna
1144 344 1472 391 habitavimus

92 420 323 466 Artifices
349 428 522 466 natura
548 437 719 466 manus
746 421 990 475 admovit3
1031 427 1081 466 et
1106 420 1216 480 angi

1321 421 1464 482 [alvo.

94 495 317 558 Corpora
332 496 601 542 visceribus
627 496 854 543 distentae
881 496 1081 542 condita
1106 496 1272 542 matris

95 569 282 626 Noluit,
310 587 439 634 eque
465 572 610 618 domo
634 588 812 619 vacuas
839 572 1000 619 emisit
1025 572 1072 617 in
1100 588 1256 618 auras.
1373 575 1468 617 220

95 645 271 693 Editus
297 647 345 693 in
370 648 529 694 lucem
549 648 707 710 jacuit
732 648 836 694 sine
862 648 1044 693 viribus
1072 647 1256 703 infans3

95 722 217 769 Mox
233 724 531 787 quadrupes,
544 725 740 786 rituque
753 724 864 770 tulit
885 740 974 770 sua
993 724 1214 770 membra
1228 722 1436 770 ferarum
1456 740 1465 778 ;

90 798 439 862 Paulatimque
466 807 698 856 tremens,
727 808 775 846 et
799 800 1016 846 nondum
1042 800 1229 862 poplite
1255 798 1393 844 firmo

92 875 344 931 Constitit,
372 877 553 939 adjutis
579 877 743 939 aliquo
768 876 1025 923 conamine
1052 874 1228 922 nervis.

1372 876 1466 920 224

91 951 214 998 Inde
236 952 401 998 valens
427 953 672 1015 veloxque
697 952 815 1008 fuit;
856 951 1172 1014 spatiumque
1192 952 1411 1013 juventae

89 1026 302 1082 Transit,
321 1035 385 1082 et,
413 1029 624 1075 emensis
650 1028 797 1075 medii
823 1043 1025 1090 quoque
1050 1025 1283 1089 temporis
1310 1026 1465 1082 annis,

91 1102 294 1149 Labitur
317 1104 534 1150 occiduae
561 1120 647 1167 per
670 1104 761 1150 iter
784 1104 971 1150 declive
996 1110 1227 1150 senectae.

89 1179 294 1226 Subruit
318 1180 422 1226 haec
448 1180 552 1236 aevi,
580 1180 944 1242 demoliturque
969 1179 1141 1243 prioris

1326 1179 1464 1239 [anes

90 1255 319 1312 Robora,
361 1257 546 1318 fletque
584 1257 742 1303 Milon
775 1256 950 1311 senior,
987 1272 1140 1318 quum
1174 1261 1366 1318 spectat
1393 1255 1463 1301 in-

129 1415 204 1445 222.
230 1415 417 1455 Quadrupes,
441 1422 582 1457 reptans-3
609 1417 743 1447 videtur-

87 1473 148 1504 que
177 1464 309 1494 allusum
339 1464 378 1494 ad
413 1465 556 1506 Sphingis
589 1465 740 1506 aenigma:

88 1513 139 1551 qui
159 1514 326 1551 quadrupes
339 1512 436 1553 jbret,
459 1519 485 1542 et
505 1514 591 1551 bipes,
608 1519 634 1543 et
656 1514 744 1552 tripes

88 1572 166 1590 uuus
181 1568 207 1591 et
225 1562 310 1591 idem.
355 1562 392 1591 In
407 1561 592 1602 imaginibus
614 1569 744 1592 tremen-

87 1610 165 1640 tium
188 1611 305 1649 poplitis
327 1610 486 1640 commode
512 1611 544 1639 fit
565 1610 689 1645 mentio,
712 1615 745 1639 ut

88 1670 119 1689 x.
148 1660 229 1696 4583
269 1659 427 1695 Horatius,
457 1659 524 1690 Art.
553 1660 640 1689 Poet.
672 1661 742 1690 158.

86 1709 158 1746 pede
172 1709 271 1748 signat
286 1708 418 1737 humum.
444 1710 565 1747 Atljutis
579 1710 743 1743 conamine,

87 1755 190 1786 nervis
213 1755 348 1786 nondum
367 1755 461 1786 firmis
483 1756 633 1786 succurrit
653 1766 744 1786 cona-

89 1815 161 1835 men
177 1804 314 1835 infantis.

131 1856 204 1885 225.
232 1854 348 1888 Valens,
363 1854 480 1884 firmus.
509 1854 640 1889 Transit,
656 1864 743 1894 pera-

87 1903 145 1944 git.
192 1903 241 1932 De
262 1904 355 1932 medio
374 1908 509 1941 tempore,
531 1902 563 1932 id
589 1908 635 1932 est
652 1907 744 1933 aetate

88 1951 180 1987 virili,
198 1951 266 1981 vide
283 1950 321 1980 ad
343 1951 395 1981 xii.
412 1952 484 1982 404.
510 1952 585 1981 Labi
600 1951 638 1981 de
654 1951 745 1982 celeri

88 2000 220 2031 decursu
239 2000 339 2030 aetatis
361 1999 449 2038 (vide
471 1999 508 2030 ad
530 2012 560 2030 x.
577 2000 667 2040 519.)
689 2000 745 2029 irn-

88 2048 194 2090 primis
209 2048 323 2084 senilis,
339 2048 427 2089 cujus
450 2051 505 2079 iter
526 2050 647 2084 declive,
663 2049 745 2090 quod

89 2107 107 2127 a
131 2096 180 2127 via
202 2096 275 2127 solis
298 2097 440 2138 petitum,
461 2096 543 2127 unde
567 2103 598 2127 et
620 2099 745 2127 occidua

89 2151 235 2181 senecta,⁴
245 2145 283 2175 ad
299 2156 443 2176 occasum
459 2155 601 2186 vergens.
630 2145 743 2175 Subru-

90 2205 138 2225 ere
158 2199 188 2224 et
202 2195 336 2224 demoliri.
357 2193 463 2234 gravia
481 2194 572 2224 verba
589 2194 626 2224 ab
648 2192 744 2223 aedifi-

89 2243 145 2274 ciis
161 2243 321 2273 translata.

135 2293 208 2322 229.
226 2292 347 2332 Fletque
365 2292 473 2327 Milon,
489 2292 567 2332 etc.]
589 2291 746 2332 Exemplis

89 2341 218 2372 delectis
242 2340 412 2372 senectutis
440 2340 684 2371 imbecillitatem
708 2340 744 2370 il-

91 2390 200 2420 lustrat
214 2401 222 2427 ;
246 2394 276 2420 et
293 2389 363 2419 viris
379 2389 496 2425 robora,
514 2395 544 2420 et
559 2388 679 2419 feminis
695 2399 746 2418 ve-

92 2438 222 2469 nustatis
236 2438 400 2468 illecebras
411 2438 522 2468 demit.
548 2438 655 2473 Milon,
673 2437 747 2467 Cro-

92 2486 233 2522 toniates,
250 2486 408 2517 familiaris
420 2486 616 2527 Pythagora),
629 2485 748 2516 athleta

92 2535 198 2566 robore
217 2535 356 2575 insignis,
373 2539 392 2552 ¹⁴
404 2546 499 2576 quum
511 2535 576 2576 jam
592 2545 683 2565 senex
700 2545 747 2565 es-

93 2590 150 2619 set,
167 2584 361 2625 athletasque
385 2595 417 2615 se
438 2585 469 2614 in
491 2584 644 2614 curriculo
659 2594 745 2614 exer-

95 2638 200 2663 centes
247 2633 375 2669 videret,
420 2633 574 2674 aspexisse
617 2633 750 2662 lacertos

93 2691 166 2710 suos
192 2681 315 2715 dicitur,
339 2681 598 2722 illacrymansque
626 2680 751 2713 dixisse,

143 2729 242 2759 VOL.
260 2729 318 2759 lv.

810 1417 854 1446 At
881 1417 912 1446 hi
948 1416 1073 1457 quidem
1107 1417 1171 1457 jam
1204 1414 1314 1445 mortui
1349 1420 1419 1445 sunt
1435 1415 1467 1453 ;”

812 1465 921 1495 Cicero
943 1466 1064 1495 Senect.
1077 1465 1108 1494 9.
1153 1464 1221 1493 Hoc
1244 1462 1364 1493 Milone
1388 1463 1467 1494 duce

812 1512 998 1543 Crotoniatae
1029 1511 1188 1553 Sybaritas
1210 1510 1350 1542 vicerunt
1374 1521 1404 1541 a.
1435 1512 1466 1542 4.

813 1562 941 1603 Olymp.
959 1560 1055 1598 lxvii‚·
1081 1560 1236 1590 Diodorus
1250 1560 1311 1590 Sic.
1326 1558 1379 1589 xii.
1395 1560 1468 1590 483.

816 1610 882 1640 Tori
893 1620 962 1651 pars
972 1619 1099 1639 carnosa
1111 1609 1142 1638 in
1154 1607 1424 1648 lacertis‚quorum
1438 1614 1468 1638 et

811 1660 961 1688 soliditate
981 1663 1011 1688 et
1032 1658 1115 1692 mole,
1132 1656 1356 1697 magnitudine,
1378 1656 1468 1686 robur

811 1713 966 1737 censetur.
1014 1706 1055 1735 Hi
1075 1704 1233 1736 commode
1251 1709 1468 1746 comparantur

812 1767 881 1786 cum
914 1756 1094 1792 Herculeis5
1132 1760 1195 1784 tum
1226 1753 1300 1794 quia
1324 1752 1468 1783 Herculis

812 1803 919 1834 lacerti
935 1803 1023 1834 solidi
1045 1809 1075 1833 et
1092 1803 1148 1833 tori
1166 1802 1279 1843 passim
1301 1801 1466 1831 laudantur

812 1863 830 1883 a
854 1854 962 1894 poetis,
985 1862 1115 1893 quorum
1139 1852 1207 1881 loca
1234 1849 1467 1890 diligentissime

813 1901 842 1932 h.
858 1901 879 1931 l.
903 1901 1029 1941 collegit
1052 1899 1209 1933 Heinsius,
1231 1904 1295 1928 tum
1318 1897 1393 1939 quia
1416 1897 1468 1928 ille

814 1951 852 1981 ab
874 1950 999 1980 athletis
1019 1949 1190 1982 colebatur,
1208 1948 1337 1988 ejusque
1356 1952 1466 1977 statuae

813 1999 843 2029 in
859 1998 1027 2039 gymnasiis
1047 2003 1145 2029 erant.
1190 1996 1241 2026 Illi
1264 1996 1369 2026 lacerti
1385 2006 1466 2026 nune

813 2053 898 2078 erant
923 2049 1035 2082 inanes,
1056 2046 1085 2076 id
1109 2051 1166 2081 est,
1188 2044 1301 2085 quibus
1322 2055 1382 2074 non
1403 2055 1467 2075 am-

813 2097 893 2137 plius
909 2095 1069 2126 colluctari
1085 2099 1216 2136 poterat.
1258 2093 1382 2123 Fluidos
1395 2104 1465 2133 pen-

812 2148 891 2182 dere,
905 2144 1083 2178 marcuisse,
1098 2154 1204 2173 carnes
1219 2148 1251 2173 et
1268 2142 1375 2172 robora
1390 2143 1467 2173 ami-

812 2195 886 2225 sisse
902 2206 911 2231 ;
936 2193 1064 2228 Plinius,
1075 2191 1137 2222 III.
1154 2192 1212 2233 Ep.
1229 2191 1307 2221 vi.2.
1324 2190 1362 2220 de
1378 2201 1463 2227 sene,

810 2245 939 2282 pendent
955 2243 1072 2276 lacerti,
1086 2241 1328 2280 papilloejacent.
1359 2239 1467 2269 Haere-

813 2293 866 2322 bat
887 2292 1060 2323 Gronovius
1081 2290 1119 2320 ad
1140 2290 1264 2320 Senecae
1283 2289 1375 2318 Herc.
1393 2290 1466 2319 Fur.

814 2341 939 2375 624.in‚
957 2340 1176 2380 inanesfluidos
1193 2339 1336 2373 Μανιος,-
1361 2337 1466 2378 itaque

814 2394 923 2423 tentat,
940 2399 1029 2428 quum
1052 2393 1162 2425 spectat
1182 2389 1213 2416 in
1236 2396 1330 2419 amne,
1348 2390 1381 2414 ut
1396 2395 1465 2415 mox

816 2437 937 2468 Helena
955 2436 986 2465 in
1008 2433 1144 2477 speculo.
1188 2434 1259 2464 Sine
1279 2444 1381 2464 causa.
1426 2435 1467 2463 Et

815 2484 887 2516 alibi
910 2485 972 2515 duo
992 2483 1129 2525 epitheta
1150 2482 1202 2512 uni
1222 2481 1377 2512 adduntur
1396 2482 1469 2511 sub-

815 2534 962 2568 stantivo,
980 2533 1073 2563 etiam
1094 2542 1112 2562 a
1129 2532 1254 2561 Nostro.
1301 2530 1409 2560 Inanes
1428 2530 1467 2561 ad

816 2583 990 2623 subjectum
1014 2580 1158 2622 pertinet,
1186 2585 1218 2610 et
1234 2580 1351 2620 fluidos
1375 2580 1468 2610 habet

817 2633 878 2661 vim
908 2630 1084 2670 praedicati3
1111 2628 1236 2658 videbat
1265 2628 1371 2658 inanes
1399 2638 1470 2658 suos

818 2681 948 2710 lacertos
964 2679 1098 2719 pendere
1114 2677 1234 2708 fluidos.

947 2729 964 2757 3
982 2728 1005 2757 L
