1779 3130
218 163 304 204 164

592 159 643 198 P.
679 156 891 198 OVIDII
928 155 1206 196 NASONIS

223 274 519 324 Pervenisse
542 272 723 325 ferunt,
750 270 901 317 limen
927 269 1166 316 servantis
1192 269 1421 315 alumnae.

227 351 395 412 Surgit
417 365 556 404 anus,
577 354 865 408 reseratque
890 345 1047 402 fores;
1076 345 1349 407 mortisque
1374 350 1558 407 paratae

226 429 567 475 Instrumenta
590 425 779 478 videns,
808 422 967 486 spatio
993 423 1272 469 conclamat
1296 421 1488 478 eodem,
1515 420 1612 465 385

228 505 396 567 Seque
420 502 548 557 ferit,
572 500 857 562 scinditque
883 499 1035 553 sinus,
1060 505 1331 560 ereptaque
1352 497 1480 543 collo

227 581 442 628 Vincula
461 579 693 626 dilaniat:
723 586 828 624 tum
853 575 1070 638 denique
1095 575 1214 621 flere
1238 573 1458 628 vacavit;

227 658 356 705 Tum
376 658 494 704 dare
510 653 1099 719 complexus,laqueique
1114 650 1365 713 requirere
1391 664 1612 696 causam.

230 735 377 781 Muta
402 734 514 780 silet
531 734 686 795 virgo,
711 738 994 793 terramque
1013 729 1218 776 immota
1242 734 1436 782 tuetur3

232 811 301 859 Et
324 811 570 874 deprensa
594 810 728 856 dolet
751 809 904 856 tardae
931 807 1191 854 conamina
1214 803 1402 850 mortis.

1521 804 1618 848 390

234 887 398 934 Instat
418 903 567 942 anus;
608 901 859 948 canosque
886 900 1017 937 suos,
1047 889 1096 929 et
1120 881 1284 928 inania
1307 880 1501 927 nudans

238 963 422 1019 Ubera,
450 979 538 1026 per
562 978 715 1009 cunas
743 962 1078 1022 alimentaque
1105 958 1263 1021 prima
1286 963 1530 1019 precatur,

238 1040 310 1087 Ut
334 1040 428 1086 sibi
446 1039 738 1093 committat,
763 1036 1008 1100 quidquid
1033 1035 1195 1082 dolet:
1236 1035 1320 1079 illa
1345 1039 1601 1094 rogantem

238 1117 479 1165 Aversata
503 1116 683 1178 gemit:
724 1123 859 1162 certa
879 1121 955 1160 est
979 1112 1241 1175 exquirere
1266 1111 1460 1157 nutrix:
1503 1110 1624 1171 [que

241 1193 348 1241 Nec
366 1194 519 1241 solam
537 1191 783 1255 spondere
798 1191 970 1238 fidem:
1001 1195 1030 1213 “
1055 1188 1198 1254 Dic,3
1216 1188 1393 1250 inquit,
1410 1193 1439 1211 “
1452 1202 1621 1250 opem-

243 1335 327 1356 cum.
368 1326 529 1357 Nutricem
547 1326 627 1356 hunc
644 1324 794 1355 Antonin.
811 1325 903 1354 Libe<

245 1374 330 1408 ralis,
355 1375 407 1404 24.
436 1375 629 1416 Hippolyten
652 1380 751 1403 vocat.
800 1373 905 1403 Limen

245 1424 392 1453 servantis
415 1424 555 1457 alumna,
571 1422 719 1453 custodiae
742 1431 836 1451 causa
852 1431 903 1451 cu-

248 1471 352 1502 bantis
363 1472 456 1513 juxta
471 1471 649 1502 cubiculum
667 1471 800 1500 alumnae
816 1483 821 1499 :
847 1481 905 1499 ser-

247 1531 318 1550 vare
333 1519 447 1561 passim
463 1531 517 1561 pro
532 1521 705 1555 observare,
721 1519 887 1549 custodire.

292 1569 367 1598 384.
385 1568 493 1598 Mortis
511 1574 636 1608 par-atre,
651 1578 744 1608 quam
765 1567 831 1608 ipsa
849 1567 906 1597 sibi

248 1617 389 1659 parabat,
402 1624 455 1648 aut
470 1617 613 1658 adquam
631 1617 837 1646 instrumenta
851 1626 906 1656 pa-

251 1672 393 1698 raverat:
428 1677 539 1706 parare
570 1672 701 1701 martem,
732 1671 766 1695 ut
801 1676 909 1704 parare

252 1718 323 1750 vim,
342 1715 469 1756 sugam,
496 1720 555 1745 etc.
607 1713 824 1744 Instrumenta.
854 1714 909 1743 Zo-

250 1773 322 1794 nam
351 1763 456 1804 laquei
483 1764 550 1793 vice
576 1764 611 1792 de
632 1768 712 1802 poste
736 1764 910 1792 revinctam.

252 1814 358 1850 Quum
388 1811 577 1842 cunctationi
607 1811 694 1842 locus
722 1821 784 1841 non
821 1817 912 1846 esset,

252 1860 358 1892 omnia
372 1860 447 1891 facit
461 1863 556 1899 spatio
571 1861 677 1890 eodem.
723 1860 763 1890 Et
784 1866 817 1890 ut
832 1860 913 1889 mul-

253 1909 354 1940 titudo
381 1920 481 1940 rerum
504 1909 597 1939 simul
620 1915 815 1950 peractarum
837 1908 911 1938 faci—

253 1959 314 1989 lius
329 1958 492 1994 sentiatur,
510 1965 556 1989 ter
573 1958 722 1999 repetitur
743 1969 808 1998 que.
855 1958 911 1988 Di-

257 2009 366 2044 laniat,
387 2007 512 2049 rumpit.
562 2008 634 2037 Tum
658 2009 794 2047 denique,
817 2018 912 2048 quum

255 2066 345 2098 opem
364 2056 496 2092 tulisset,
517 2066 612 2097 seque
638 2067 657 2086 a
676 2066 796 2086 summa
818 2055 912 2085 animi

256 2104 486 2146 perturbatione
507 2104 692 2144 collegisset.
740 2104 806 2134 Non
831 2111 912 2134 vacat

246 2154 341 2193 flere,
369 2152 534 2183 adhibetur
559 2159 635 2188 tum,
657 2163 751 2193 quum
777 2163 824 2182 res
853 2163 913 2182 non

259 2201 403 2232 lacrimas
418 2202 528 2242 poscit,
544 2201 599 2231 sed
613 2201 778 2236 actionem,
795 2200 913 2231 fortitu-

258 2249 375 2285 dinem,
401 2249 563 2285 auxilium,
588 2255 648 2280 etc.
667 2249 710 2280 iv.
733 2250 806 2280 694.
853 2249 912 2278 La<

262 2301 339 2339 quei,
355 2298 476 2328 scilicet
491 2298 571 2329 collo
587 2298 703 2340 injecti.

307 2348 380 2377 389.
400 2347 491 2377 Muta
510 2348 576 2377 silet
591 2347 709 2377 dictum
725 2352 760 2377 ut
781 2354 863 2377 muta
879 2349 916 2376 si-

265 2398 370 2432 lentia,
394 2405 484 2425 versu
504 2396 556 2431 53,
580 2401 610 2426 et
632 2396 672 2425 iv.
688 2396 760 2425 433.
777 2394 829 2425 ubi
849 2395 919 2425 vide

263 2452 380 2474 notam.
429 2443 554 2479 Tuetur,
568 2444 715 2474 intuetur.
755 2444 859 2474 Tarda:
874 2453 918 2473 re—

263 2494 333 2524 ferri
350 2492 469 2535 proprie
486 2493 642 2524 debuisset
658 2493 696 2524 ad
712 2495 877 2524 conamina.

310 2542 384 2572 391.
421 2542 570 2582 Curiosque
604 2553 677 2578 suos,
719 2542 795 2582 etc.]
837 2541 921 2572 Olim

267 2590 400 2621 alumnae
416 2590 588 2621 nudaverat
605 2592 697 2632 plena
712 2591 801 2621 laetis
816 2591 921 2626 ubera,

267 2650 349 2670 nunc
367 2641 481 2669 inania.
512 2640 653 2670 Solennis
666 2646 768 2670 autem
786 2639 852 2670 haec
865 2651 919 2669 nu-

270 2688 379 2718 tricum
410 2693 441 2718 et
470 2696 601 2718 matrum
636 2688 821 2726 obtestatio,
852 2688 918 2718 vide

972 1323 1153 1356 Homerum,
1177 1321 1217 1350 Il.
1235 1324 1277 1351 X.
1302 1320 1343 1350 80
1365 1329 1442 1360 sqq:
1466 1319 1628 1353 Senecam,

973 1371 1068 1412 Hipp.
1084 1371 1159 1400 246.
1174 1376 1204 1400 et
1219 1370 1316 1400 Herc.
1333 1370 1397 1400 OEt.
1413 1369 1487 1398 925.

1016 1420 1089 1450 393.
1103 1420 1266 1459 Bag-antem
1282 1417 1445 1456 aversata]
1462 1416 1570 1456 Gierz'g
1583 1415 1629 1444 in-

973 1473 1158 1509 terpretatur
1175 1479 1180 1496 :
1207 1471 1226 1484 “
1244 1466 1299 1497 Nil
1315 1466 1505 1507 respondens
1520 1474 1631 1504 rogan-

976 1518 1010 1553 ti,
1037 1516 1121 1558 quod
1148 1516 1270 1557 signum
1303 1521 1350 1545 est
1380 1519 1575 1555 contemptus
1600 1517 1632 1543 et

977 1565 1209 1597 aversationis?
1241 1565 1318 1595 Haec
1331 1563 1543 1605 interpretatio
1557 1561 1634 1591 mihi

976 1615 1067 1645 nimis
1082 1624 1189 1644 severa
1205 1613 1347 1650 videtur3
1371 1612 1458 1642 nulla
1473 1620 1519 1642 est
1537 1620 1634 1641 causa

977 1674 1031 1694 cur
1055 1663 1185 1703 Myrrha
1209 1662 1360 1692 nutricem
1383 1671 1472 1691 suam
1496 1666 1634 1690 contem-

978 1718 1032 1742 nat
1047 1718 1140 1752 atque
1152 1711 1340 1742 detestetur:
1359 1720 1420 1740 non
1432 1709 1511 1740 alius
1523 1718 1634 1749 nempe

977 1771 1085 1792 sensus
1108 1760 1209 1791 verbis
1234 1760 1341 1801 Gierz'g
1364 1758 1485 1789 dandus
1508 1765 1575 1796 est3
1605 1764 1636 1788 et

980 1810 1068 1840 aliter
1084 1808 1320 1849 intelligendum
1334 1815 1380 1838 est
1395 1814 1540 1842 aversata,
1553 1806 1635 1848 quod

980 1858 1037 1888 hoe
1056 1858 1123 1887 loco
1146 1864 1192 1887 est
1211 1857 1394 1898 simpliciter
1409 1862 1552 1886 avertens
1566 1855 1635 1886 vnl-

979 1913 1044 1937 tum
1067 1917 1085 1937 a
1108 1906 1239 1941 nutrice,
1262 1916 1325 1947 pra:
1355 1911 1440 1935 metu
1471 1911 1524 1935 aut
1548 1915 1635 1935 vere-

980 1955 1104 1987 cundia.
1163 1955 1213 1986 Sic
1243 1955 1326 1997 apud
1353 1955 1488 1990 Livium,
1512 1954 1568 1985 lib.
1592 1954 1637 1985 iii.

980 2008 1028 2036 sed
1055 2006 1111 2035 alii
1139 2012 1321 2035 aversantur
1344 2016 1452 2044 preces,
1477 2010 1531 2034 aut
1555 2015 1636 2034 vere-

980 2055 1104 2088 cundia,
1131 2060 1185 2083 aut
1209 2060 1307 2084 meta:
1340 2053 1390 2084 hic
1419 2054 1506 2083 locus
1536 2058 1639 2083 nostro

980 2103 1073 2145 plane
1095 2108 1142 2133 est
1163 2101 1296 2140 similis3
1318 2112 1355 2133 ex
1378 2112 1438 2143 quo
1457 2103 1558 2132 forsan
1583 2102 1638 2132 ali-

981 2152 1047 2193 qui,
1072 2150 1236 2182 Mediceus
1256 2152 1388 2186 seilicet,
1412 2157 1443 2182 et
1462 2151 1593 2192 Argent.
1608 2158 1640 2183 et

981 2199 1100 2241 Thysii,
1123 2210 1178 2241 pro
1195 2207 1348 2241 rogantem
1367 2201 1551 2232 invexerunt
1571 2212 1640 2241 pre-

983 2257 1110 2279 cantem.
1155 2249 1257 2279 Etiam
1283 2249 1507 2288 Quintilianus,
1527 2250 1591 2281 viii.
1609 2252 1639 2281 3.

984 2309 1036 2339 ego
1063 2304 1143 2328 certe
1171 2299 1243 2327 mihi
1271 2309 1390 2328 cernere
1416 2300 1514 2329 videor
1542 2310 1642 2329 eorum

985 2348 1036 2387 qui
1061 2347 1188 2376 aderant
1218 2348 1339 2377 tacitam
1364 2349 1577 2378 aversationem
1605 2359 1641 2378 ac

987 2396 1119 2426 timidam
1136 2398 1352 2426 verecundiam.
1386 2396 1432 2425 Ex
1449 2396 1561 2436 quibus
1575 2397 1643 2426 nul-

986 2444 1050 2474 lum
1080 2443 1118 2474 de
1147 2454 1237 2475 sensu
1267 2444 1350 2475 illius
1372 2445 1457 2475 verbi
1483 2455 1642 2487 superesse

988 2493 1116 2523 dubium
1141 2499 1227 2533 puto.
1277 2494 1366 2524 Certa
1389 2500 1442 2529 est,
1465 2499 1498 2524 ut
1521 2494 1566 2524 ix.
1586 2495 1640 2524 43.

990 2544 1063 2572 certi
1081 2554 1136 2571 non
1155 2544 1265 2573 cedere.

1032 2592 1106 2622 395.
1130 2592 1191 2621 Nec
1213 2593 1313 2627 solam,
1330 2592 1407 2632 etc.]
1435 2592 1519 2622 Nota
1540 2592 1571 2621 in
1595 2602 1641 2622 se-

989 2641 1156 2681 quentibus
1177 2651 1302 2682 operam
1321 2647 1352 2671 et
1372 2640 1569 2671 sedulitatem
1585 2651 1640 2670 nu-

989 2689 1082 2726 tricis,
1106 2701 1167 2731 qua
1189 2700 1251 2720 reru
1275 2690 1420 2731 exquirit.
1461 2690 1535 2720 Post
1558 2700 1643 2728 spon-
