1779 3130
238 169 323 209 412
628 165 679 204 P.
712 163 926 204 OVIDII
960 163 1240 204 NASONIS

242 280 329 328 Me
363 296 564 343 quoque
598 279 779 342 pignus
805 278 961 325 habe:
1001 294 1167 341 neque
1198 277 1329 325 euim
1354 277 1446 324 sibi
1473 278 1632 324 notior

440 356 522 403 ille
548 363 639 411 est,
1537 356 1634 400 679

242 434 403 487 Quam
429 433 577 480 mihi:
619 448 710 479 nec
736 438 840 479 toto
865 432 1050 495 passim
1075 447 1228 494 vagus
1255 438 1384 479 errat
1408 431 1457 477 in
1482 430 1617 477 orbe.

241 509 364 555 Haec
384 510 491 556 loca
512 510 617 555 sola
637 509 779 556 colit:
808 525 917 564 nec,
936 509 1006 555 uti
1023 524 1136 572 pars
1158 524 1338 570 magna
1352 523 1629 571 procorum,

243 585 406 639 Quam
431 587 578 632 modo
603 586 741 641 vidit,
764 593 924 632 amat:
953 592 1007 631 tu
1032 586 1237 648 primus,
1259 593 1310 632 et
1333 585 1536 632 ultimus
1561 584 1632 630 illi

238 663 401 709 Ardor
426 663 548 719 eris;
589 664 781 726 solique
807 679 923 710 suos
947 662 1037 709 tibi
1062 663 1272 709 devovet
1295 678 1466 709 annos.
1536 664 1630 708 683

239 739 402 795 Adde,
431 741 567 802 quod
593 747 669 787 est
688 739 901 802 juvenis,
929 740 1063 802 quod
1088 740 1311 786 naturale
1336 739 1527 786 decoris

240 815 430 863 Munus
455 817 632 864 habet:
665 817 948 879 formasque
974 823 1090 879 apte
1114 816 1327 878 fingetur
1351 816 1402 862 in
1426 832 1598 863 omnes
1618 833 1628 871 ;

241 892 323 948 Et,
353 894 487 956 quod
512 894 605 940 erit
623 895 811 956 jussus,
833 895 1013 956 jubeas
1038 893 1157 941 licet
1182 893 1362 949 omnia,
1389 893 1491 940 fiet.

240 969 390 1025 Quid,
430 970 565 1032 quod
603 970 779 1017 amatis
818 971 983 1018 idem?
1022 971 1173 1033 quod,
1208 986 1321 1033 quae
1357 969 1447 1016 tibi
1484 985 1634 1033 poma

439 1048 683 1103 coluntur,
1537 1049 1631 1092 687

240 1122 439 1170 Primus
464 1124 634 1180 habet,
661 1123 877 1186 laetaque
901 1129 1041 1170 tenet
1065 1129 1152 1169 tua
1176 1138 1381 1169 munera
1404 1121 1614 1169 dextra?

239 1199 341 1247 Sed
368 1217 531 1264 neque
551 1202 656 1261 jam
681 1201 827 1248 foetus
853 1201 1103 1248 desiderat
1127 1201 1301 1247 arbore
1326 1200 1574 1263 demptos,

239 1276 365 1332 Nec,
395 1293 520 1339 quas
547 1278 718 1323 hortus
744 1278 846 1333 alit,
875 1293 989 1324 cum
1015 1277 1178 1324 succis
1204 1277 1407 1323 mitibus
1434 1276 1631 1331 herbas,

239 1353 347 1400 Nec
375 1354 667 1416 quidquam,
696 1354 789 1400 nisi
814 1362 891 1401 te:
933 1355 1166 1402 miserere
1193 1354 1440 1401 ardentis:
1481 1360 1532 1400 et
1556 1353 1629 1416 ip-

238 1429 334 1483 Qui
355 1430 497 1492 petit,
515 1446 598 1476 ore
620 1446 730 1476 meo
752 1438 1049 1492 praesentem
1070 1431 1216 1476 crede
1236 1430 1425 1492 precari
1444 1447 1453 1476 :
1480 1432 1628 1492 [sum‚

239 1505 543 1568 Ultoresque
571 1506 723 1561 Deo&
752 1512 803 1552 et
827 1513 1032 1568 pectora
1056 1506 1180 1552 dura
1204 1522 1432 1569 perosam
1535 1509 1631 1553 693

240 1582 447 1637 ldalien,
476 1598 847 1644 memoremque
873 1582 993 1629 time
1020 1582 1378 1629 Rhamnusidis
1405 1583 1544 1630 iram.

237 1660 451 1721 Quoque
478 1660 633 1721 magis
660 1660 853 1715 timeas,
877 1660 1062 1707 etenim
1087 1659 1207 1705 mihi
1228 1660 1386 1707 multa
1406 1667 1628 1707 vetustas

240 1736 379 1783 Scire
402 1736 554 1791 dedit,
583 1743 687 1783 tota
712 1736 918 1783 referam
945 1735 1205 1783 notissima
1232 1735 1402 1799 Cypro

239 1813 406 1867 Facta,
435 1813 617 1876 quibus
643 1814 777 1860 flecti
802 1804 961 1869 facile,
990 1820 1040 1861 et
1066 1813 1326 1860 mitescere
1351 1814 1530 1876 possis.

303 1889 509 1936 Viderat
534 1906 562 1936 a
586 1890 764 1937 veteris
791 1906 1082 1952 generosam
1107 1890 1350 1952 sanguine
1375 1890 1552 1937 Teucri

278 2009 353 2038 681.
372 2008 445 2038 Hac
462 2009 523 2039 Iucu
539 2009 627 2048 sulm]
647 2009 739 2039 MSS.
752 2008 815 2039 fere
830 2020 895 2039 om-

236 2067 301 2092 nes,
323 2057 406 2092 Haec,
431 2063 486 2087 aut
511 2057 574 2088 Nec
600 2059 662 2087 loca
686 2070 815 2098 magna3
841 2059 895 2089 sed

1008 2010 1082 2040 687.
1108 2010 1180 2044 Quae
1201 2011 1254 2040 tibi
1269 2021 1355 2048 poma
1373 2010 1527 2046 coluntur,
1544 2010 1624 2050 etc.]

964 2059 1136 2089 Fructuum
1177 2057 1320 2099 primitiae
1362 2058 1505 2088 solebant
1546 2059 1626 2089 Ver-

235 2105 389 2136 Vivianus
405 2116 442 2136 ex
458 2106 521 2136 suis
535 2108 599 2136 [oca
614 2107 685 2142 sola,
699 2106 783 2147 quod
800 2107 894 2137 etiam

235 2153 267 2184 in
283 2165 344 2185 uuo
359 2165 414 2185 suo
429 2161 584 2196 repertum
600 2156 715 2196 recepit
732 2154 893 2186 Heinsius.

235 2203 343 2234 Codex
370 2203 491 2244 Regius
514 2204 555 2234 A.
577 2204 648 2235 Hoec
675 2206 735 2234 luca
762 2216 893 2246 magna,-

234 2253 333 2283 codex
356 2253 398 2283 B.
415 2253 479 2284 Nec
502 2255 563 2284 loca
586 2265 706 2295 magna.
753 2255 895 2291 Der0re6‚

237 2307 337 2333 vovet.

277 2351 351 2381 684.
367 2351 522 2392 Juvenis.]
540 2352 590 2382 Ita
604 2352 692 2393 pingi
708 2358 739 2383 et
754 2352 827 2394 fingi
844 2363 892 2383 so-

232 2400 327 2436 lebat,
343 2400 464 2431 cinctus
483 2411 596 2431 corona
615 2412 631 2431 e
648 2401 808 2432 frondibus
824 2402 893 2432 viri-

233 2448 337 2484 dibus,
356 2455 527 2490 tenensque
540 2460 635 2481 cornu
651 2450 760 2491 copiae.
808 2451 894 2485 Quod

232 2499 385 2533 natm-ale,
406 2504 466 2528 etc.
486 2498 569 2538 quod
591 2505 700 2530 natura
724 2509 795 2529 eum
821 2499 895 2530 fecit

235 2545 393 2576 decorum.
441 2547 619 2588 formasque
649 2555 726 2587 apte,
755 2554 815 2578 etc.
842 2548 894 2579 Ti-

234 2595 349 2630 bullus,
367 2596 425 2626 lv.
437 2596 468 2626 ii.
489 2598 535 2626 14.
552 2597 590 2627 de
607 2599 791 2633 Vertumuo,
806 2598 893 2628 Mille

237 2644 318 2673 habet
335 2650 467 2680 ornatus,
485 2647 565 2676 mille
580 2648 716 2676 <lecenter
732 2647 826 2677 habet.

964 2113 1070 2138 tumuo
1089 2106 1155 2137 dari
1171 2119 1178 2144 3
1202 2106 1393 2148 Propertius,
1410 2107 1440 2137 d.
1456 2107 1477 2136 l.
1491 2118 1557 2138 ver.
1577 2108 1628 2138 11.

961 2159 1031 2196 quia
1051 2157 1343 2198 vertentisfructum
1359 2158 1551 2195 praecepimus
1570 2169 1628 2187 an-

961 2209 1016 2244 m‘,·
1041 2213 1073 2237 et
1091 2217 1156 2237 ver.
1174 2208 1223 2237 13.
1240 2207 1346 2236 Prima
1369 2207 1439 2236 mihi
1463 2209 1563 2237 vam'at
1588 2208 1625 2237 li-

961 2258 1096 2287 ventibus
1114 2268 1170 2286 ura
1186 2257 1322 2286 racemis.

1005 2305 1077 2335 694.
1102 2305 1201 2335 Idalia
1220 2304 1306 2334 dicta
1320 2304 1427 2335 Venus
1450 2304 1488 2334 ab
1510 2304 1623 2340 Idalio,

961 2360 1064 2385 monte
1095 2353 1213 2395 Cypri3
1242 2359 1273 2383 et
1304 2353 1439 2383 Idalium
1468 2353 1623 2394 quidquid

962 2401 1077 2433 Veneri
1089 2412 1211 2432 sacrum
1225 2407 1279 2431 aut
1289 2407 1422 2442 gratum.
1446 2402 1497 2432 De
1509 2402 1622 2432 Rham-

962 2453 1068 2481 nuside
1083 2450 1154 2481 vide
1170 2450 1208 2481 ad
1226 2450 1269 2480 iii.
1284 2451 1357 2480 406.

1005 2500 1079 2530 695.
1110 2500 1213 2529 Multa
1243 2506 1382 2535 vetustas,
1411 2499 1505 2540 longa
1533 2505 1623 2530 aetas.

963 2549 1055 2579 Dedit
1071 2552 1154 2584 scire,
1171 2554 1205 2578 ut
1220 2548 1264 2578 iii.
1280 2550 1362 2586 338;
1388 2549 1499 2579 Graeco
1514 2559 1609 2579 more.

1004 2599 1078 2628 698.
1109 2598 1226 2627 Viderat
1251 2610 1267 2627 a
1293 2600 1405 2634 veleris,
1423 2598 1500 2638 eta]
1528 2599 1620 2629 Hanc

962 2646 1096 2677 fabulam
1115 2647 1170 2677 sub
1186 2646 1414 2687 Arceophoutis
1431 2654 1461 2677 et
1473 2646 1622 2678 Arsinoes
