1779 3130
252 178 335 218 136

645 176 695 215 P.
731 174 943 216 OVIDII
978 174 1259 215 NASONIS

250 290 551 350 Exsangues
577 289 764 335 flebant
789 290 993 336 animae:
1036 305 1127 336 nec
1153 287 1390 334 Tantalus
1418 288 1600 334 undam

249 365 488 429 Captavit
512 364 765 426 refugam3
809 364 1100 428 stupuitque
1127 364 1316 410 Ixionis
1341 364 1473 410 orbis
1497 382 1505 411 :

247 443 356 489 Nec
382 457 612 504 carpsere
631 443 773 504 jecur
797 441 1021 487 volucres
1044 459 1053 497 ;
1095 440 1333 502 urnisque
1356 439 1597 486 vacarunt

247 518 477 572 Belides;
518 517 670 580 inque
694 524 779 563 tuo
806 517 994 572 sedisti,
1027 516 1260 579 Sisyphe,
1289 532 1429 562 saxo.

244 595 371 641 Tum
388 594 601 657 primum
619 593 832 640 lacrimis
850 593 1089 639 victarum
1107 592 1322 638 carmine
1338 591 1470 637 fama
1486 598 1564 638 est
1578 594 1640 638 45

249 671 586 717 Eumenidum
612 669 865 717 maduisse
891 685 1043 732 genas
1067 687 1076 716 :
1117 685 1209 716 nec
1235 668 1371 730 regia
1396 669 1580 731 conjux

247 747 472 793 Sustinet
497 746 670 801 oranti,
699 761 790 792 nec
818 746 903 808 qui
930 746 1057 807 regit
1080 745 1194 800 ima,
1223 760 1404 806 negare
1426 763 1436 801 ;

244 822 634 884 Eurydicenque
658 829 865 868 vocant:
906 822 1106 867 umbras
1133 828 1238 867 erat
1263 821 1349 867 illa
1374 827 1602 867 recentes

244 898 395 953 Inter,
424 906 474 944 et
498 897 703 944 incessit
727 914 877 960 passu
904 898 965 944 de
991 898 1194 945 vulnere
1219 898 1376 944 tardo.
1418 937 1423 940 .

243 974 389 1021 Hanc
410 974 555 1020 simul
575 982 625 1021 et
649 974 811 1036 legem
834 975 1158 1038 Rhodopeius
1181 974 1364 1037 accipit
1384 974 1545 1028 heros,
1574 976 1636 1020 50

244 1051 323 1098 Ne
347 1051 518 1098 flectat
542 1058 671 1098 retro
698 1067 787 1098 sua
811 1052 1012 1107 lumina,
1040 1052 1198 1098 donec
1226 1051 1447 1097 Avernas

245 1127 438 1175 Exierit
462 1127 644 1182 valles;
687 1136 771 1174 aut
797 1128 933 1174 irrita
958 1129 1088 1176 dona
1109 1127 1289 1174 futura.

244 1298 343 1328 munt,
357 1298 388 1323 et
400 1291 476 1331 ἦθος
494 1292 620 1323 habent.
634 1292 744 1323 Horat.
763 1293 827 1324 III.
846 1294 907 1324 Od.

246 1342 290 1371 xi.
309 1343 361 1372 22.
382 1344 463 1371 stetit
480 1353 559 1372 urna
580 1343 706 1381 paulum
726 1345 814 1379 sicca,
836 1346 905 1373 (lum

245 1398 334 1431 grato
351 1391 454 1420 Danai
468 1391 584 1430 puellas
600 1393 732 1421 carmine
748 1392 864 1422 mulces.

287 1441 339 1470 45.
375 1440 450 1469 Tum
485 1441 614 1478 primum
646 1441 788 1475 lacrimis,
823 1441 904 1480 etc.]

246 1489 343 1519 Inferi
368 1488 422 1518 Dii
447 1498 507 1518 non
529 1495 762 1519 commoventur
780 1489 910 1519 miseriis

246 1538 418 1568 hominum.
466 1536 693 1567 Illac-rimabilis
721 1537 813 1567 Pluto
840 1539 904 1568 Ho-

243 1592 303 1617 rat.
318 1586 363 1616 ΙΙ.
382 1585 444 1616 Od.
460 1585 523 1616 xiv.
543 1586 583 1623 6;
608 1587 739 1616 lacrimis
767 1586 905 1626 difficiles

246 1635 301 1664 Dii
311 1636 442 1669 Seneca,
455 1634 631 1665 Herc.Fur.
643 1636 715 1666 579.
737 1635 902 1671 Vtetur-um,

245 1690 491 1721 commotarum3
513 1683 568 1713 sed
594 1683 673 1714 illud
696 1684 807 1714 melius
829 1694 901 1714 con-

243 1732 329 1762 venit
343 1731 419 1762 duro
435 1738 466 1761 et
480 1742 562 1761 saevo
578 1731 740 1762 Furiarum
757 1732 870 1762 animo.

287 1782 339 1811 49.
372 1784 418 1813 De
456 1781 590 1815 vulnere,
621 1787 744 1821 propter
782 1781 904 1812 vulnus.

246 1831 348 1861 Etiam
363 1842 379 1859 a
397 1829 440 1859 sic
456 1829 589 1870 ponitur,
601 1835 635 1859 ut
650 1828 693 1858 iii.
709 1829 768 1859 571
788 1841 795 1866 3
821 1830 904 1860 Fast.

242 1880 284 1908 iv.
301 1879 376 1909 338.
417 1877 617 1907 Schirachius
631 1877 720 1908 valde
737 1877 901 1919 improbat,

244 1926 328 1968 quod
344 1925 464 1956 tardam
481 1925 518 1955 de
538 1925 664 1956 vulnere
680 1925 780 1959 finxit,
798 1932 901 1966 putat-

244 1986 316 2016 que,
341 1974 462 2005 sinistre
487 1974 637 2004 Nostrum
657 1974 812 2004 imitatum
837 1986 902 2006 esse

244 2024 334 2065 Virg.
362 2023 488 2054 AEneid.
516 2023 556 2053 vi.
582 2023 635 2054 ubi
663 2023 747 2053 Dido
771 2028 843 2060 stat,
870 2031 903 2054 ut

243 2073 405 2114 Marpesia
431 2079 559 2109 cautes;
588 2071 646 2103 hoc
672 2072 766 2103 fuisse
790 2073 902 2103 vulnus

243 2122 350 2157 animi,
365 2121 419 2151 sed
436 2132 569 2152 morsum
583 2121 696 2163 viperae
713 2132 773 2152 non
786 2121 900 2152 habere

242 2172 345 2202 locum
356 2171 388 2200 in
404 2171 514 2201 umbra
529 2171 691 2211 exsangui.
729 2171 816 2201 Male
832 2181 900 2212 pro-

242 2220 324 2251 fecto
339 2219 383 2250 sic
405 2219 544 2260 disputat
566 2219 611 2249 vir
632 2219 762 2257 doctu53
784 2219 900 2250 etenim

242 2280 281 2300 ex
302 2268 460 2309 opinione,
482 2267 540 2298 nisi
568 2267 698 2308 vulgari,
721 2273 803 2298 certe
825 2278 900 2308 quo-

242 2317 375 2348 rundam
403 2322 576 2358 poetarum,
605 2317 735 2347 vulnera
767 2324 797 2347 et
826 2316 901 2347 vitia

242 2365 377 2407 corporis
403 2365 572 2395 manebant
597 2364 690 2395 etiam
717 2365 748 2395 in
774 2365 899 2395 umbris.

241 2415 345 2445 Etiam
384 2413 567 2455 Deiphobus
603 2414 687 2456 apud
722 2413 898 2454 Virgilium,

243 2464 319 2494 AEn.
346 2463 389 2492 vi.
416 2464 490 2493 494.
517 2463 651 2493 laniatus
681 2473 806 2504 corpore
836 2470 900 2494 toto

242 2511 324 2553 apud
340 2511 452 2542 inferos
471 2511 648 2542 incedebat.
692 2512 775 2542 Hinc
794 2522 900 2543 manes

241 2561 418 2591 viventibus
439 2562 633 2602 apparebant
652 2561 740 2596 tales,
757 2561 867 2601 quales
883 2573 898 2592 e

241 2609 306 2640 vita
328 2616 535 2645 excesserant,
567 2621 594 2639 v.
621 2620 648 2640 c.
671 2610 788 2640 Hector
814 2611 897 2651 apud

243 2658 330 2698 Virg.
348 2657 473 2687 AEneid.
491 2657 522 2687 ii.
544 2659 618 2689 270.
662 2657 778 2688 Confer
792 2658 895 2688 Tibul.

241 2707 286 2737 II.
303 2706 343 2737 vi.
359 2707 410 2736 39.
435 2706 543 2737 Eidem
560 2706 738 2737 Schirachio
751 2706 894 2747 displicet

976 1293 1152 1335 praepositio
1176 1295 1255 1323 inter
1275 1292 1457 1334 postposita,
1478 1302 1580 1333 neque
1601 1293 1637 1322 τὸ

975 1344 1029 1372 illa
1061 1352 1255 1384 concoquere
1284 1348 1402 1383 potest:
1441 1341 1506 1372 sine
1544 1351 1637 1371 causa

978 1398 1156 1432 utrumque.

1019 1441 1070 1470 50.
1095 1439 1202 1474 Her-os,
1227 1439 1301 1480 quia
1324 1437 1483 1479 Calliopes
1502 1437 1581 1467 divae
1603 1436 1637 1465 fi-

976 1488 1046 1518 lius.
1076 1488 1181 1528 Vulgo
1197 1487 1348 1518 edebatur
1363 1489 1472 1526 accipit
1491 1486 1637 1526 Orpheus.

977 1538 1036 1567 Lei
1054 1537 1110 1567 illu
1127 1548 1144 1567 a
1166 1536 1265 1579 poetis
1280 1537 1352 1566 ficta
1366 1535 1499 1571 videtur,
1516 1534 1591 1576 quia
1605 1534 1636 1564 in

975 1587 1069 1617 sacris
1091 1597 1222 1627 magicis
1243 1585 1394 1626 respicere
1418 1595 1478 1615 non
1498 1585 1634 1614 licebat:

976 1634 1040 1664 vid.
1066 1635 1167 1665 Cerda
1193 1634 1232 1664 ad
1261 1634 1350 1674 Virg.
1378 1633 1446 1663 Ecl.
1473 1632 1536 1663 viii.
1562 1633 1634 1662 102.

974 1683 1090 1714 Similis
1106 1685 1154 1714 lex
1172 1683 1281 1725 Ulyssi
1299 1683 1362 1713 lata
1380 1683 1506 1713 Homer.
1520 1681 1582 1712 Od.
1599 1685 1636 1712 E.

975 1733 1048 1763 350.
1072 1732 1235 1762 Memoriae
1248 1731 1401 1772 proditum
1413 1736 1470 1766 est,
1487 1735 1521 1761 ut
1531 1730 1634 1772 inquit

976 1780 1148 1811 Pausanias
1164 1780 1195 1810 in
1209 1779 1373 1815 Boeoticis‚
1386 1779 1560 1820 Orpheum,
1578 1789 1634 1809 ux-

974 1840 1024 1860 ore
1043 1837 1176 1864 mortua,
1193 1829 1313 1859 venisse
1329 1829 1368 1859 ad
1385 1829 1524 1859 Aornum
1540 1827 1636 1858 Thes-

972 1878 1090 1919 protiae,
1112 1878 1166 1908 ubi
1187 1888 1238 1920 per
1257 1877 1498 1908 necromantiam
1524 1887 1633 1907 evoca-

971 1934 1075 1957 rentur
1104 1927 1241 1957 umbrae:
1276 1926 1319 1956 ibi
1347 1936 1443 1967 quum
1471 1925 1634 1956 Euridices

972 1976 1107 2006 animam
1132 1986 1211 2017 pone
1231 1975 1318 2016 sequi
1344 1976 1496 2016 putasset,
1521 1981 1553 2005 et
1578 1984 1634 2005 sua

971 2035 1003 2055 se
1019 2024 1163 2066 opinione
1180 2024 1291 2054 falsum
1307 2023 1474 2065 respiciens
1491 2023 1631 2054 animad-

971 2074 1124 2109 vertisset,
1142 2074 1222 2104 ultro
1242 2072 1299 2103 sibi
1317 2072 1389 2114 ipsi,
1407 2083 1540 2103 moerore
1556 2083 1629 2102 con-

970 2121 1096 2157 fectum,
1122 2128 1252 2152 mortem
1280 2121 1478 2152 conscivisse.
1528 2121 1630 2151 Donec

972 2172 1115 2207 Avernas,
1131 2177 1190 2201 etc.
1235 2171 1317 2211 Ergo
1338 2170 1400 2200 alia
1415 2170 1465 2200 via
1485 2169 1576 2200 rediit
1591 2170 1630 2200 ad

969 2231 1105 2262 superos.
1152 2222 1263 2250 Averni
1282 2219 1364 2250 enim
1381 2219 1487 2254 colles,
1505 2219 1557 2260 qui
1575 2229 1628 2249 va-

972 2270 1022 2300 riis
1042 2269 1169 2311 perfossi
1194 2269 1349 2310 specubus
1379 2267 1445 2298 vias
1473 2268 1632 2298 habebant

970 2319 1185 2349 subterraneas
1215 2324 1246 2348 et
1276 2317 1473 2358 caliginosas,
1498 2326 1630 2358 eamque

968 2367 1007 2397 ol)
1037 2377 1163 2397 causam
1190 2377 1245 2408 pro
1271 2366 1422 2397 descensu
1449 2365 1489 2396 ad
1514 2365 1629 2396 inferos

969 2415 1174 2450 habebantur,
1190 2421 1279 2445 erant
1296 2415 1327 2445 in
1345 2414 1438 2444 Italia
1457 2414 1549 2455 juxta
1566 2414 1628 2444 Pu-

968 2464 1126 2494 teolanum
1142 2463 1242 2493 sinum
1256 2475 1261 2492 :
1294 2463 1362 2492 vide
1378 2462 1493 2503 Heynii
1510 2463 1629 2493 Excur-

967 2523 1035 2543 sum
1056 2512 1089 2542 ii.
1110 2512 1149 2542 ad
1166 2511 1331 2552 Virgilium
1350 2511 1476 2541 AEneid.
1498 2511 1545 2541 vi:
1572 2511 1626 2542 sed

968 2561 1044 2591 talia
1059 2561 1230 2602 promiscue
1249 2567 1395 2602 usurpant
1409 2567 1518 2601 poetae.
1544 2560 1626 2590 Con·

967 2611 1010 2641 fer
1040 2610 1154 2651 Virgil.
1193 2610 1306 2650 Georg.
1342 2610 1383 2639 iv.
1413 2610 1485 2639 494.
1530 2609 1625 2650 Apud

963 2658 1143 2700 Apollodor.
1162 2658 1311 2700 respicere
1336 2664 1458 2688 vetatur
1481 2658 1559 2698 πρὶν
1583 2657 1626 2695 εἰς

964 2709 1028 2745 τὴν
1044 2707 1148 2738 οἰκίαν
1165 2707 1263 2738 cri-roi·
1283 2705 1536 2748 παραγενέσθαι.
