1779 3130
370 163 986 205 METAMORPHOSEON
1022 165 1139 205 LlB.
1174 165 1281 205 XV.

133 274 211 321 Ex
238 291 348 331 aere,
376 284 426 323 et
451 277 609 323 solido
635 293 796 324 rerum
823 279 1066 325 tabularia
1090 279 1243 335 ferro;

1429 169 1512 209 477·

1417 284 1513 328 810

133 351 257 404 Quae
284 368 447 413 neque
473 369 767 399 concursum
793 355 918 409 coeli,
943 371 1106 416 neque
1131 355 1348 402 fulminis
1375 357 1511 412 iram,

131 425 240 472 Nec
266 434 494 473 metuunt
520 429 645 474 ullas
671 436 793 484 tuta,
821 437 972 491 atque
999 437 1183 477 aeterna
1208 432 1387 478 ruinas.

133 502 360 549 Invenies
387 504 486 550 illic
513 505 703 551 inclusa
729 506 991 552 adamante
1016 506 1220 567 perenni

134 578 256 626 Fata
279 580 349 626 tui
375 581 598 641 generis:
640 582 735 642 legi
764 582 884 644 ipse,
908 582 1172 643 animoque
1198 583 1378 638 notavi,

133 654 198 701 Et
222 655 446 711 referam,
474 672 535 702 ne
561 656 627 703 sis
654 657 923 703 etiamnum
950 657 1121 719 ignara
1145 658 1309 704 futuri.

1422 664 1515 707 815

134 730 230 777 Hic
256 747 344 778 sua
368 732 648 795 complevit,
677 749 764 795 pro
789 749 903 795 quo,
934 733 1203 795 Cytherea,
1230 734 1440 790 laboras,

131 807 392 870 Tempora,
419 808 669 871 perfectis,
698 825 824 871 quos
851 817 990 855 terrae
1016 810 1203 864 debuit,
1232 810 1389 857 annis.

136 883 206 930 Ut
232 884 370 931 Deus
397 885 604 931 accedat
629 886 769 940 coelo,
799 885 1098 947 templisque
1124 886 1327 940 colatur,

132 959 208 1005 Tu
234 959 402 1016 facies,
430 968 678 1024 natusque
705 977 823 1006 suus
845 979 855 1016 ;
897 960 979 1023 qui
1007 961 1217 1007 nominis
1244 962 1415 1017 haeres,

134 1036 430 1100 Impositum
456 1037 580 1084 feret
607 1037 757 1084 Urbis
779 1054 920 1092 onus,
941 1038 1160 1100 caesique
1179 1038 1396 1100 parentis
1423 1042 1518 1084 820

133 1113 239 1160 Nos
265 1114 314 1159 in
334 1114 467 1160 bella
492 1130 606 1160 suos
631 1113 928 1160 fortissimus
955 1114 1082 1160 ultor
1108 1113 1328 1160 habebit.

133 1189 273 1236 Illius
301 1191 533 1253 auspiciis
560 1191 777 1237 obsessae
804 1190 984 1236 moenia
1009 1206 1184 1252 pacem

132 1266 279 1312 Victa
302 1273 475 1329 petent
501 1265 740 1312 Mutinae:
783 1265 1043 1311 Pharsalia
1069 1266 1247 1311 sentiet
1273 1266 1425 1321 illum,

133 1342 484 1404 AEmathiaque
511 1342 690 1388 iterum
715 1341 981 1387 madefacti
1008 1342 1146 1388 caede
1173 1340 1423 1404 Philippi3

134 1417 199 1464 Et
224 1434 457 1480 magnum
487 1418 668 1464 Siculis
695 1433 874 1465 nomen
891 1418 1203 1480 superabitur
1223 1418 1389 1475 undis;
1421 1422 1514 1465 825

133 1583 194 1613 quo
216 1577 376 1603 servantur
401 1572 526 1607 tabulae,
542 1571 656 1612 quibus
677 1581 724 1602 res
747 1571 790 1601 sa-

133 1621 210 1651 tales
247 1621 454 1656 continentur,
483 1625 617 1651 structus
645 1621 794 1649 ‘molimine

131 1676 222 1705 vasto,
238 1679 330 1710 opera
345 1668 490 1705 maxima,
505 1680 537 1699 ex
552 1679 617 1704 (ει-ε,
635 1674 696 1699 etc.
732 1668 792 1699 Τα-

131 1718 254 1748 bularia
282 1718 338 1748 illa
364 1717 495 1748 Lenzius
526 1717 619 1747 fuisse
648 1721 737 1758 putat
762 1717 793 1747 in

131 1766 238 1796 limine
253 1765 384 1801 Tartari,
395 1766 448 1796 ubi
465 1765 542 1796 aenei
560 1766 650 1801 muri,
664 1772 694 1796 et
710 1776 792 1795 com-

133 1821 220 1856 parat
234 1815 352 1856 Orphei
366 1815 453 1855 hym.
471 1814 547 1845 lviii.
567 1815 580 1843 l
599 1825 668 1855 sqq.
717 1816 794 1845 Con-

133 1875 238 1894 cursus
266 1865 342 1899 coeli,
370 1863 515 1898 tonitrua,
538 1870 572 1892 ut
595 1863 635 1892 vi.
659 1864 732 1893 695.
753 1863 794 1893 xi.

133 1914 207 1943 436.
243 1913 357 1943 Confer
368 1912 612 1946 Lucretiurmvi.
630 1913 699 1942 160.
734 1912 794 1941 Sed

133 1969 164 1993 et
179 1973 351 1992 concussum
367 1964 442 1997 coelz',
459 1962 539 2002 quod
567 1961 683 1991 habent
702 1961 794 2002 pleri-

134 2021 195 2052 que
211 2011 302 2042 MSS.
313 2011 364 2051 (et
375 2011 465 2041 ambo
479 2010 571 2040 nostri
581 2010 703 2049 Regii)
716 2011 794 2040 bene

134 2071 166 2091 se
187 2059 294 2090 habet.
329 2059 452 2100 Jupiter
480 2059 560 2089 enim
592 2064 703 2089 tonans
726 2070 794 2089 con-

134 2116 235 2138 cutere
254 2107 371 2138 coelum
388 2114 418 2137 et
433 2113 547 2137 terram
568 2107 702 2147 graviter
717 2107 794 2136 dici-

135 2163 204 2194 tur3
221 2157 329 2186 Horat.
346 2156 372 2186 I.
384 2155 564 2186 Od.xxxiv.
583 2157 629 2185 12.
661 2156 795 2190 Inclusa,

135 2205 245 2240 incisa,
258 2204 424 2245 insculpta,
434 2204 517 2245 quod
530 2209 694 2245 utrumque
704 2205 795 2234 MSS.

137 2253 227 2284 multi
250 2264 267 2283 e
289 2253 391 2294 glossa
411 2253 589 2294 praeferunt.
627 2252 727 2282 Etiam
743 2253 795 2282 Ci-

136 2313 217 2338 cero,
234 2301 329 2333 Caul.
346 2301 365 2331 i.
376 2303 406 2332 2.
421 2302 547 2331 -S'enams
563 2302 729 2331 consultum
746 2302 795 2330 in·

135 2354 252 2383 clusum
284 2354 316 2381 in
346 2352 462 2380 tabulis
509 2350 601 2380 Conf.
631 2349 797 2379 Claudian.

138 2412 188 2432 xv.
204 2401 280 2430 202.
303 2399 357 2429 ubi
371 2399 507 2440 Atropos
522 2408 601 2428 voces
621 2397 708 2428 Jovis
724 2400 795 2427 ιιιΙιι-

139 2456 236 2480 mante
253 2454 347 2480 notat.

180 2498 252 2528 819.
282 2498 371 2531 Suus,
399 2495 476 2536 ejus.

138 2545 246 2585 (multi
269 2546 443 2583 numinis;)
466 2543 616 2584 διάδοχος
637 2542 799 2583 ὀνόματος

140 2594 273 2626 Caesaris
301 2599 430 2624 vocatur
465 2604 483 2623 a
517 2593 630 2622 Dione.
670 2593 796 2621 sueton.

140 2645 223 2683 Aug.
239 2644 276 2672 7:
302 2647 322 2659 ‘¹
339 2643 451 2672 Postea.
472 2642 615 2676 Caesaris,
631 2646 662 2670 et
685 2639 797 2669 deinde

141 2692 275 2733 Augusti
300 2701 472 2732 cognomen
500 2689 686 2729 assumpsit:
719 2688 796 2717 alte-

537 2495 673 2524 Nominis
709 2495 798 2523 hares

862 1582 927 1601 rum
965 1576 1150 1602 testamento
1182 1570 1366 1602 avunculi.''

861 1619 972 1649 molem
989 1619 1120 1660 imperii.
1154 1619 1235 1654 Suos,
1253 1619 1403 1650 faventes.

906 1669 980 1698 822.
1007 1668 1098 1697 Illius
1121 1669 1272 1707 auspiciis,
1289 1668 1365 1708 etc.]
1391 1668 1519 1700 Mulimc

861 1717 1002 1747 obsessus
1019 1716 1061 1746 D.
1074 1718 1189 1747 Brutus
1205 1717 1244 1746 ab
1260 1717 1406 1752 Antonio,
1427 1728 1518 1758 quem

862 1765 1036 1805 AugustuS,
1051 1765 1156 1806 jussus
1181 1775 1198 1794 a
1220 1771 1341 1800 senatu,
1363 1776 1425 1795 una
1449 1775 1519 1796 cum

1422 1574 1517 1607 Onus,

862 1813 964 1843 Hirtio
975 1818 1006 1843 et
1023 1814 1124 1843 Pansa
1140 1823 1218 1843 coss.
1235 1813 1356 1853 fugavit
1370 1825 1376 1850 ;
1403 1814 1520 1850 Florus,

862 1862 902 1892 iv·
919 1863 951 1892 4.
968 1874 975 1899 3
1000 1863 1177 1897 Suetonius,
1194 1863 1277 1900 Aug.
1296 1863 1345 1892 10.
1381 1864 1520 1903 Sequen-

862 1911 905 1941 tia
931 1921 1074 1951 expressa
1095 1921 1112 1940 e
1128 1910 1271 1951 Virgilio,
1289 1912 1402 1951 Georg.
1419 1912 1438 1941 i.
1457 1913 1520 1942 490

862 1971 955 2002 sqq.:
981 1964 1000 1978 “
1018 1961 1098 2001 Ergo
1120 1960 1198 1990 inter
1219 1970 1286 1990 sese
1307 1960 1432 2001 paribus
1448 1971 1519 1990 con-

863 2019 982 2040 currere
1012 2009 1083 2039 telis
1110 2009 1268 2039 Romanas
1297 2008 1379 2038 acies
1412 2009 1520 2039 iterum

865 2058 967 2088 videre
996 2057 1153 2099 Philippi:
1180 2058 1248 2087 Nec
1277 2057 1335 2086 fuit
1359 2056 1519 2097 indignum

863 2106 999 2147 Superis,
1028 2105 1075 2135 bis
1104 2106 1255 2145 sanguine
1284 2111 1386 2135 nostro
1413 2106 1520 2135 zEma-

864 2154 959 2184 thiam
975 2160 1006 2184 et
1018 2154 1098 2183 latos
1109 2153 1211 2183 Haemi
1225 2152 1425 2194 pinguescere
1438 2163 1520 2183 cam-

863 2203 955 2244 pos,’'
994 2202 1046 2232 ubi
1073 2201 1215 2242 Heynius
1241 2201 1393 2235 observat,
1419 2202 1520 2231 AEma-

865 2253 954 2281 thiam
985 2261 1052 2280 esse
1080 2249 1204 2290 quidem
1227 2248 1423 2279 Macedoniae
1452 2260 1521 2290 par-

866 2305 938 2334 tem,
969 2299 1008 2329 ad
1044 2308 1137 2339 quam
1176 2307 1233 2327 nec
1264 2298 1428 2327 Pharsalus
1464 2308 1521 2328 nec

867 2348 1002 2387 Philippi
1018 2347 1211 2388 pertineant3
1233 2345 1287 2375 sed
1305 2350 1409 2386 poetas
1429 2346 1522 2376 latius

866 2407 902 2426 eo
927 2395 1049 2425 nomine
1076 2394 1121 2424 uti
1151 2394 1242 2423 etiam
1264 2403 1318 2434 pro
1339 2393 1520 2423 Thessalia:

866 2444 987 2475 licuisse
1003 2454 1090 2485 porro
1111 2449 1222 2484 poetae‚
1235 2452 1413 2482 quanquam
1430 2443 1523 2482 paulo

865 2491 1009 2525 crassius,
1034 2491 1065 2521 in
1081 2490 1189 2520 eodem
1212 2490 1280 2519 loco
1300 2488 1440 2530 praelium
1458 2490 1521 2521 fac-

866 2547 931 2571 tum
955 2539 1068 2575 dicere,
1084 2538 1165 2579 quod
1191 2538 1222 2567 in
1248 2537 1309 2566 illis
1329 2537 1519 2577 regionibuS,

867 2589 896 2618 in
914 2598 950 2618 eo
971 2598 1064 2627 regno
1085 2593 1139 2616 aut
1154 2586 1247 2627 plaga
1263 2586 1393 2615 sactum.
1439 2586 1522 2618 Hinc

868 2637 1033 2667 Pharsalia·
1060 2646 1141 2665 nunc
1166 2635 1199 2664 fit
1221 2633 1347 2669 mentio,
1363 2634 1413 2664 ubi
1439 2635 1522 2675 prius

867 2685 1007 2726 praelium
1025 2683 1234 2718 commissum,
1251 2682 1322 2712 hinc
1339 2685 1444 2712 ilerum
1462 2696 1521 2712 ma-
