1779 3130
237 180 295 221 92
625 179 675 219 P.
710 177 924 220 OVIDII
961 177 1238 219 NASONIS

242 294 475 356 Namque
496 292 743 341 laboriferi
760 309 915 355 quum
929 293 1034 354 jam
1057 291 1234 338 natalis
1262 293 1463 339 adesset
1529 294 1626 338 285

243 370 490 424 Herculis,
514 377 565 417 et
589 370 838 417 decimum
864 376 1170 433 premeretur
1191 369 1353 415 sidere
1381 368 1606 430 signum3

243 447 505 494 Tendebat
520 448 734 509 gravitas
752 455 947 493 uterum
962 446 1083 493 mihi
1102 464 1111 494 :
1135 447 1372 509 quodque
1389 446 1626 502 ferebam,

243 523 458 571 Tantum
484 533 605 580 erat,
628 533 684 571 ut
708 541 882 588 posses
903 532 1157 571 auctorem
1183 524 1349 569 dicere
1378 522 1497 569 tecti

243 600 486 648 Ponderis
512 618 622 648 esse
644 601 673 647 J
679 618 821 649 ovem
844 619 853 649 :
894 618 985 649 nec
1006 603 1109 663 jam
1136 601 1347 647 tolerare
1369 600 1564 645 labores

245 677 466 724 Ulterius
483 686 730 741 poteram:
751 678 871 740 quin
886 694 1018 724 nunc
1035 692 1237 738 quoque
1252 675 1459 737 frigidus
1476 682 1628 730 artus,

246 753 378 800 Dum
405 755 597 817 loquor,
616 755 786 801 horror
800 755 980 811 habet3
1010 769 1226 817 parsque
1249 759 1326 799 est
1346 752 1630 798 meminisse

442 830 641 877 doloris.

1535 831 1625 875 291

247 906 451 969 Septem
478 923 571 969 ego
597 923 685 969 per
710 914 899 961 noctes,
926 905 1136 952 totidem
1161 905 1382 951 cruciata
1401 904 1595 959 diebus,

245 982 401 1029 Fessa
424 984 582 1038 malis,
603 983 917 1045 tendensque
937 982 998 1028 ad
1014 982 1193 1028 coelum
1208 982 1427 1037 brachia,
1449 997 1632 1043 magno

246 1057 499 1115 Lucinam,
529 1059 793 1122 Nixosque
813 1075 973 1123 pares,
995 1060 1211 1106 clamore
1235 1059 1493 1106 vocabam.

286 1202 361 1232 235.
388 1202 548 1245 Labor-{fer
577 1202 733 1234 delectum
759 1202 905 1233 Herculis

243 1250 414 1291 epitheton.
439 1251 904 1293 Decimum—signum,decimo

245 1310 361 1330 mense.
403 1302 541 1342 Signum,
558 1301 645 1332 sidus
660 1301 787 1332 zodiaci.
828 1301 904 1331 Pre-

245 1356 377 1379 meretur
397 1350 580 1390 elegantius,
607 1361 712 1391 quarn,
735 1361 831 1391 quum
857 1350 904 1380 in-

246 1398 390 1429 travisset
417 1401 509 1434 sidus,
535 1399 568 1429 id
595 1406 652 1435 est,
678 1400 723 1429 sol
747 1399 904 1429 decimum

245 1446 380 1487 signum.
439 1448 491 1478 Sol
518 1450 626 1486 premit
655 1448 734 1483 loca,
766 1448 804 1478 ad
834 1459 904 1489 quae

245 1496 380 1531 accedit,
412 1497 477 1527 xiv.
508 1498 581 1527 416.
629 1498 782 1533 Gravitas,
812 1508 907 1538 grave

246 1555 334 1574 onus.
362 1545 520 1581 Tendebat,
532 1547 731 1582 extendebat,
742 1552 776 1577 ut
788 1558 820 1576 x.
833 1548 906 1577 506.

249 1593 488 1635 szclereffiuu.
513 1596 632 1626 Amant
645 1596 747 1626 Graeci
761 1602 791 1626 et
802 1595 907 1627 Latini

246 1648 390 1672 neutrum
411 1643 450 1674 de
466 1644 576 1685 quovis
595 1645 684 1674 foetu.
731 1644 812 1675 Vide
829 1645 908 1675 Gro-

246 1691 330 1721 novii
345 1692 423 1722 Obs.
442 1693 486 1722 iii.
505 1695 535 1723 2.
562 1693 643 1723 Tecti
666 1696 821 1732 ponderis,·
846 1696 903 1724 Se-

246 1741 444 1782 neca,Epist.
464 1744 533 1772 124.
556 1742 685 1782 Ille,q11i
705 1750 906 1773 maternorum

246 1791 390 1819 viscerum
407 1801 480 1820 onus
498 1792 591 1821 latens
607 1798 657 1822 est.
685 1794 856 1827 Auctorem,
873 1798 908 1822 ut

247 1837 377 1868 Heroid.
400 1839 444 1868 vi.
469 1840 521 1869 20.
545 1841 617 1869 mihi
638 1842 907 1881 graridcrfecerat

251 1894 356 1917 auctor·
372 1899 455 1918 onus.

290 1936 366 1967 291.
394 1937 513 1967 Horror
549 1938 633 1968 hahet
667 1944 762 1968 cirrus.
812 1939 910 1970 Amat

247 1984 362 2015 Noster
387 1985 465 2016 hanc
493 1986 623 2016 formam
647 1987 811 2028 loquendi:
840 1988 907 2018 viii.

248 2033 301 2062 84.
327 2034 411 2064 habet
439 2042 557 2074 pectora
585 2046 723 2071 50771711153
749 2035 801 2065 vii.
831 2038 907 2066 547.

248 2082 333 2112 habet
357 2084 486 2124 languor
509 2086 630 2120 οηὶιιὶιις
661 2084 692 2113 ii.
723 2085 806 2115 Fast.
835 2086 908 2116 754.

249 2131 334 2161 habet
351 2132 606 2174 palm-affigas.-
632 2133 701 2163 vide
722 2138 752 2163 et
771 2133 850 2165 infra
869 2135 907 2165 ad

247 2190 278 2209 x.
295 2181 346 2210 81.

291 2229 365 2258 294.
396 2228 542 2269 Niiosque
566 2230 680 2270 pares]
720 2230 837 2272 Vulgo,
869 2234 908 2263 ad

248 2289 333 2307 ueros
349 2284 465 2316 parcns.
504 2278 597 2309 Ninos
619 2287 672 2309 aut
693 2279 798 2310 Ninos
817 2291 907 2321 puer-

248 2325 325 2367 perii
346 2326 492 2366 praesides
516 2327 609 2357 fuisse
627 2328 745 2363 volunt,
760 2339 777 2358 a
790 2330 909 2359 nitendo

248 2375 291 2405 sic
319 2374 430 2405 dictos.
477 2376 604 2406 Festus:
646 2376 731 2407 Niiii
762 2377 819 2406 Dii
850 2380 908 2407 tria

247 2427 336 2465 signa
365 2425 560 2463 appellantur
591 2427 620 2455 in
651 2426 798 2464 Capitolio
836 2434 908 2457 ante

249 2473 363 2503 cellam
392 2474 547 2509 Minerrcr,
570 2476 697 2514 genibus
720 2477 799 2511 nim,
826 2478 909 2506 velut

246 2524 436 2561 prcz’sidentes
449 2525 630 2561 parientium
647 2526 772 2554 uiribus.
805 2525 907 2555 Etiam

250 2570 372 2600 Nonius
389 2582 442 2601 eos
463 2572 654 2612 parientibus
671 2572 828 2613 praefuisse
846 2580 907 2604 tra-

249 2618 308 2648 dit.
333 2619 371 2649 In
388 2620 457 2649 MS.
470 2620 646 2651 Twisdenio
658 2621 799 2651 additum
811 2622 908 2654 schol.

251 2667 330 2697 Nem·
349 2675 419 2698 sunt
442 2668 495 2703 Di,
511 2671 560 2709 qui
581 2677 759 2700 connectunt
780 2673 907 2702 membra

251 2717 409 2747 mulierum
431 2719 528 2748 soluta
549 2720 588 2748 ml
609 2726 741 2757 partum,
761 2722 840 2751 unde
858 2722 905 2751 di-

971 1209 1085 1233 cuntur
1106 1202 1198 1233 Nemi.
1245 1202 1400 1242 Nimisque
1418 1213 1516 1242 pares.
1562 1202 1633 1232 Duo

969 1259 1038 1282 sunt
1053 1251 1184 1294 fratres,
1202 1251 1257 1281 Dii
1278 1258 1396 1290 partus,
1417 1253 1496 1281 sicut
1515 1257 1543 1281 et
1568 1251 1632 1280 Lu-

1108 1302 1225 1332 Verum
1263 1306 1374 1341 praeter
1413 1299 1633 1340 grammaticos

971 1361 1060 1381 nemo
1088 1357 1248 1381 auctorum
1279 1356 1416 1380 veterum
1444 1350 1633 1380 mentionem

970 1399 1045 1430 facit
1065 1399 1217 1429 Nixorum
1233 1405 1287 1429 aut
1302 1399 1463 1429 Nexorum
1479 1399 1632 1429 Deorum.

972 1450 1042 1479 Nec
1065 1454 1206 1490 apparet,
1222 1459 1284 1489 quo
1303 1459 1396 1478 sensu
1418 1447 1468 1477 hic
1488 1447 1635 1478 dicantur

969 1510 1068 1538 pares,
1094 1497 1175 1538 quod
1202 1498 1309 1527 Burni.
1332 1503 1484 1527 mutatum
1511 1496 1636 1527 volebat

973 1547 1004 1577 in
1021 1547 1125 1581 Lares,
1141 1553 1175 1576 ut
1188 1546 1261 1576 Niriz·
1274 1546 1354 1576 inter
1366 1546 1451 1576 Deos
1463 1545 1558 1575 Lares
1572 1545 1634 1575 sint

975 1595 1085 1626 habiti.
1102 1595 1302 1625 Schirachius
1313 1594 1452 1625 defendit
1466 1594 1538 1624 lect.
1548 1594 1635 1634 vulg.

974 1647 1013 1675 ml
1029 1656 1112 1675 news
1126 1652 1331 1685 22111⁴t115,quos
1344 1654 1414 1674 cum
1425 1644 1579 1684 Ganyraeo
1595 1643 1635 1674 ad

974 1697 1049 1727 Juv.
1065 1695 1129 1725 Sat.
1139 1695 1171 1724 ii.
1188 1696 1239 1724 33.
1250 1695 1289 1724 de
1302 1694 1452 1735 partubus
1464 1693 1636 1734 implicitis,

974 1743 1133 1785 impeditis
1148 1743 1251 1773 adhuc
1264 1743 1295 1772 in
1310 1749 1408 1777 utero,
1425 1741 1522 1783 capit.
1553 1742 1631 1772 Ale-

974 1803 1099 1823 menam
1128 1793 1222 1834 igitur
1250 1793 1377 1822 vocasse
1410 1792 1572 1826 Lucinam,
1600 1796 1636 1821 ut

975 1842 1137 1883 expediret
1156 1852 1250 1872 nexos
1272 1841 1303 1871 in
1327 1847 1414 1871 utero
1433 1846 1556 1882 partus;
1579 1839 1635 1870 sed

976 1901 1072 1931 quum
1094 1891 1201 1921 scribae
1228 1901 1288 1920 non
1311 1895 1550 1930 assequerentur
1571 1889 1634 1919 vim

973 1940 1100 1970 istorum
1135 1940 1308 1974 verborum,
1336 1939 1409 1969 inde
1443 1945 1540 1969 ortam
1568 1949 1635 1969 esse

976 1989 1156 2019 varietatem
1186 1989 1339 2019 lectionis.
1384 1988 1450 2029 Ego
1488 1999 1558 2018 vero
1587 1999 1634 2018 ar·

976 2038 1081 2072 bitror,
1097 2037 1159 2067 loc.
1176 2038 1221 2067 ita
1236 2048 1302 2067 esse
1320 2036 1584 2072 constituendum,
1600 2043 1634 2067 ut

978 2087 1147 2117 Parcarum
1170 2086 1219 2116 hic
1242 2087 1296 2116 fiat
1315 2086 1444 2116 mentio.
1492 2086 1632 2117 Dubium

975 2135 1056 2165 enim
1076 2146 1137 2165 non
1158 2140 1215 2170 est,
1232 2136 1347 2165 Parcas
1364 2146 1424 2164 una
1443 2145 1514 2164 cum
1530 2135 1636 2165 Diana

975 2184 1218 2224 parturientibus
1235 2183 1413 2225 praefuisse3
1438 2183 1528 2213 Plato
1545 2185 1635 2224 Syrn-

975 2243 1041 2274 pos.
1066 2244 1097 2274 p.
1117 2234 1192 2264 206.
1239 2233 1363 2263 Deinde
1386 2233 1565 2263 Antoninus
1581 2233 1635 2263 Li-

975 2282 1100 2318 beralis,
1116 2282 1146 2312 d.
1157 2282 1180 2312 l.
1199 2282 1310 2313 diserte
1326 2282 1434 2317 tradit,
1449 2282 1634 2313 Alcmenam

975 2331 1196 2372 parturientem
1224 2331 1361 2361 Dianam
1382 2337 1413 2361 et
1439 2332 1557 2361 Parcas
1582 2343 1635 2362 ex-

976 2387 1094 2420 pertam
1111 2391 1178 2410 esse
1193 2379 1346 2410 difficiles.
1377 2381 1507 2421 Μοῖραι,
1522 2380 1634 2421 inquit,

976 2429 1028 2458 καὶ
1055 2428 1217 2459 Εἰλείθυια
1235 2430 1318 2467 πρὸς
1337 2428 1436 2469 χάριν
1454 2431 1514 2466 τῆς
1530 2429 1635 2470 ’Ἠρας

975 2479 1130 2518 κατεῖχον
1151 2478 1186 2508 ἐν
1204 2479 1277 2514 ταῖς
1301 2477 1389 2508 ῶῐισι
1409 2479 1472 2515 τὴν
1491 2478 1635 2519 Ἀλκμή·

976 2538 1051 2564 νην.
1097 2527 1237 2556 Fortasse
1253 2538 1331 2556 verae
1349 2527 1490 2557 lectionis
1506 2529 1636 2569 vestigia

976 2574 1075 2604 latent
1089 2574 1120 2605 in
1138 2575 1234 2605 altero
1249 2575 1426 2605 'swisdenio
1445 2577 1515 2606 MS.
1532 2588 1635 2607 nems-

976 2634 1031 2662 qne
1063 2624 1153 2654 Dens.
1197 2624 1299 2654 Etiam
1338 2624 1445 2654 Codex
1481 2624 1636 2666 Spirensis

978 2672 1132 2713 Nexasque
1145 2673 1295 2713 agnoscit.
1318 2673 1414 2714 Apud
1431 2673 1558 2704 Homer.
1571 2683 1635 2704 ver.

980 2722 1050 2752 119.
1067 2722 1152 2753 Juno
1169 2721 1282 2752 retinet
1299 2722 1442 2762 Ilithyias
1456 2721 1488 2753 in
1503 2732 1632 2753 numero

970 1304 1053 1332 cinae.
