1779 3130
383 152 1003 196 METAMORPHOSEON
1037 154 1156 194 LIB.
1188 154 1323 195 Vlll.
1495 150 1548 195 19

163 269 414 325 Condidit,
442 276 492 317 et
515 269 661 316 tellus
687 284 716 315 a
740 269 936 315 nomine
961 268 1097 315 dicta
1121 268 1319 331 sepulti.

1447 272 1543 315 235

226 344 374 392 Hunc
399 345 563 392 miseri
589 345 779 391 tumulo
805 351 1073 407 ponentem
1093 360 1300 406 corpora
1324 344 1426 390 nati

160 422 372 469 Garrula
396 438 590 469 ramosa
614 423 872 484 prospexit
897 423 958 468 ab
984 422 1095 469 ilice
1121 422 1319 484 perdix3

160 497 225 544 Et
250 499 435 560 plausit
460 498 651 561 pennis,
680 505 962 561 testataque
990 499 1171 560 gaudia
1195 506 1344 545 cantu
1370 506 1474 546 est:

160 574 322 621 Unica
345 583 462 622 tunc
482 575 709 629 volucris,
738 591 827 621 nec
853 576 957 621 visa
980 575 1225 637 prioribus
1252 575 1408 630 annis,
1447 578 1542 621 239

158 649 412 713 Factaque
427 667 584 714 nuper
599 651 717 706 avis,
734 652 935 713 longum
956 651 1062 706 tibi,
1083 651 1305 706 Daedale,
1326 652 1512 698 crimen
1530 668 1540 698 :

159 726 391 788 Namque
407 727 520 773 huic
540 726 827 782 tradiderat,
840 726 1050 773 fatorum
1070 727 1253 788 ignara,
1266 728 1543 774 docendam

156 801 451 865 Progeniem
477 819 711 865 germana
735 820 890 859 suam,
919 803 1167 850 natalibus
1192 803 1316 850 actis

158 879 247 927 Bis
272 897 479 944 puerum
504 881 653 936 senis,
681 881 829 927 animi
856 881 918 927 ad
943 888 1193 944 praecepta
1216 880 1432 944 capacis.

157 956 249 1004 Ille
274 957 423 1005 etiam
448 958 612 1005 medio
638 958 804 1022 spinas
826 958 873 1004 in
899 958 1037 1021 pisce
1063 964 1259 1004 notatas

199 1168 273 1198 236.
291 1168 386 1198 Hunc
406 1171 517 1205 miseri,
532 1169 610 1210 etc.]
637 1171 717 1207 Quae
742 1168 814 1200 inde

156 1227 176 1247 a
201 1228 290 1248 versu
315 1219 374 1248 183
401 1218 594 1260 praecedunt,
619 1219 737 1249 nullam
758 1218 813 1249 ha-

156 1266 231 1296 bent
255 1266 527 1308 metamorphosin,
548 1267 603 1298 sed
626 1267 700 1308 quia
720 1267 813 1298 aliam

155 1315 195 1345 ob
219 1325 347 1346 causam
372 1316 586 1346 memorabilia
608 1316 812 1358 reperiuntur,

157 1370 308 1405 tanquam
333 1375 430 1395 nexus
459 1375 556 1395 causa
584 1365 705 1395 intexta
732 1370 816 1395 sunt.

156 1413 433 1455 Metamorphosin,
450 1425 519 1455 quae
540 1415 620 1445 Icari
637 1425 743 1445 casum
759 1425 813 1444 an—

155 1462 291 1498 tecessit,
301 1473 382 1493 nunc
396 1463 557 1493 commode
570 1463 706 1504 subjicit.
732 1463 813 1494 Con-

154 1511 292 1542 ferantur
312 1512 478 1547 Diodorus,
495 1511 539 1542 iv.
557 1513 618 1549 763
642 1512 813 1552 Apollodo-

154 1571 216 1596 rus,
244 1561 309 1591 ΙΙΙ.
341 1572 391 1592 xv.
413 1563 453 1599 93
488 1560 642 1602 Hyginus,
670 1561 732 1591 fab.
762 1563 813 1592 39.

154 1610 240 1647 274;
263 1609 398 1645 Servius,
427 1609 467 1640 ad
494 1609 673 1650 Virgilium,
699 1610 812 1651 Georg.

153 1658 173 1688 i.
202 1660 284 1696 1435
321 1658 448 1688 AEneid.
472 1670 501 1688 v.
533 1659 582 1688 14.
640 1659 812 1694 Ponenzem,

154 1707 273 1738 cineres
286 1707 482 1742 condentem,
498 1707 612 1748 quibus
632 1713 738 1748 postea
763 1714 811 1738 tu-

154 1759 252 1787 mulus
277 1756 447 1798 impositus.
494 1755 710 1797 Reprehendit
732 1756 810 1787 Bur-

153 1815 286 1836 mannus
310 1811 446 1846 poetam‚
475 1804 558 1845 quod
587 1804 744 1845 perdicem
773 1815 811 1834 ex

152 1855 260 1884 arbore
297 1853 535 1895 prospicientem
572 1853 680 1894 fingat,
715 1864 811 1894 quum

152 1903 219 1934 haec
236 1903 301 1933 avis
325 1912 447 1943 semper
468 1901 553 1932 humi
570 1907 718 1937 versetur,
734 1908 765 1932 et
781 1902 812 1932 in

152 1958 234 1982 terra
260 1952 355 1982 faciat
379 1950 506 1981 cubilia.
553 1951 666 1992 Neque
692 1951 749 1981 hoc
765 1951 810 1982 la-

150 2001 210 2031 tuit
237 2000 385 2031 Ovidium
414 1999 479 2040 qui,
504 2009 594 2029 versu
623 2000 698 2035 256,
730 2000 810 2030 hane

150 2050 216 2080 avis
230 2049 366 2079 indolem
382 2059 398 2078 e
418 2048 557 2078 Perdicis
572 2058 646 2078 casu
661 2048 811 2090 explicat.

153 2100 295 2134 Plausus,
315 2098 436 2139 signum
462 2097 580 2127 laetitiae
605 2103 636 2128 et
657 2099 808 2139 approba-

150 2148 253 2184 tionis,
268 2154 299 2178 et
313 2149 391 2178 bene
407 2147 465 2177 hoc
481 2147 549 2176 loco
568 2146 684 2188 perdici
701 2147 808 2177 tribui-

150 2204 200 2228 tur
216 2209 224 2235 ;
246 2207 315 2227 nam
340 2198 435 2227 etiam
451 2205 524 2225 aves
537 2196 680 2234 plaudere
699 2195 808 2226 dicun-

149 2253 210 2282 tur,
225 2256 321 2286 quum
343 2244 505 2286 strepitum
520 2244 653 2274 volando
679 2244 810 2277 faciunt.

149 2297 215 2326 xiv,
232 2296 304 2326 507.
343 2293 482 2324 Perdicis
498 2300 604 2324 cantus
624 2293 731 2324 similis
747 2294 808 2325 fere

149 2355 224 2375 sono
253 2354 342 2374 serrae
371 2342 491 2383 lignum
523 2343 667 2373 secantis.
726 2343 808 2374 Hinc

151 2392 280 2433 mythici
309 2391 473 2432 scriptores
499 2401 589 2421 serrae
616 2392 808 2422 inventorem

151 2451 213 2471 non
237 2449 353 2470 temere
382 2439 414 2469 in
444 2440 523 2470 hanc
554 2450 643 2470 avem
672 2441 808 2471 mutasse

149 2489 295 2520 videntur
308 2489 392 2519 doct.
403 2488 529 2530 Buffon,
540 2489 572 2518 in
585 2489 667 2519 Hist.
679 2488 807 2525 Avium,

149 2544 225 2568 tom.
246 2538 286 2568 vi.
311 2549 342 2568 n.
365 2538 417 2568 25.
462 2537 570 2568 Potius
591 2537 730 2567 Perdieis
754 2548 807 2567 no-

151 2598 220 2618 men
243 2587 356 2617 fabulae
372 2586 522 2628 originem
537 2586 658 2617 dedisse
675 2585 808 2617 videtur.

150 2635 233 2667 Vide
251 2646 315 2666 ver.
331 2637 407 2666 255.

192 2686 265 2716 240.
292 2685 428 2726 Longum
452 2686 573 2721 crimen,
594 2694 663 2725 quae
688 2694 810 2724 semper

883 1168 939 1199 tibi
952 1168 1071 1199 caedem
1086 1171 1295 1209 perpetratam
1311 1165 1430 1207 objicit.
1463 1165 1540 1196 Ger-

882 1231 971 1248 mana
995 1219 1034 1248 ab
1055 1216 1247 1259 Apollodoro
1275 1216 1387 1246 Perdix
1415 1221 1446 1246 et
1473 1227 1539 1255 pro-

880 1269 980 1308 genies
1003 1266 1097 1296 Talus
1119 1270 1265 1295 vocatur:
1293 1266 1337 1294 sic
1363 1271 1394 1295 et
1419 1263 1539 1294 Diodo-

880 1327 953 1354 rus3
977 1315 1031 1346 sed
1058 1326 1075 1345 e
1099 1324 1190 1344 versu
1216 1315 1278 1344 255
1304 1319 1443 1355 apparet,
1460 1314 1540 1343 Nos-

881 1370 961 1395 trum
979 1374 1050 1394 cum
1065 1361 1376 1404 Hygino,Fulgentio
1392 1367 1423 1392 et
1435 1361 1541 1392 Servio

880 1420 1022 1444 secutum
1038 1422 1105 1442 esse
1120 1421 1183 1447 eos,
1200 1410 1253 1451 qui
1270 1410 1408 1440 Perdicis
1427 1421 1541 1441 nomen

881 1463 944 1493 filio
960 1463 1141 1492 tribuerent.
1186 1459 1269 1490 Vide
1293 1460 1483 1489 Munkerum
1500 1459 1539 1490 ad

882 1511 999 1552 Hygini
1025 1510 1122 1540 fabul.
1144 1510 1195 1540 39.
1240 1509 1320 1539 Eum
1337 1508 1462 1538 Daedali
1477 1521 1537 1550 μα-

881 1560 986 1598 θητὴν
1000 1565 1088 1589 vocat
1104 1558 1198 1588 etiam
1213 1556 1432 1598 Apollodorus,
1449 1557 1540 1598 eique

880 1608 935 1639 dat
971 1608 1116 1648 εὐφυΐαν,
1145 1606 1330 1647 praeclarum
1366 1605 1539 1646 ingenium.

879 1658 929 1687 Ad
950 1663 1097 1696 praecepta
1118 1656 1254 1695 capacis;
1279 1653 1380 1690 multi,
1407 1656 1536 1693 rapacis,

879 1706 962 1748 quod
991 1705 1191 1736 adblanditur
1207 1703 1347 1739 Heinsio,
1371 1704 1446 1744 quia
1467 1714 1538 1735 mox

878 1757 1033 1798 ingenium
1054 1756 1133 1785 velox
1155 1753 1182 1784 ei
1201 1753 1355 1784 tribuitur.
1402 1753 1537 1784 Dubitat

879 1806 1077 1836 Burmannus
1093 1814 1132 1834 an
1148 1814 1241 1843 rapax
1253 1804 1292 1832 nd
1308 1808 1391 1832 recte
1404 1801 1538 1840 dicatur,

879 1865 977 1895 quum
997 1864 1089 1893 capax
1108 1862 1190 1893 saepe
1210 1851 1254 1882 ita
1275 1850 1412 1881 construi
1427 1852 1537 1889 soleat,

876 1903 975 1933 Male.
1022 1903 1070 1932 Ad
1087 1908 1160 1931 tunc
1178 1907 1236 1936 est,
1253 1898 1369 1941 quoad.

923 1951 996 1981 244.
1014 1952 1120 1989 Spinas
1135 1951 1168 1979 in
1184 1949 1289 1988 pisce.]
1316 1946 1367 1978 Sic
1385 1953 1415 1978 et
1436 1948 1538 1988 Hygi-

881 2011 958 2037 nus3
982 1999 1036 2030 sed
1052 1998 1224 2029 secundum
1240 1996 1412 2028 Diodorum
1428 2002 1459 2027 et
1470 1997 1539 2038 Hy-

877 2049 996 2090 ginum,
1013 2047 1195 2078 mandibula
1221 2045 1372 2088 serpentis
1390 2045 1538 2077 dentibus

878 2108 987 2139 aspera
1002 2097 1031 2127 ei
1041 2107 1136 2127 causa
1151 2095 1210 2125 suit
1220 2105 1335 2125 serram
1348 2094 1537 2127 inveniendi.

877 2147 1015 2177 Herbam
1037 2150 1186 2176 serratam
1206 2143 1354 2185 originem
1377 2154 1467 2174 serrae
1483 2144 1538 2175 de-

877 2195 970 2231 disse,
1000 2194 1053 2224 alii
1080 2193 1256 2223 tradebant.
1293 2191 1426 2227 Plinius,
1451 2192 1538 2224 xxiv.

880 2246 929 2275 15.
974 2243 1093 2273 Eodem
1110 2247 1234 2273 auctore
1251 2241 1307 2271 illa
1320 2241 1390 2272 laus
1406 2241 1538 2272 debetur

876 2293 935 2335 ipsi
958 2292 1112 2330 Daedalo3
1135 2291 1190 2321 vii.
1213 2291 1255 2322 56
1280 2302 1304 2321 s.
1328 2291 1381 2321 57.
1431 2290 1538 2321 Traxit

876 2345 909 2373 in
933 2343 1106 2381 exemplum,
1132 2340 1271 2371 imitatus
1297 2346 1343 2370 est
1368 2339 1537 2372 Claudian.

876 2391 997 2421 Stilich.
1018 2390 1051 2421 ii.
1075 2390 1154 2420 117:
1181 2394 1358 2430 corruptum
1382 2399 1483 2419 aevum
1505 2395 1536 2421 te

876 2451 938 2471 non
964 2441 1057 2470 traxit
1086 2441 1125 2470 ad
1150 2439 1323 2477 exemplu-m.
1361 2438 1536 2477 Perpetuos,

876 2500 939 2519 una
962 2488 1039 2519 serie
1060 2493 1285 2530 procurrenteS.
1331 2487 1425 2517 Serrae
1453 2499 1536 2524 usus,

876 2538 943 2580 ipsa
971 2547 1065 2568 serra.
1091 2536 1172 2567 Vide
1195 2536 1235 2566 ad
1257 2535 1278 2566 i.
1299 2536 1374 2566 408.
1422 2536 1535 2567 Ferrea

876 2588 1008 2621 brachia,
1030 2591 1094 2616 etc.
1122 2584 1230 2616 circini
1255 2584 1420 2625 descriptio
1446 2595 1533 2626 egre-

875 2635 938 2675 gia.
992 2635 1107 2671 Nudus,
1137 2633 1180 2670 id,
1211 2644 1272 2675 quo
1300 2633 1457 2664 cohaerent
1486 2644 1534 2664 res

876 2694 991 2714 sclssae.
