1779 3130
220 163 304 204 196

608 161 658 200 Ρ.
697 157 910 199 OVIDII
943 155 1223 198 NASONIS

224 276 411 323 Naides
437 281 487 321 et
513 273 760 337 Dryades
788 286 1065 335 passosque
1090 270 1307 316 habuere
1333 267 1555 330 capillos.

223 352 453 399 Membra
482 351 654 410 jacent
683 349 878 395 diversa
908 347 1058 393 loeis:
1105 353 1274 409 eaput,
1310 343 1496 398 Hebre,
1530 342 1604 405 ly-

355 442 562 488 ramque

1544 421 1607 465 50

223 503 459 565 Exeipis3
500 510 565 557 et,
593 501 786 555 mirum,
814 501 976 547 medio
996 501 1115 546 dum
1140 498 1320 545 labitur
1345 512 1506 551 amne,

225 580 414 626 Flebile
440 579 608 625 neseio
634 577 754 640 quid
780 577 1002 640 queritur
1026 577 1162 638 lyra;
1202 574 1368 620 flebile
1392 573 1561 633 lingua

225 656 507 702 Murmurat
531 655 773 701 exanimis
792 673 802 709 ;
844 653 1149 717 respondent
1172 651 1337 697 flebile
1359 649 1492 712 ripae.

222 732 438 794 Jamque
458 747 592 778 mare
612 731 820 778 invectae
842 731 1026 776 flumen
1048 729 1285 792 populare
1306 727 1608 788 relinquunt,

226 808 293 855 Et
318 808 671 871 Methymnaeae
699 808 954 871 potiuntur
979 807 1121 853 litore
1148 804 1312 853 Lesbi.
1548 804 1609 848 55

226 883 322 930 Hie
347 884 480 931 ferus
506 884 791 947 expositum
817 882 1089 947 peregrinis
1115 881 1291 942 anguis
1317 879 1477 926 arenis

224 1026 360 1056 humeris
370 1025 435 1057 fere
451 1026 599 1067 injectam
614 1026 716 1056 Fluvii
732 1025 764 1056 in
778 1037 886 1057 monu—

224 1074 336 1105 mentis
361 1075 485 1105 habent.
529 1075 605 1105 Erat
623 1081 726 1105 autem
749 1077 888 1106 carbasus

225 1134 324 1163 genus
336 1123 426 1153 lintei
437 1123 608 1154 tenuissimi
621 1130 651 1154 et
663 1124 886 1165 pretiosissimi.

226 1172 315 1212 Virg.
333 1171 460 1202 .Eneid.
477 1172 518 1201 xi.
532 1173 611 1209 7753
637 1173 774 1208 Curtius,
792 1173 887 1203 VIII.

224 1219 267 1250 ix.
284 1222 335 1251 2l.
351 1220 457 1261 ibique
482 1221 664 1262 interpretes
682 1220 762 1251 vide.
807 1222 888 1251 Luc-

225 1274 276 1298 tus
303 1279 397 1299 causa
424 1279 505 1298 nunc
536 1275 602 1298 erat
627 1271 759 1305 obscura,
785 1269 887 1299 colore

227 1319 357 1351 obscuro,
374 1317 405 1347 id
423 1324 480 1352 est,
496 1323 619 1348 austero
633 1330 640 1356 3
664 1329 776 1359 nempe
790 1320 887 1358 pullo,

228 1365 260 1396 id
273 1372 330 1402 est,
344 1366 501 1406 subnigro.
547 1367 608 1397 Sed
618 1368 734 1406 pullum
750 1367 807 1397 hoc
822 1368 890 1398 loco

229 1415 432 1450 substantive,
445 1422 477 1445 ut
494 1415 561 1446 Liv.
576 1415 616 1445 iv.
631 1418 683 1445 25.
700 1416 753 1446 ubi
767 1416 888 1446 Grono-

228 1463 296 1493 vius
307 1465 458 1499 ohservat‚
471 1464 513 1493 sic
528 1463 666 1504 usurpari
682 1464 775 1494 etiam
791 1466 890 1494 albam

229 1518 261 1542 et
296 1516 427 1554 nigrum.
473 1513 584 1543 Vestes
616 1513 762 1553 lugubres
796 1513 890 1543 etiarn

230 1561 386 1602 Dryades,
404 1561 467 1591 viii.
489 1561 562 1591 778.
578 1568 713 1592 sumunt.

275 1610 329 1640 50.
356 1610 617 1650 Membrnjacent,
634 1610 712 1649 etc.]
739 1609 890 1651 Discerp-

231 1664 281 1689 tus
304 1665 361 1693 est,
378 1664 413 1688 ut
437 1659 606 1694 Pentheus,
624 1659 679 1689 lib.
696 1660 760 1689 III.
778 1670 808 1689 v.
830 1660 891 1689 708

229 1717 299 1747 sqq.
345 1707 448 1736 Etiam
476 1707 557 1748 apud
582 1707 748 1747 Virgilium
774 1707 892 1737 Hebrus

230 1761 324 1796 caput
340 1754 459 1796 Orphei
475 1755 601 1796 excipit,
614 1762 645 1785 et
662 1758 784 1797 gurgite
800 1757 893 1786 medio

226 1810 339 1842 poi-tut.
384 1804 561 1834 Secundum
597 1805 799 1840 Phanoclem,
830 1816 892 1835 ver.

235 1854 284 1883 11.
297 1853 433 1883 Bacchae
449 1860 544 1894 caput
556 1859 587 1883 et
599 1853 696 1894 lyram
709 1854 798 1884 clavo
809 1864 892 1884 com-

231 1908 395 1942 pegerunt,
433 1907 467 1932 ut
503 1901 704 1942 ἐμφορέοιντο
744 1902 894 1944 Θαλάσσῃ

230 1951 323 1991 ἄμφω
348 1951 425 1990 ἅμα.
470 1950 560 1980 Idem
576 1951 668 1980 etiam
685 1951 716 1980 in
736 1961 823 1992 seqq.
839 1962 893 1981 ex-

231 2009 374 2039 pressus:
402 1999 576 2039 Eurydicen
591 2011 640 2029 vsu*
658 2002 718 2038 ipsa
735 2001 893 2040 effrigida

235 2049 354 2088 lingua,
365 2048 431 2077 Ah!
455 2050 589 2078 miserum
603 2048 779 2087 Eurssnlicerz
793 2050 893 2078 anima

236 2096 374 2136 fugiente
390 2098 527 2126 rocabat:
554 2097 726 2136 Eurydicen
745 2104 803 2127 toto
818 2098 893 2139 refe-

234 2146 479 2185 rebantflumine
496 2147 578 2184 ripoe.
623 2144 826 2181 SedNoster,
843 2158 893 2176 ne-

235 2197 294 2225 scio
307 2195 484 2235 qnidflebile
500 2197 647 2234 queritur.
695 2195 744 2225 Sic
762 2195 894 2225 Heroid.

235 2242 323 2273 xviii.
349 2245 403 2272 82.
428 2243 586 2283 Alcyones
614 2245 709 2273 nescio
731 2246 802 2283 quid
830 2246 895 2274 zvisae

235 2297 307 2320 sunt
332 2292 403 2321 mihi
423 2292 511 2321 dulce
536 2293 642 2331 queri,
668 2292 802 2322 Remed.
819 2294 892 2323 766.

238 2340 280 2369 Et
304 2351 368 2370 men
394 2342 487 2370 nescio
506 2341 577 2379 quid
598 2343 732 2371 carmina
751 2342 838 2371 dulce
853 2353 895 2371 so-

239 2395 327 2418 nant.
376 2389 470 2422 Queri
495 2389 653 2429 eleganter
676 2389 714 2420 de
740 2390 836 2420 flebili
867 2396 898 2420 et

238 2436 324 2466 molli
346 2447 419 2467 sono
443 2436 517 2477 lyrae
540 2443 571 2467 et
594 2437 691 2468 tibiae.
737 2438 897 2475 Horatius,

238 2484 284 2513 II.
300 2485 364 2515 Od.
383 2485 449 2515 xiii.
463 2486 514 2514 24.
532 2486 637 2515 AEoliis
647 2487 763 2525 fidibus
776 2498 898 2526 querens

240 2533 356 2571 Sappho
375 2535 483 2572 puellis
499 2536 533 2563 (Ie
546 2536 759 2572 pupuluribus;
784 2536 898 2566 Lucre·

241 2581 311 2616 tius,
337 2581 380 2611 iv.
413 2584 487 2613 588.
512 2584 613 2613 dulces
642 2586 786 2623 querelas,
815 2585 898 2615 Tibia

241 2641 312 2668 quas
326 2630 451 2671 fundit.
494 2632 681 2662 Mur-murat.
727 2633 842 2663 Confer
866 2645 896 2664 ν.

246 2678 317 2713 105,
335 2684 365 2709 et
389 2678 427 2709 vi.
444 2681 517 2710 558.
535 2679 586 2710 ubi
612 2681 700 2716 adeo,
723 2681 807 2722 quod
830 2682 897 2721 jure

954 1025 1083 1061 mireris,
1100 1025 1206 1066 lingua
1217 1025 1284 1066 jam
1301 1029 1430 1058 resecta,
1447 1029 1533 1065 tersae
1555 1026 1613 1050 tre-

953 1086 1033 1105 mens
1048 1076 1207 1104 immurrut
1222 1080 1306 1103 (τίνα’.
1351 1072 1552 1111 Respondent,
1568 1079 1616 1099 re-

954 1130 1066 1155 sonant
1088 1134 1144 1165 per
1167 1123 1254 1153 echo.
1299 1121 1462 1162 Virgilius,
1485 1119 1555 1150 Ecl.
1580 1129 1613 1148 x.

956 1174 985 1203 8.
1006 1175 1181 1212 respondent
1204 1173 1302 1201 omniu
1325 1172 1422 1205 silum
1454 1167 1614 1203 Horatius,

955 1223 983 1253 Ι.
1002 1222 1066 1252 Od.
1084 1221 1138 1251 xii.
1154 1223 1184 1252 3.
1196 1223 1328 1251 recimere
1344 1219 1387 1250 sic
1403 1218 1491 1248 dixit.
1531 1216 1615 1247 Pha-

955 1271 1071 1306 nocles,
1100 1281 1161 1301 ver.
1189 1271 1237 1300 16.
1264 1271 1332 1310 ἠχὴ
1363 1268 1386 1299 δ’
1413 1268 1455 1304 ὡς
1477 1269 1618 1308 λιγυρῆς

957 1321 1083 1352 πόντον
1099 1321 1214 1360 ἔπεσχε
1231 1319 1343 1359 λύρης.

999 1370 1050 1400 54.
1084 1369 1243 1408 Populum,
1259 1368 1373 1398 flumen
1397 1364 1535 1406 ejusdem
1561 1375 1616 1406 po-

955 1417 1032 1459 puli,
1044 1417 1126 1447 unde
1140 1422 1170 1447 et
1186 1416 1343 1458 Orpheus.
1388 1415 1490 1445 Etiam
1506 1414 1526 1445 i.
1543 1414 1617 1444 517.

956 1467 1267 1506 populariaflumina,
1283 1470 1314 1495 et
1329 1465 1371 1495 ix.
1386 1465 1439 1494 20.
1467 1462 1615 1502 Methym-

959 1527 1032 1549 mra,
1044 1514 1117 1555 quia
1131 1514 1316 1555 Methymna
1327 1514 1399 1544 urbs
1415 1511 1618 1542 celeberrima

958 1562 1064 1593 Lesbi.
1112 1564 1212 1592 Parii-i
1236 1562 1279 1592 ita
1301 1568 1347 1592 est
1366 1561 1458 1592 etiam
1479 1559 1535 1590 xii.
1551 1560 1615 1596 383

958 1612 1025 1642 xiii.
1041 1613 1113 1643 729.
1160 1611 1265 1652 Caput
1280 1609 1396 1652 Orphei
1418 1608 1563 1639 fluctibus
1586 1608 1618 1638 in

958 1660 1091 1691 insulam
1113 1661 1234 1691 Lesbon
1257 1670 1323 1690 esse
1346 1659 1496 1693 delatum,
1513 1658 1618 1698 ibique

959 1709 1125 1750 sepulturae
1151 1709 1333 1739 mandatum
1357 1708 1460 1749 plures
1483 1705 1619 1737 tradide-

959 1765 1041 1788 rant.
1088 1759 1147 1788 Pro
1177 1769 1238 1799 quo
1267 1757 1418 1788 beneficio
1447 1756 1549 1786 Lesbii
1578 1754 1619 1784 ad

960 1808 1111 1838 musicam
1122 1814 1220 1838 artem
1236 1805 1473 1848 ingeniosissimi
1485 1815 1551 1836 esse
1565 1815 1618 1835 ex-

959 1857 1194 1894 istimabantur3
1231 1857 1375 1897 Hyginus
1400 1856 1438 1885 P.
1466 1855 1506 1884 A.
1529 1853 1560 1883 ii.
1583 1855 1620 1891 73

960 1905 1058 1935 Arion
1082 1906 1177 1940 enirn,
1192 1905 1330 1939 Alaeus,
1348 1903 1484 1944 Sappho,
1504 1902 1622 1932 Erinna

959 1954 1075 1985 Lesbii.
1119 1954 1254 1984 Thraces
1271 1952 1512 1986 contendebant,
1527 1951 1621 1981 lusci-

961 2004 1039 2038 nias,
1057 2014 1126 2044 quae
1149 2002 1232 2033 circa
1248 2001 1365 2043 Orphei
1381 2001 1557 2042 sepulcrum
1574 2000 1620 2029 ni-

962 2052 1016 2082 dos
1044 2052 1190 2086 habeant,
1222 2050 1346 2081 suavius
1374 2059 1498 2084 canere,
1527 2058 1621 2089 quam

963 2101 1054 2132 alibi:
1080 2100 1142 2130 vid.
1166 2100 1339 2130 Pausanias
1364 2100 1467 2129 Boeot.
1491 2109 1521 2140 p.
1545 2099 1620 2128 769.

962 2150 1015 2180 ubi
1037 2150 1127 2191 plura
1149 2149 1188 2180 de
1205 2148 1324 2190 Orphei
1341 2147 1484 2189 sepulcro
1499 2153 1531 2177 et
1545 2146 1621 2177 ossi-

962 2199 1021 2229 bus
1034 2198 1143 2228 habes.
1189 2198 1303 2238 Lyram
1319 2197 1407 2229 Jovis
1422 2203 1453 2227 et
1467 2195 1622 2237 Apollinis

964 2247 1123 2277 voluntate
1145 2247 1224 2276 inter
1247 2246 1348 2276 sidera
1362 2245 1502 2276 retulisse
1518 2245 1621 2275 Musae

963 2296 1128 2333 dicuntur;
1153 2295 1272 2336 Hygin.
1287 2295 1319 2324 d.
1333 2295 1355 2325 l.

1007 2346 1059 2375 56.
1085 2344 1284 2384 Eipositum]
1315 2343 1417 2384 Vulgo
1441 2346 1576 2383 esposito,
1592 2348 1624 2373 et

964 2403 1053 2423 versu
1070 2404 1136 2434 seq.
1149 2393 1287 2433 quidam,
1299 2394 1409 2422 obstitit
1423 2403 1485 2433 pro,
1496 2403 1524 2422 os
1535 2395 1623 2431 petit.

964 2441 1014 2471 Sic
1038 2441 1113 2481 legit
1137 2441 1229 2471 etiam
1253 2440 1421 2475 Planudes,
1444 2440 1498 2481 qui
1522 2440 1624 2476 vertit,

964 2491 1077 2531 ἄγριος
1098 2490 1164 2531 ὄφις
1187 2489 1340 2528 ἀντέστη.
1390 2490 1478 2520 Unus
1498 2489 1622 2520 Vatica-

965 2549 1023 2568 nus
1039 2541 1147 2579 ‹mguis
1160 2541 1191 2568 in
1207 2539 1313 2568 herbis.
1341 2539 1418 2568 Post
1435 2548 1555 2567 versum
1571 2539 1623 2568 57.

966 2586 1060 2627 vulgo
1076 2587 1216 2617 inseritur
1231 2586 1301 2616 hic:
1328 2587 1449 2616 Lambit
1462 2593 1489 2616 et
1506 2587 1623 2626 hymni-

956 2635 1043 2675 ferns
1058 2636 1153 2665 inhiat
1169 2636 1308 2665 divellere
1324 2636 1435 2670 vultus,
1453 2645 1544 2675 quem
1557 2635 1622 2676 jam

967 2683 1116 2714 Ciosanus
1131 2683 1297 2714 delendum
1312 2683 1475 2713 indicavit.
1510 2684 1570 2713 Pro
1586 2693 1623 2713 eo
