<?xml version="1.0" encoding="UTF-8"?>
<!DOCTYPE html PUBLIC "-//W3C//DTD XHTML 1.0 Transitional//EN"
    "http://www.w3.org/TR/xhtml1/DTD/xhtml1-transitional.dtd">
<html xmlns="http://www.w3.org/1999/xhtml" xml:lang="en" lang="en">
 <head>
  <title>
</title>
<meta http-equiv="Content-Type" content="text/html;charset=utf-8" />
  <meta name='ocr-system' content='tesseract 3.04.00' />
  <meta name='ocr-capabilities' content='ocr_page ocr_carea ocr_par ocr_line ocrx_word'/>
</head>
<body>
  <div class='ocr_page' id='page_1' title='image "./povidiinasonisop04oviduoft_0249.png"; bbox 0 0 1779 3130; ppageno 0'>
   <div class='ocr_carea' id='block_1_1' title="bbox 381 158 1519 203">
    <p class='ocr_par' dir='ltr' id='par_1_1' title="bbox 381 158 1519 203">
     <span class='ocr_line' id='line_1_1' title="bbox 381 158 1519 203; baseline -0.001 0"><span class='ocrx_word' id='word_1_1' title='bbox 381 159 998 203; x_wconf 78' lang='lat' dir='ltr'><strong>METAMORPHOSEON</strong></span> <span class='ocrx_word' id='word_1_2' title='bbox 1034 159 1152 200; x_wconf 91' lang='lat' dir='ltr'>LlB.</span> <span class='ocrx_word' id='word_1_3' title='bbox 1186 158 1279 200; x_wconf 87' lang='lat' dir='ltr'>XI.</span> <span class='ocrx_word' id='word_1_4' title='bbox 1435 160 1519 202; x_wconf 77' lang='lat'>237</span> 
     </span>
    </p>
   </div>
   <div class='ocr_carea' id='block_1_2' title="bbox 137 274 1537 1405">
    <p class='ocr_par' dir='ltr' id='par_1_2' title="bbox 137 274 1529 947">
     <span class='ocr_line' id='line_1_2' title="bbox 137 274 1479 336; baseline -0.002 -14"><span class='ocrx_word' id='word_1_5' title='bbox 137 276 367 323; x_wconf 87' lang='lat' dir='ltr'>Fluctus:</span> <span class='ocrx_word' id='word_1_6' title='bbox 408 285 473 332; x_wconf 89' lang='lat' dir='ltr'>et,</span> <span class='ocrx_word' id='word_1_7' title='bbox 503 284 554 322; x_wconf 89' lang='lat' dir='ltr'>ut</span> <span class='ocrx_word' id='word_1_8' title='bbox 579 276 736 330; x_wconf 89' lang='lat' dir='ltr'>miles,</span> <span class='ocrx_word' id='word_1_9' title='bbox 765 290 968 320; x_wconf 89' lang='lat' dir='ltr'>numero</span> <span class='ocrx_word' id='word_1_10' title='bbox 994 274 1305 336; x_wconf 76' lang='lat' dir='ltr'>praestantior</span> <span class='ocrx_word' id='word_1_11' title='bbox 1329 274 1479 329; x_wconf 87' lang='lat' dir='ltr'>omni,</span> 
     </span>
     <span class='ocr_line' id='line_1_3' title="bbox 138 350 1525 416; baseline -0.002 -18"><span class='ocrx_word' id='word_1_12' title='bbox 138 352 305 406; x_wconf 86' lang='lat' dir='ltr'>Quum</span> <span class='ocrx_word' id='word_1_13' title='bbox 330 370 463 416; x_wconf 83' lang='lat' dir='ltr'>saepe</span> <span class='ocrx_word' id='word_1_14' title='bbox 489 353 682 399; x_wconf 81' lang='lat' dir='ltr'>assiluit</span> <span class='ocrx_word' id='word_1_15' title='bbox 707 352 924 398; x_wconf 79' lang='lat' dir='ltr'>defensae</span> <span class='ocrx_word' id='word_1_16' title='bbox 950 350 1194 396; x_wconf 87' lang='lat' dir='ltr'>moenibus</span> <span class='ocrx_word' id='word_1_17' title='bbox 1221 350 1372 405; x_wconf 85' lang='lat' dir='ltr'>urbis,</span> <span class='ocrx_word' id='word_1_18' title='bbox 1429 353 1525 396; x_wconf 79' lang='lat'>526</span> 
     </span>
     <span class='ocr_line' id='line_1_4' title="bbox 141 428 1466 492; baseline -0.002 -17"><span class='ocrx_word' id='word_1_19' title='bbox 141 429 242 491; x_wconf 86' lang='lat' dir='ltr'>Spe</span> <span class='ocrx_word' id='word_1_20' title='bbox 267 430 452 492; x_wconf 87' lang='lat' dir='ltr'>potitur</span> <span class='ocrx_word' id='word_1_21' title='bbox 475 429 704 483; x_wconf 81' lang='lat' dir='ltr'>tandem3</span> <span class='ocrx_word' id='word_1_22' title='bbox 746 428 1009 489; x_wconf 79' lang='lat' dir='ltr'>laudisque</span> <span class='ocrx_word' id='word_1_23' title='bbox 1034 442 1275 473; x_wconf 80' lang='lat' dir='ltr'>accensus</span> <span class='ocrx_word' id='word_1_24' title='bbox 1301 443 1466 473; x_wconf 89' lang='lat' dir='ltr'>amore</span> 
     </span>
     <span class='ocr_line' id='line_1_5' title="bbox 142 504 1429 565; baseline -0.001 -16"><span class='ocrx_word' id='word_1_25' title='bbox 142 504 278 551; x_wconf 87' lang='lat' dir='ltr'>Inter</span> <span class='ocrx_word' id='word_1_26' title='bbox 302 504 436 551; x_wconf 87' lang='lat' dir='ltr'>mille</span> <span class='ocrx_word' id='word_1_27' title='bbox 461 505 605 558; x_wconf 89' lang='lat' dir='ltr'>viros,</span> <span class='ocrx_word' id='word_1_28' title='bbox 634 519 828 549; x_wconf 86' lang='lat' dir='ltr'>murum</span> <span class='ocrx_word' id='word_1_29' title='bbox 854 512 1021 550; x_wconf 84' lang='lat' dir='ltr'>tamen</span> <span class='ocrx_word' id='word_1_30' title='bbox 1047 509 1261 565; x_wconf 85' lang='lat' dir='ltr'>occupat</span> <span class='ocrx_word' id='word_1_31' title='bbox 1286 519 1429 549; x_wconf 87' lang='lat' dir='ltr'>unus.</span> 
     </span>
     <span class='ocr_line' id='line_1_6' title="bbox 143 578 1367 643; baseline -0.002 -17"><span class='ocrx_word' id='word_1_32' title='bbox 143 580 226 626; x_wconf 83' lang='lat' dir='ltr'>Sic</span> <span class='ocrx_word' id='word_1_33' title='bbox 254 581 337 627; x_wconf 89' lang='lat' dir='ltr'>ubi</span> <span class='ocrx_word' id='word_1_34' title='bbox 364 581 626 643; x_wconf 65' lang='lat' dir='ltr'>puls-&lt;irunt</span> <span class='ocrx_word' id='word_1_35' title='bbox 651 596 788 627; x_wconf 86' lang='lat' dir='ltr'>acres</span> <span class='ocrx_word' id='word_1_36' title='bbox 813 581 968 626; x_wconf 80' lang='lat' dir='ltr'>latera</span> <span class='ocrx_word' id='word_1_37' title='bbox 993 579 1147 625; x_wconf 87' lang='lat' dir='ltr'>ardua</span> <span class='ocrx_word' id='word_1_38' title='bbox 1170 578 1367 634; x_wconf 79' lang='lat' dir='ltr'>fluctus,</span> 
     </span>
     <span class='ocr_line' id='line_1_7' title="bbox 143 655 1529 718; baseline -0.001 -17"><span class='ocrx_word' id='word_1_39' title='bbox 143 656 344 702; x_wconf 86' lang='lat' dir='ltr'>Vastius</span> <span class='ocrx_word' id='word_1_40' title='bbox 365 657 624 718; x_wconf 81' lang='lat' dir='ltr'>insurgens</span> <span class='ocrx_word' id='word_1_41' title='bbox 649 656 856 703; x_wconf 84' lang='lat' dir='ltr'>deeimae</span> <span class='ocrx_word' id='word_1_42' title='bbox 884 657 980 702; x_wconf 93' lang='lat' dir='ltr'>ruit</span> <span class='ocrx_word' id='word_1_43' title='bbox 999 655 1216 717; x_wconf 87' lang='lat' dir='ltr'>impetus</span> <span class='ocrx_word' id='word_1_44' title='bbox 1238 655 1409 701; x_wconf 83' lang='lat' dir='ltr'>undae:</span> <span class='ocrx_word' id='word_1_45' title='bbox 1433 658 1529 701; x_wconf 82' lang='lat'>530</span> 
     </span>
     <span class='ocr_line' id='line_1_8' title="bbox 144 731 1421 795; baseline -0.002 -17"><span class='ocrx_word' id='word_1_46' title='bbox 144 731 189 778; x_wconf 91' lang='lat' dir='ltr'>N</span> <span class='ocrx_word' id='word_1_47' title='bbox 196 748 251 779; x_wconf 86' lang='lat' dir='ltr'>ec</span> <span class='ocrx_word' id='word_1_48' title='bbox 278 733 413 795; x_wconf 82' lang='lat' dir='ltr'>prius</span> <span class='ocrx_word' id='word_1_49' title='bbox 440 733 639 779; x_wconf 88' lang='lat' dir='ltr'>absistit</span> <span class='ocrx_word' id='word_1_50' title='bbox 662 733 845 780; x_wconf 82' lang='lat' dir='ltr'>fessam</span> <span class='ocrx_word' id='word_1_51' title='bbox 871 747 1160 795; x_wconf 79' lang='lat' dir='ltr'>oppugnare</span> <span class='ocrx_word' id='word_1_52' title='bbox 1185 731 1421 785; x_wconf 84' lang='lat' dir='ltr'>carinam,</span> 
     </span>
     <span class='ocr_line' id='line_1_9' title="bbox 144 807 1403 872; baseline -0.001 -18"><span class='ocrx_word' id='word_1_53' title='bbox 144 808 307 862; x_wconf 80' lang='lat' dir='ltr'>Quam</span> <span class='ocrx_word' id='word_1_54' title='bbox 331 810 467 856; x_wconf 86' lang='lat' dir='ltr'>velut</span> <span class='ocrx_word' id='word_1_55' title='bbox 491 810 539 856; x_wconf 93' lang='lat' dir='ltr'>in</span> <span class='ocrx_word' id='word_1_56' title='bbox 565 818 723 872; x_wconf 85' lang='lat' dir='ltr'>captae</span> <span class='ocrx_word' id='word_1_57' title='bbox 749 809 1022 856; x_wconf 83' lang='lat' dir='ltr'>descendat</span> <span class='ocrx_word' id='word_1_58' title='bbox 1046 807 1226 854; x_wconf 85' lang='lat' dir='ltr'>moenia</span> <span class='ocrx_word' id='word_1_59' title='bbox 1251 807 1403 853; x_wconf 84' lang='lat' dir='ltr'>navis.</span> 
     </span>
     <span class='ocr_line' id='line_1_10' title="bbox 145 883 1346 947; baseline -0.002 -17"><span class='ocrx_word' id='word_1_60' title='bbox 145 884 268 931; x_wconf 84' lang='lat' dir='ltr'>Pars</span> <span class='ocrx_word' id='word_1_61' title='bbox 295 885 442 947; x_wconf 81' lang='lat' dir='ltr'>igitur</span> <span class='ocrx_word' id='word_1_62' title='bbox 467 886 691 932; x_wconf 88' lang='lat' dir='ltr'>tentabat</span> <span class='ocrx_word' id='word_1_63' title='bbox 716 885 877 932; x_wconf 84' lang='lat' dir='ltr'>adhuc</span> <span class='ocrx_word' id='word_1_64' title='bbox 903 884 1132 930; x_wconf 83' lang='lat' dir='ltr'>invadere</span> <span class='ocrx_word' id='word_1_65' title='bbox 1159 883 1346 945; x_wconf 85' lang='lat' dir='ltr'>pinum,</span> 
     </span>
    </p>

    <p class='ocr_par' dir='ltr' id='par_1_3' title="bbox 146 959 1537 1405">
     <span class='ocr_line' id='line_1_11' title="bbox 146 959 1530 1023; baseline 0 -17"><span class='ocrx_word' id='word_1_66' title='bbox 146 959 269 1007; x_wconf 87' lang='lat' dir='ltr'>Pars</span> <span class='ocrx_word' id='word_1_67' title='bbox 286 962 432 1008; x_wconf 85' lang='lat' dir='ltr'>maris</span> <span class='ocrx_word' id='word_1_68' title='bbox 450 962 581 1008; x_wconf 86' lang='lat' dir='ltr'>intus</span> <span class='ocrx_word' id='word_1_69' title='bbox 598 968 724 1008; x_wconf 86' lang='lat' dir='ltr'>erat:</span> <span class='ocrx_word' id='word_1_70' title='bbox 750 960 1000 1023; x_wconf 90' lang='lat' dir='ltr'>trepidant</span> <span class='ocrx_word' id='word_1_71' title='bbox 1015 959 1146 1006; x_wconf 86' lang='lat' dir='ltr'>haud</span> <span class='ocrx_word' id='word_1_72' title='bbox 1165 959 1325 1005; x_wconf 86' lang='lat' dir='ltr'>secius</span> <span class='ocrx_word' id='word_1_73' title='bbox 1343 974 1530 1015; x_wconf 83' lang='lat' dir='ltr'>onmeS,</span> 
     </span>
     <span class='ocr_line' id='line_1_12' title="bbox 147 1035 1487 1093; baseline 0 -11"><span class='ocrx_word' id='word_1_74' title='bbox 147 1035 309 1089; x_wconf 84' lang='lat' dir='ltr'>Quam</span> <span class='ocrx_word' id='word_1_75' title='bbox 336 1038 463 1084; x_wconf 90' lang='lat' dir='ltr'>solet</span> <span class='ocrx_word' id='word_1_76' title='bbox 488 1038 622 1093; x_wconf 86' lang='lat' dir='ltr'>urbs,</span> <span class='ocrx_word' id='word_1_77' title='bbox 651 1037 757 1083; x_wconf 84' lang='lat' dir='ltr'>aliis</span> <span class='ocrx_word' id='word_1_78' title='bbox 785 1052 979 1082; x_wconf 88' lang='lat' dir='ltr'>murum</span> <span class='ocrx_word' id='word_1_79' title='bbox 1004 1035 1304 1082; x_wconf 81' lang='lat' dir='ltr'>fodientibus</span> <span class='ocrx_word' id='word_1_80' title='bbox 1330 1043 1487 1091; x_wconf 84' lang='lat' dir='ltr'>extra,</span> 
     </span>
     <span class='ocr_line' id='line_1_13' title="bbox 146 1112 1534 1176; baseline 0.001 -18"><span class='ocrx_word' id='word_1_81' title='bbox 146 1113 316 1175; x_wconf 89' lang='lat' dir='ltr'>Atque</span> <span class='ocrx_word' id='word_1_82' title='bbox 343 1114 451 1160; x_wconf 83' lang='lat' dir='ltr'>aliis</span> <span class='ocrx_word' id='word_1_83' title='bbox 477 1130 670 1160; x_wconf 90' lang='lat' dir='ltr'>murum</span> <span class='ocrx_word' id='word_1_84' title='bbox 693 1113 941 1176; x_wconf 86' lang='lat' dir='ltr'>trepidare</span> <span class='ocrx_word' id='word_1_85' title='bbox 966 1112 1250 1159; x_wconf 86' lang='lat' dir='ltr'>tenentibus</span> <span class='ocrx_word' id='word_1_86' title='bbox 1270 1112 1420 1158; x_wconf 88' lang='lat' dir='ltr'>intus.</span> <span class='ocrx_word' id='word_1_87' title='bbox 1439 1116 1534 1159; x_wconf 77' lang='lat'>536</span> 
     </span>
     <span class='ocr_line' id='line_1_14' title="bbox 149 1188 1533 1252; baseline 0 -18"><span class='ocrx_word' id='word_1_88' title='bbox 149 1189 331 1235; x_wconf 82' lang='lat' dir='ltr'>Deficit</span> <span class='ocrx_word' id='word_1_89' title='bbox 346 1206 439 1245; x_wconf 87' lang='lat' dir='ltr'>ars,</span> <span class='ocrx_word' id='word_1_90' title='bbox 461 1190 712 1252; x_wconf 84' lang='lat' dir='ltr'>animique</span> <span class='ocrx_word' id='word_1_91' title='bbox 728 1190 913 1236; x_wconf 84' lang='lat' dir='ltr'>eadunt</span> <span class='ocrx_word' id='word_1_92' title='bbox 924 1208 934 1246; x_wconf 82' lang='lat'>3</span> <span class='ocrx_word' id='word_1_93' title='bbox 962 1189 1272 1250; x_wconf 87' lang='lat' dir='ltr'>totidemque</span> <span class='ocrx_word' id='word_1_94' title='bbox 1288 1188 1533 1243; x_wconf 83' lang='lat' dir='ltr'>videntur,</span> 
     </span>
     <span class='ocr_line' id='line_1_15' title="bbox 150 1264 1533 1327; baseline 0 -16"><span class='ocrx_word' id='word_1_95' title='bbox 150 1264 284 1318; x_wconf 83' lang='lat' dir='ltr'>Quot</span> <span class='ocrx_word' id='word_1_96' title='bbox 298 1267 497 1313; x_wconf 86' lang='lat' dir='ltr'>veniant</span> <span class='ocrx_word' id='word_1_97' title='bbox 511 1267 709 1322; x_wconf 83' lang='lat' dir='ltr'>fluetus,</span> <span class='ocrx_word' id='word_1_98' title='bbox 722 1283 861 1313; x_wconf 88' lang='lat' dir='ltr'>ruere</span> <span class='ocrx_word' id='word_1_99' title='bbox 878 1273 1029 1327; x_wconf 86' lang='lat' dir='ltr'>atque</span> <span class='ocrx_word' id='word_1_100' title='bbox 1046 1266 1316 1327; x_wconf 86' lang='lat' dir='ltr'>irrumpere</span> <span class='ocrx_word' id='word_1_101' title='bbox 1333 1272 1533 1312; x_wconf 87' lang='lat' dir='ltr'>mortes.</span> 
     </span>
     <span class='ocr_line' id='line_1_16' title="bbox 152 1341 1537 1405; baseline 0.001 -18"><span class='ocrx_word' id='word_1_102' title='bbox 152 1341 265 1388; x_wconf 91' lang='lat' dir='ltr'>Non</span> <span class='ocrx_word' id='word_1_103' title='bbox 285 1350 422 1390; x_wconf 86' lang='lat' dir='ltr'>tenet</span> <span class='ocrx_word' id='word_1_104' title='bbox 440 1344 519 1390; x_wconf 80' lang='lat' dir='ltr'>hic</span> <span class='ocrx_word' id='word_1_105' title='bbox 540 1345 796 1400; x_wconf 76' lang='lat' dir='ltr'>laeriinas;</span> <span class='ocrx_word' id='word_1_106' title='bbox 832 1349 999 1405; x_wconf 88' lang='lat' dir='ltr'>stupet</span> <span class='ocrx_word' id='word_1_107' title='bbox 1017 1342 1127 1397; x_wconf 78' lang='lat' dir='ltr'>hic3</span> <span class='ocrx_word' id='word_1_108' title='bbox 1156 1348 1299 1388; x_wconf 82' lang='lat' dir='ltr'>vocat</span> <span class='ocrx_word' id='word_1_109' title='bbox 1319 1342 1400 1388; x_wconf 91' lang='lat' dir='ltr'>ille</span> <span class='ocrx_word' id='word_1_110' title='bbox 1422 1342 1537 1389; x_wconf 89' lang='lat' dir='ltr'>bea-</span> 
     </span>
    </p>
   </div>
   <div class='ocr_carea' id='block_1_3' title="bbox 350 1428 443 1475">
    <p class='ocr_par' dir='ltr' id='par_1_4' title="bbox 350 1428 443 1475">
     <span class='ocr_line' id='line_1_17' title="bbox 350 1428 443 1475; baseline 0 -10"><span class='ocrx_word' id='word_1_111' title='bbox 350 1428 443 1475; x_wconf 87' lang='lat' dir='ltr'>tos,</span> 
     </span>
    </p>
   </div>
   <div class='ocr_carea' id='block_1_4' title="bbox 151 1523 819 2732">
    <p class='ocr_par' dir='ltr' id='par_1_5' title="bbox 151 1523 814 1943">
     <span class='ocr_line' id='line_1_18' title="bbox 151 1523 811 1563; baseline 0.002 -11"><span class='ocrx_word' id='word_1_112' title='bbox 151 1529 328 1563; x_wconf 73' lang='lat' dir='ltr'>ponuntur3</span> <span class='ocrx_word' id='word_1_113' title='bbox 357 1524 419 1552; x_wconf 85' lang='lat' dir='ltr'>xiv.</span> <span class='ocrx_word' id='word_1_114' title='bbox 443 1524 517 1553; x_wconf 85' lang='lat'>531.</span> <span class='ocrx_word' id='word_1_115' title='bbox 541 1523 570 1554; x_wconf 88' lang='grc' dir='ltr'>Ι.</span> <span class='ocrx_word' id='word_1_116' title='bbox 593 1523 688 1554; x_wconf 86' lang='lat' dir='ltr'>Trist.</span> <span class='ocrx_word' id='word_1_117' title='bbox 713 1524 756 1554; x_wconf 87' lang='lat' dir='ltr'>iv.</span> <span class='ocrx_word' id='word_1_118' title='bbox 780 1525 811 1555; x_wconf 84' lang='lat'>9.</span> 
     </span>
     <span class='ocr_line' id='line_1_19' title="bbox 151 1570 812 1611; baseline 0.003 -11"><span class='ocrx_word' id='word_1_119' title='bbox 151 1571 299 1602; x_wconf 72' lang='lat' dir='ltr'>Similiter</span> <span class='ocrx_word' id='word_1_120' title='bbox 329 1570 460 1602; x_wconf 77' lang='grc' dir='ltr'>πλέκειν</span> <span class='ocrx_word' id='word_1_121' title='bbox 489 1572 527 1602; x_wconf 83' lang='lat' dir='ltr'>de</span> <span class='ocrx_word' id='word_1_122' title='bbox 559 1572 719 1611; x_wconf 79' lang='lat' dir='ltr'>curribus3</span> <span class='ocrx_word' id='word_1_123' title='bbox 749 1571 812 1603; x_wconf 90' lang='lat' dir='ltr'>vid.</span> 
     </span>
     <span class='ocr_line' id='line_1_20' title="bbox 154 1620 812 1662; baseline 0.003 -13"><span class='ocrx_word' id='word_1_124' title='bbox 154 1620 270 1650; x_wconf 78' lang='lat' dir='ltr'>Graevii</span> <span class='ocrx_word' id='word_1_125' title='bbox 287 1620 358 1650; x_wconf 83' lang='lat' dir='ltr'>lect.</span> <span class='ocrx_word' id='word_1_126' title='bbox 377 1621 504 1651; x_wconf 81' lang='lat' dir='ltr'>Hesiod.</span> <span class='ocrx_word' id='word_1_127' title='bbox 522 1631 590 1662; x_wconf 85' lang='lat' dir='ltr'>cap.</span> <span class='ocrx_word' id='word_1_128' title='bbox 605 1621 678 1651; x_wconf 81' lang='lat' dir='ltr'>xvii.</span> <span class='ocrx_word' id='word_1_129' title='bbox 720 1622 812 1657; x_wconf 79' lang='lat' dir='ltr'>Cara,</span> 
     </span>
     <span class='ocr_line' id='line_1_21' title="bbox 154 1669 812 1711; baseline 0.003 -13"><span class='ocrx_word' id='word_1_130' title='bbox 154 1669 293 1709; x_wconf 80' lang='lat' dir='ltr'>adeoque</span> <span class='ocrx_word' id='word_1_131' title='bbox 331 1669 518 1710; x_wconf 84' lang='lat' dir='ltr'>recipiendis</span> <span class='ocrx_word' id='word_1_132' title='bbox 550 1670 696 1699; x_wconf 84' lang='lat' dir='ltr'>fluctibus</span> <span class='ocrx_word' id='word_1_133' title='bbox 729 1677 812 1711; x_wconf 85' lang='lat' dir='ltr'>apta.</span> 
     </span>
     <span class='ocr_line' id='line_1_22' title="bbox 158 1718 812 1757; baseline 0.002 -10"><span class='ocrx_word' id='word_1_134' title='bbox 158 1718 287 1747; x_wconf 71' lang='lat' dir='ltr'>Numero</span> <span class='ocrx_word' id='word_1_135' title='bbox 298 1720 487 1757; x_wconf 70' lang='lat' dir='ltr'>praesluutior</span> <span class='ocrx_word' id='word_1_136' title='bbox 503 1720 591 1753; x_wconf 79' lang='lat' dir='ltr'>omni,</span> <span class='ocrx_word' id='word_1_137' title='bbox 604 1718 709 1748; x_wconf 86' lang='lat' dir='ltr'>fortior</span> <span class='ocrx_word' id='word_1_138' title='bbox 720 1725 812 1749; x_wconf 76' lang='lat' dir='ltr'>caete-</span> 
     </span>
     <span class='ocr_line' id='line_1_23' title="bbox 153 1766 813 1808; baseline 0 -12"><span class='ocrx_word' id='word_1_139' title='bbox 153 1766 192 1796; x_wconf 73' lang='lat' dir='ltr'>ris</span> <span class='ocrx_word' id='word_1_140' title='bbox 205 1767 630 1797; x_wconf 81' lang='lat' dir='ltr'>commilitonibusomnibus.</span> <span class='ocrx_word' id='word_1_141' title='bbox 665 1767 813 1808; x_wconf 58' lang='lat' dir='ltr'>queusae,</span> 
     </span>
     <span class='ocr_line' id='line_1_24' title="bbox 155 1815 814 1856; baseline 0.002 -12"><span class='ocrx_word' id='word_1_142' title='bbox 155 1826 224 1855; x_wconf 81' lang='lat' dir='ltr'>quae</span> <span class='ocrx_word' id='word_1_143' title='bbox 248 1815 435 1846; x_wconf 82' lang='lat' dir='ltr'>defenditur.</span> <span class='ocrx_word' id='word_1_144' title='bbox 481 1816 536 1854; x_wconf 79' lang='lat' dir='ltr'>Spe</span> <span class='ocrx_word' id='word_1_145' title='bbox 557 1818 684 1854; x_wconf 70' lang='lat' dir='ltr'>potitur,</span> <span class='ocrx_word' id='word_1_146' title='bbox 700 1815 814 1856; x_wconf 81' lang='lat' dir='ltr'>potitur</span> 
     </span>
     <span class='ocr_line' id='line_1_25' title="bbox 154 1863 814 1905; baseline 0 -12"><span class='ocrx_word' id='word_1_147' title='bbox 154 1874 200 1899; x_wconf 88' lang='lat' dir='ltr'>eo,</span> <span class='ocrx_word' id='word_1_148' title='bbox 219 1864 337 1904; x_wconf 78' lang='lat' dir='ltr'>perficit</span> <span class='ocrx_word' id='word_1_149' title='bbox 353 1863 394 1899; x_wconf 90' lang='lat' dir='ltr'>id,</span> <span class='ocrx_word' id='word_1_150' title='bbox 412 1863 493 1904; x_wconf 86' lang='lat' dir='ltr'>quod</span> <span class='ocrx_word' id='word_1_151' title='bbox 509 1870 694 1905; x_wconf 76' lang='lat' dir='ltr'>speraverat.</span> <span class='ocrx_word' id='word_1_152' title='bbox 732 1863 814 1894; x_wconf 65' lang='lat' dir='ltr'>Vide</span> 
     </span>
     <span class='ocr_line' id='line_1_26' title="bbox 156 1912 284 1943; baseline 0 -1"><span class='ocrx_word' id='word_1_153' title='bbox 156 1912 195 1942; x_wconf 83' lang='lat' dir='ltr'>ad</span> <span class='ocrx_word' id='word_1_154' title='bbox 212 1914 284 1943; x_wconf 82' lang='lat'>454.</span> 
     </span>
    </p>

    <p class='ocr_par' dir='ltr' id='par_1_6' title="bbox 151 1960 819 2732">
     <span class='ocr_line' id='line_1_27' title="bbox 198 1960 813 2002; baseline -0.003 -11"><span class='ocrx_word' id='word_1_155' title='bbox 198 1962 272 1991; x_wconf 85' lang='lat'>529.</span> <span class='ocrx_word' id='word_1_156' title='bbox 297 1963 396 1996; x_wconf 75' lang='lat' dir='ltr'>Acres,</span> <span class='ocrx_word' id='word_1_157' title='bbox 412 1961 622 1996; x_wconf 77' lang='lat' dir='ltr'>vehementes,</span> <span class='ocrx_word' id='word_1_158' title='bbox 638 1960 813 2002; x_wconf 78' lang='lat' dir='ltr'>impetuosi.</span> 
     </span>
     <span class='ocr_line' id='line_1_28' title="bbox 163 2008 813 2045; baseline -0.002 -6"><span class='ocrx_word' id='word_1_159' title='bbox 163 2011 288 2045; x_wconf 67' lang='lat' dir='ltr'>Fascius,</span> <span class='ocrx_word' id='word_1_160' title='bbox 303 2010 525 2044; x_wconf 84' lang='lat' dir='ltr'>vehementius,</span> <span class='ocrx_word' id='word_1_161' title='bbox 544 2008 729 2039; x_wconf 82' lang='lat' dir='ltr'>terribilius:</span> <span class='ocrx_word' id='word_1_162' title='bbox 748 2020 813 2039; x_wconf 85' lang='lat' dir='ltr'>cre-</span> 
     </span>
     <span class='ocr_line' id='line_1_29' title="bbox 156 2058 815 2098; baseline -0.002 -10"><span class='ocrx_word' id='word_1_163' title='bbox 156 2059 210 2089; x_wconf 89' lang='lat' dir='ltr'>bro</span> <span class='ocrx_word' id='word_1_164' title='bbox 231 2069 300 2089; x_wconf 87' lang='lat' dir='ltr'>cum</span> <span class='ocrx_word' id='word_1_165' title='bbox 324 2061 433 2097; x_wconf 79' lang='lat' dir='ltr'>impetu</span> <span class='ocrx_word' id='word_1_166' title='bbox 455 2058 653 2098; x_wconf 83' lang='lat' dir='ltr'>conjungitur</span> <span class='ocrx_word' id='word_1_167' title='bbox 674 2058 731 2088; x_wconf 87' lang='lat' dir='ltr'>hoc</span> <span class='ocrx_word' id='word_1_168' title='bbox 750 2068 815 2088; x_wconf 89' lang='lat' dir='ltr'>ver-</span> 
     </span>
     <span class='ocr_line' id='line_1_30' title="bbox 158 2106 815 2145; baseline 0 -8"><span class='ocrx_word' id='word_1_169' title='bbox 158 2109 252 2145; x_wconf 82' lang='lat' dir='ltr'>bum3</span> <span class='ocrx_word' id='word_1_170' title='bbox 276 2107 346 2138; x_wconf 90' lang='lat' dir='ltr'>vide</span> <span class='ocrx_word' id='word_1_171' title='bbox 372 2108 585 2138; x_wconf 81' lang='lat' dir='ltr'>Burmannum</span> <span class='ocrx_word' id='word_1_172' title='bbox 607 2106 647 2137; x_wconf 88' lang='lat' dir='ltr'>ad</span> <span class='ocrx_word' id='word_1_173' title='bbox 664 2107 725 2137; x_wconf 86' lang='lat' dir='ltr'>viii.</span> <span class='ocrx_word' id='word_1_174' title='bbox 742 2108 815 2137; x_wconf 80' lang='lat'>359.</span> 
     </span>
     <span class='ocr_line' id='line_1_31' title="bbox 162 2155 815 2192; baseline -0.002 -6"><span class='ocrx_word' id='word_1_175' title='bbox 162 2157 284 2186; x_wconf 78' lang='lat' dir='ltr'>Decima</span> <span class='ocrx_word' id='word_1_176' title='bbox 307 2159 402 2192; x_wconf 73' lang='lat' dir='ltr'>unda,</span> <span class='ocrx_word' id='word_1_177' title='bbox 424 2156 536 2186; x_wconf 80' lang='lat' dir='ltr'>fluetus</span> <span class='ocrx_word' id='word_1_178' title='bbox 560 2155 762 2190; x_wconf 80' lang='lat' dir='ltr'>decumanus,</span> <span class='ocrx_word' id='word_1_179' title='bbox 784 2155 815 2185; x_wconf 91' lang='lat' dir='ltr'>id</span> 
     </span>
     <span class='ocr_line' id='line_1_32' title="bbox 159 2203 816 2246; baseline -0.002 -12"><span class='ocrx_word' id='word_1_180' title='bbox 159 2211 216 2240; x_wconf 86' lang='lat' dir='ltr'>est,</span> <span class='ocrx_word' id='word_1_181' title='bbox 233 2204 395 2241; x_wconf 85' lang='lat' dir='ltr'>maximus,</span> <span class='ocrx_word' id='word_1_182' title='bbox 412 2205 464 2246; x_wconf 91' lang='lat' dir='ltr'>qui</span> <span class='ocrx_word' id='word_1_183' title='bbox 479 2204 548 2235; x_wconf 80' lang='lat' dir='ltr'>aliis</span> <span class='ocrx_word' id='word_1_184' title='bbox 568 2204 737 2234; x_wconf 86' lang='lat' dir='ltr'>minoribus</span> <span class='ocrx_word' id='word_1_185' title='bbox 751 2203 816 2245; x_wconf 88' lang='lat' dir='ltr'>ipse</span> 
     </span>
     <span class='ocr_line' id='line_1_33' title="bbox 160 2252 817 2295; baseline -0.002 -12"><span class='ocrx_word' id='word_1_186' title='bbox 160 2254 257 2295; x_wconf 80' lang='lat' dir='ltr'>major</span> <span class='ocrx_word' id='word_1_187' title='bbox 279 2253 439 2291; x_wconf 83' lang='lat' dir='ltr'>succedit3</span> <span class='ocrx_word' id='word_1_188' title='bbox 465 2255 494 2283; x_wconf 85' lang='grc' dir='ltr'>Ι.</span> <span class='ocrx_word' id='word_1_189' title='bbox 517 2253 610 2283; x_wconf 80' lang='lat' dir='ltr'>Trist.</span> <span class='ocrx_word' id='word_1_190' title='bbox 632 2252 664 2282; x_wconf 93' lang='lat' dir='ltr'>ii.</span> <span class='ocrx_word' id='word_1_191' title='bbox 679 2253 731 2282; x_wconf 89' lang='lat'>49.</span> <span class='ocrx_word' id='word_1_192' title='bbox 755 2253 817 2286; x_wconf 75' lang='lat' dir='ltr'>Qui</span> 
     </span>
     <span class='ocr_line' id='line_1_34' title="bbox 162 2303 816 2343; baseline -0.002 -12"><span class='ocrx_word' id='word_1_193' title='bbox 162 2304 240 2332; x_wconf 72' lang='lat' dir='ltr'>venit</span> <span class='ocrx_word' id='word_1_194' title='bbox 269 2303 316 2332; x_wconf 79' lang='lat' dir='ltr'>hic</span> <span class='ocrx_word' id='word_1_195' title='bbox 335 2303 465 2343; x_wconf 77' lang='lat' dir='ltr'>flnctus,</span> <span class='ocrx_word' id='word_1_196' title='bbox 481 2303 600 2343; x_wconf 76' lang='lat' dir='ltr'>fluctus</span> <span class='ocrx_word' id='word_1_197' title='bbox 622 2303 816 2340; x_wconf 74' lang='lat' dir='ltr'>supereminet</span> 
     </span>
     <span class='ocr_line' id='line_1_35' title="bbox 162 2352 816 2387; baseline 0 -8"><span class='ocrx_word' id='word_1_198' title='bbox 162 2362 275 2387; x_wconf 71' lang='lat' dir='ltr'>1›111nes;</span> <span class='ocrx_word' id='word_1_199' title='bbox 302 2352 453 2381; x_wconf 66' lang='lat' dir='ltr'>Posterior</span> <span class='ocrx_word' id='word_1_200' title='bbox 475 2362 551 2380; x_wconf 72' lang='lat' dir='ltr'>nouo</span> <span class='ocrx_word' id='word_1_201' title='bbox 574 2357 627 2385; x_wconf 77' lang='lat' dir='ltr'>est,</span> <span class='ocrx_word' id='word_1_202' title='bbox 648 2352 816 2380; x_wconf 73' lang='lat' dir='ltr'>undecimo-</span> 
     </span>
     <span class='ocr_line' id='line_1_36' title="bbox 161 2400 818 2440; baseline -0.002 -11"><span class='ocrx_word' id='word_1_203' title='bbox 161 2412 216 2440; x_wconf 70' lang='lat' dir='ltr'>que</span> <span class='ocrx_word' id='word_1_204' title='bbox 238 2402 340 2439; x_wconf 79' lang='lat' dir='ltr'>111i‹›1·;</span> <span class='ocrx_word' id='word_1_205' title='bbox 367 2401 524 2435; x_wconf 80' lang='lat' dir='ltr'>Lucanus,</span> <span class='ocrx_word' id='word_1_206' title='bbox 545 2411 574 2430; x_wconf 91' lang='lat' dir='ltr'>v.</span> <span class='ocrx_word' id='word_1_207' title='bbox 591 2400 664 2429; x_wconf 75' lang='lat'>672.</span> <span class='ocrx_word' id='word_1_208' title='bbox 688 2401 818 2429; x_wconf 71' lang='lat' dir='ltr'>(lecimus</span> 
     </span>
     <span class='ocr_line' id='line_1_37' title="bbox 151 2448 818 2490; baseline 0 -12"><span class='ocrx_word' id='word_1_209' title='bbox 151 2450 282 2490; x_wconf 74' lang='lat' dir='ltr'>flnctus.</span> <span class='ocrx_word' id='word_1_210' title='bbox 315 2448 408 2490; x_wconf 82' lang='lat' dir='ltr'>Apud</span> <span class='ocrx_word' id='word_1_211' title='bbox 424 2449 545 2484; x_wconf 76' lang='lat' dir='ltr'>Silium,</span> <span class='ocrx_word' id='word_1_212' title='bbox 561 2448 623 2478; x_wconf 86' lang='lat' dir='ltr'>xiv.</span> <span class='ocrx_word' id='word_1_213' title='bbox 641 2449 711 2478; x_wconf 76' lang='lat'>122.</span> <span class='ocrx_word' id='word_1_214' title='bbox 756 2449 818 2478; x_wconf 80' lang='lat' dir='ltr'>Bo-</span> 
     </span>
     <span class='ocr_line' id='line_1_38' title="bbox 161 2498 817 2536; baseline -0.002 -9"><span class='ocrx_word' id='word_1_215' title='bbox 161 2507 228 2528; x_wconf 84' lang='lat' dir='ltr'>reas</span> <span class='ocrx_word' id='word_1_216' title='bbox 241 2499 349 2527; x_wconf 70' lang='lat' dir='ltr'>decimo</span> <span class='ocrx_word' id='word_1_217' title='bbox 367 2499 512 2527; x_wconf 71' lang='lat' dir='ltr'>volumine</span> <span class='ocrx_word' id='word_1_218' title='bbox 524 2504 644 2536; x_wconf 75' lang='lat' dir='ltr'>pontum</span> <span class='ocrx_word' id='word_1_219' title='bbox 658 2498 769 2536; x_wconf 74' lang='lat' dir='ltr'>erpulic</span> <span class='ocrx_word' id='word_1_220' title='bbox 787 2499 817 2526; x_wconf 77' lang='grc' dir='ltr'>ἰη</span> 
     </span>
     <span class='ocr_line' id='line_1_39' title="bbox 165 2545 817 2577; baseline -0.002 -2"><span class='ocrx_word' id='word_1_221' title='bbox 165 2552 269 2575; x_wconf 80' lang='lat' dir='ltr'>terras.</span> <span class='ocrx_word' id='word_1_222' title='bbox 314 2546 416 2577; x_wconf 76' lang='lat' dir='ltr'>Graeci</span> <span class='ocrx_word' id='word_1_223' title='bbox 440 2551 545 2576; x_wconf 82' lang='lat' dir='ltr'>autem</span> <span class='ocrx_word' id='word_1_224' title='bbox 569 2545 665 2575; x_wconf 85' lang='lat' dir='ltr'>talem</span> <span class='ocrx_word' id='word_1_225' title='bbox 689 2545 817 2575; x_wconf 87' lang='lat' dir='ltr'>fluctum</span> 
     </span>
     <span class='ocr_line' id='line_1_40' title="bbox 165 2593 817 2635; baseline 0.002 -13"><span class='ocrx_word' id='word_1_226' title='bbox 165 2593 339 2624; x_wconf 83' lang='lat' dir='ltr'>maluerunt</span> <span class='ocrx_word' id='word_1_227' title='bbox 352 2594 524 2635; x_wconf 83' lang='grc' dir='ltr'>τρικυμίαν</span> <span class='ocrx_word' id='word_1_228' title='bbox 539 2594 654 2624; x_wconf 82' lang='lat' dir='ltr'>dicere.</span> <span class='ocrx_word' id='word_1_229' title='bbox 675 2594 749 2623; x_wconf 71' lang='lat' dir='ltr'>Ruit</span> <span class='ocrx_word' id='word_1_230' title='bbox 765 2595 817 2623; x_wconf 81' lang='lat' dir='ltr'>im-</span> 
     </span>
     <span class='ocr_line' id='line_1_41' title="bbox 164 2641 818 2684; baseline 0.005 -14"><span class='ocrx_word' id='word_1_231' title='bbox 164 2649 248 2681; x_wconf 75' lang='lat' dir='ltr'>petus</span> <span class='ocrx_word' id='word_1_232' title='bbox 261 2645 346 2673; x_wconf 63' lang='lat' dir='ltr'>undae</span> <span class='ocrx_word' id='word_1_233' title='bbox 358 2654 422 2684; x_wconf 87' lang='lat' dir='ltr'>pro,</span> <span class='ocrx_word' id='word_1_234' title='bbox 437 2643 520 2673; x_wconf 84' lang='lat' dir='ltr'>unda</span> <span class='ocrx_word' id='word_1_235' title='bbox 537 2643 593 2673; x_wconf 85' lang='lat' dir='ltr'>ruit</span> <span class='ocrx_word' id='word_1_236' title='bbox 607 2653 677 2673; x_wconf 85' lang='lat' dir='ltr'>cuin</span> <span class='ocrx_word' id='word_1_237' title='bbox 690 2641 818 2683; x_wconf 82' lang='lat' dir='ltr'>impetu.</span> 
     </span>
     <span class='ocr_line' id='line_1_42' title="bbox 172 2691 819 2732; baseline 0 -12"><span class='ocrx_word' id='word_1_238' title='bbox 172 2691 295 2727; x_wconf 61' lang='lat' dir='ltr'>Urmia,</span> <span class='ocrx_word' id='word_1_239' title='bbox 321 2692 417 2722; x_wconf 82' lang='lat' dir='ltr'>latera</span> <span class='ocrx_word' id='word_1_240' title='bbox 446 2692 543 2728; x_wconf 87' lang='lat' dir='ltr'>navis,</span> <span class='ocrx_word' id='word_1_241' title='bbox 572 2691 684 2732; x_wconf 80' lang='lat' dir='ltr'>quibus</span> <span class='ocrx_word' id='word_1_242' title='bbox 709 2691 819 2721; x_wconf 77' lang='lat' dir='ltr'>muniti</span> 
     </span>
    </p>
   </div>
   <div class='ocr_carea' id='block_1_5' title="bbox 877 1520 1544 2677">
    <p class='ocr_par' dir='ltr' id='par_1_7' title="bbox 877 1520 1542 1855">
     <span class='ocr_line' id='line_1_43' title="bbox 877 1520 1532 1563; baseline -0.005 -10"><span class='ocrx_word' id='word_1_243' title='bbox 877 1529 949 1553; x_wconf 84' lang='lat' dir='ltr'>sunt</span> <span class='ocrx_word' id='word_1_244' title='bbox 965 1522 1148 1563; x_wconf 77' lang='lat' dir='ltr'>navigantes</span> <span class='ocrx_word' id='word_1_245' title='bbox 1165 1527 1272 1551; x_wconf 81' lang='lat' dir='ltr'>contra</span> <span class='ocrx_word' id='word_1_246' title='bbox 1287 1520 1348 1550; x_wconf 89' lang='lat' dir='ltr'>vim</span> <span class='ocrx_word' id='word_1_247' title='bbox 1370 1530 1532 1561; x_wconf 84' lang='lat' dir='ltr'>aquarum.</span> 
     </span>
     <span class='ocr_line' id='line_1_44' title="bbox 879 1568 1539 1610; baseline -0.002 -9"><span class='ocrx_word' id='word_1_248' title='bbox 879 1573 963 1602; x_wconf 80' lang='lat' dir='ltr'>Nota</span> <span class='ocrx_word' id='word_1_249' title='bbox 983 1576 1056 1601; x_wconf 84' lang='lat' dir='ltr'>sunt</span> <span class='ocrx_word' id='word_1_250' title='bbox 1071 1572 1178 1601; x_wconf 78' lang='lat' dir='ltr'>moenia</span> <span class='ocrx_word' id='word_1_251' title='bbox 1202 1571 1300 1610; x_wconf 80' lang='lat' dir='ltr'>lignea</span> <span class='ocrx_word' id='word_1_252' title='bbox 1315 1579 1330 1598; x_wconf 83' lang='lat' dir='ltr'>e</span> <span class='ocrx_word' id='word_1_253' title='bbox 1348 1568 1441 1598; x_wconf 90' lang='lat' dir='ltr'>Corn.</span> <span class='ocrx_word' id='word_1_254' title='bbox 1456 1570 1539 1610; x_wconf 86' lang='lat' dir='ltr'>Nep.</span> 
     </span>
     <span class='ocr_line' id='line_1_45' title="bbox 879 1617 1537 1650; baseline -0.005 0"><span class='ocrx_word' id='word_1_255' title='bbox 879 1620 910 1650; x_wconf 79' lang='lat' dir='ltr'>ii.</span> <span class='ocrx_word' id='word_1_256' title='bbox 926 1622 957 1650; x_wconf 84' lang='lat'>2.</span> <span class='ocrx_word' id='word_1_257' title='bbox 1002 1620 1042 1649; x_wconf 76' lang='lat' dir='ltr'>Et</span> <span class='ocrx_word' id='word_1_258' title='bbox 1058 1618 1217 1649; x_wconf 87' lang='lat' dir='ltr'>commode</span> <span class='ocrx_word' id='word_1_259' title='bbox 1234 1618 1291 1647; x_wconf 82' lang='lat' dir='ltr'>hoc</span> <span class='ocrx_word' id='word_1_260' title='bbox 1308 1617 1374 1646; x_wconf 86' lang='lat' dir='ltr'>loco</span> <span class='ocrx_word' id='word_1_261' title='bbox 1392 1622 1454 1646; x_wconf 79' lang='lat' dir='ltr'>tam</span> <span class='ocrx_word' id='word_1_262' title='bbox 1469 1628 1537 1648; x_wconf 85' lang='lat' dir='ltr'>moe-</span> 
     </span>
     <span class='ocr_line' id='line_1_46' title="bbox 880 1665 1539 1709; baseline -0.005 -11"><span class='ocrx_word' id='word_1_263' title='bbox 880 1671 942 1704; x_wconf 70' lang='lat' dir='ltr'>niu,</span> <span class='ocrx_word' id='word_1_264' title='bbox 957 1678 1050 1709; x_wconf 79' lang='lat' dir='ltr'>quam</span> <span class='ocrx_word' id='word_1_265' title='bbox 1072 1674 1159 1706; x_wconf 71' lang='lat' dir='ltr'>capta</span> <span class='ocrx_word' id='word_1_266' title='bbox 1184 1667 1270 1696; x_wconf 77' lang='lat' dir='ltr'>navis</span> <span class='ocrx_word' id='word_1_267' title='bbox 1295 1665 1425 1706; x_wconf 81' lang='lat' dir='ltr'>(quibus</span> <span class='ocrx_word' id='word_1_268' title='bbox 1445 1666 1539 1696; x_wconf 85' lang='lat' dir='ltr'>etiam</span> 
     </span>
     <span class='ocr_line' id='line_1_47' title="bbox 882 1714 1541 1754; baseline -0.006 -7"><span class='ocrx_word' id='word_1_269' title='bbox 882 1717 1063 1747; x_wconf 84' lang='lat' dir='ltr'>emolliendi</span> <span class='ocrx_word' id='word_1_270' title='bbox 1100 1716 1242 1746; x_wconf 84' lang='lat' dir='ltr'>voculam</span> <span class='ocrx_word' id='word_1_271' title='bbox 1281 1716 1360 1745; x_wconf 69' lang='lat' dir='ltr'>velut</span> <span class='ocrx_word' id='word_1_272' title='bbox 1403 1714 1541 1754; x_wconf 82' lang='lat' dir='ltr'>addidit)</span> 
     </span>
     <span class='ocr_line' id='line_1_48' title="bbox 881 1763 1542 1806; baseline -0.005 -10"><span class='ocrx_word' id='word_1_273' title='bbox 881 1766 976 1801; x_wconf 81' lang='lat' dir='ltr'>dicta,</span> <span class='ocrx_word' id='word_1_274' title='bbox 993 1765 1067 1806; x_wconf 83' lang='lat' dir='ltr'>quia</span> <span class='ocrx_word' id='word_1_275' title='bbox 1083 1765 1171 1795; x_wconf 80' lang='lat' dir='ltr'>navis</span> <span class='ocrx_word' id='word_1_276' title='bbox 1186 1775 1257 1794; x_wconf 90' lang='lat' dir='ltr'>cum</span> <span class='ocrx_word' id='word_1_277' title='bbox 1273 1763 1346 1793; x_wconf 85' lang='lat' dir='ltr'>urbe</span> <span class='ocrx_word' id='word_1_278' title='bbox 1362 1770 1542 1804; x_wconf 79' lang='lat' dir='ltr'>expugnata</span> 
     </span>
     <span class='ocr_line' id='line_1_49' title="bbox 882 1820 1091 1855; baseline -0.005 -11"><span class='ocrx_word' id='word_1_279' title='bbox 882 1820 1091 1855; x_wconf 82' lang='lat' dir='ltr'>comparatur.</span> 
     </span>
    </p>

    <p class='ocr_par' dir='ltr' id='par_1_8' title="bbox 881 1862 1543 2391">
     <span class='ocr_line' id='line_1_50' title="bbox 926 1862 1540 1901; baseline -0.005 -8"><span class='ocrx_word' id='word_1_280' title='bbox 926 1865 998 1893; x_wconf 85' lang='lat'>533.</span> <span class='ocrx_word' id='word_1_281' title='bbox 1021 1862 1193 1901; x_wconf 56' lang='lat' dir='ltr'>Tentabat]</span> <span class='ocrx_word' id='word_1_282' title='bbox 1222 1862 1294 1892; x_wconf 90' lang='lat' dir='ltr'>Duo</span> <span class='ocrx_word' id='word_1_283' title='bbox 1307 1866 1426 1891; x_wconf 79' lang='lat' dir='ltr'>veteres</span> <span class='ocrx_word' id='word_1_284' title='bbox 1440 1862 1540 1891; x_wconf 76' lang='lat' dir='ltr'>temle—</span> 
     </span>
     <span class='ocr_line' id='line_1_51' title="bbox 883 1909 1542 1953; baseline -0.005 -11"><span class='ocrx_word' id='word_1_285' title='bbox 883 1914 941 1949; x_wconf 76' lang='lat' dir='ltr'>bat,</span> <span class='ocrx_word' id='word_1_286' title='bbox 966 1918 1000 1942; x_wconf 82' lang='lat' dir='ltr'>ut</span> <span class='ocrx_word' id='word_1_287' title='bbox 1030 1911 1113 1953; x_wconf 82' lang='lat' dir='ltr'>apud</span> <span class='ocrx_word' id='word_1_288' title='bbox 1140 1910 1321 1951; x_wconf 77' lang='lat' dir='ltr'>Virgilium,</span> <span class='ocrx_word' id='word_1_289' title='bbox 1352 1909 1481 1940; x_wconf 76' lang='lat' dir='ltr'>AEneid.</span> <span class='ocrx_word' id='word_1_290' title='bbox 1509 1910 1542 1940; x_wconf 86' lang='lat' dir='ltr'>ii.</span> 
     </span>
     <span class='ocr_line' id='line_1_52' title="bbox 884 1959 1540 1994; baseline -0.006 -3"><span class='ocrx_word' id='word_1_291' title='bbox 884 1963 979 1991; x_wconf 76' lang='lat' dir='ltr'>tendit</span> <span class='ocrx_word' id='word_1_292' title='bbox 994 1961 1135 1990; x_wconf 67' lang='lat' dir='ltr'>divellere</span> <span class='ocrx_word' id='word_1_293' title='bbox 1151 1961 1247 1994; x_wconf 76' lang='lat' dir='ltr'>nodos,</span> <span class='ocrx_word' id='word_1_294' title='bbox 1262 1965 1292 1988; x_wconf 82' lang='lat' dir='ltr'>et</span> <span class='ocrx_word' id='word_1_295' title='bbox 1308 1969 1340 1988; x_wconf 88' lang='lat' dir='ltr'>x.</span> <span class='ocrx_word' id='word_1_296' title='bbox 1359 1959 1453 1988; x_wconf 77' lang='lat' dir='ltr'>locum</span> <span class='ocrx_word' id='word_1_297' title='bbox 1477 1965 1540 1988; x_wconf 76' lang='lat' dir='ltr'>ten-</span> 
     </span>
     <span class='ocr_line' id='line_1_53' title="bbox 881 2007 1541 2048; baseline -0.003 -9"><span class='ocrx_word' id='word_1_298' title='bbox 881 2012 958 2039; x_wconf 73' lang='lat' dir='ltr'>dunt</span> <span class='ocrx_word' id='word_1_299' title='bbox 995 2020 1153 2048; x_wconf 73' lang='lat' dir='ltr'>superare:</span> <span class='ocrx_word' id='word_1_300' title='bbox 1193 2008 1263 2038; x_wconf 87' lang='lat' dir='ltr'>vide</span> <span class='ocrx_word' id='word_1_301' title='bbox 1302 2007 1463 2037; x_wconf 82' lang='lat' dir='ltr'>Ileinsium</span> <span class='ocrx_word' id='word_1_302' title='bbox 1502 2007 1541 2038; x_wconf 83' lang='lat' dir='ltr'>ad</span> 
     </span>
     <span class='ocr_line' id='line_1_54' title="bbox 883 2055 1539 2097; baseline -0.006 -8"><span class='ocrx_word' id='word_1_303' title='bbox 883 2058 1095 2090; x_wconf 81' lang='lat' dir='ltr'>Claudianum</span> <span class='ocrx_word' id='word_1_304' title='bbox 1114 2058 1145 2087; x_wconf 88' lang='lat' dir='ltr'>in</span> <span class='ocrx_word' id='word_1_305' title='bbox 1165 2057 1293 2097; x_wconf 87' lang='lat' dir='ltr'>Eutrop.</span> <span class='ocrx_word' id='word_1_306' title='bbox 1309 2056 1329 2086; x_wconf 88' lang='lat' dir='ltr'>i.</span> <span class='ocrx_word' id='word_1_307' title='bbox 1349 2057 1399 2086; x_wconf 89' lang='lat'>15.</span> <span class='ocrx_word' id='word_1_308' title='bbox 1446 2055 1539 2097; x_wconf 77' lang='lat' dir='ltr'>Regii</span> 
     </span>
     <span class='ocr_line' id='line_1_55' title="bbox 884 2107 1157 2137; baseline -0.007 0"><span class='ocrx_word' id='word_1_309' title='bbox 884 2107 977 2137; x_wconf 83' lang='lat' dir='ltr'>nostri</span> <span class='ocrx_word' id='word_1_310' title='bbox 1010 2108 1157 2136; x_wconf 69' lang='lat' dir='ltr'>tentabat.</span> 
     </span>
     <span class='ocr_line' id='line_1_56' title="bbox 883 2153 1543 2196; baseline -0.002 -10"><span class='ocrx_word' id='word_1_311' title='bbox 883 2163 958 2187; x_wconf 77' lang='lat' dir='ltr'>erut.</span> <span class='ocrx_word' id='word_1_312' title='bbox 1004 2156 1081 2185; x_wconf 83' lang='lat' dir='ltr'>Ilaee</span> <span class='ocrx_word' id='word_1_313' title='bbox 1095 2165 1219 2196; x_wconf 87' lang='lat' dir='ltr'>quoque</span> <span class='ocrx_word' id='word_1_314' title='bbox 1234 2153 1345 2184; x_wconf 90' lang='lat' dir='ltr'>melius</span> <span class='ocrx_word' id='word_1_315' title='bbox 1360 2155 1543 2185; x_wconf 82' lang='lat' dir='ltr'>resecuisset</span> 
     </span>
     <span class='ocr_line' id='line_1_57' title="bbox 883 2203 1542 2245; baseline -0.002 -10"><span class='ocrx_word' id='word_1_316' title='bbox 883 2211 987 2245; x_wconf 80' lang='lat' dir='ltr'>poeta.</span> <span class='ocrx_word' id='word_1_317' title='bbox 1014 2204 1185 2244; x_wconf 74' lang='lat' dir='ltr'>Trepidare,</span> <span class='ocrx_word' id='word_1_318' title='bbox 1198 2204 1378 2238; x_wconf 83' lang='lat' dir='ltr'>discurrere,</span> <span class='ocrx_word' id='word_1_319' title='bbox 1390 2203 1450 2233; x_wconf 87' lang='lat' dir='ltr'>huc</span> <span class='ocrx_word' id='word_1_320' title='bbox 1467 2204 1542 2234; x_wconf 90' lang='lat' dir='ltr'>illuc</span> 
     </span>
     <span class='ocr_line' id='line_1_58' title="bbox 883 2251 1543 2294; baseline -0.002 -11"><span class='ocrx_word' id='word_1_321' title='bbox 883 2264 914 2283; x_wconf 88' lang='lat' dir='ltr'>se</span> <span class='ocrx_word' id='word_1_322' title='bbox 926 2259 1042 2284; x_wconf 80' lang='lat' dir='ltr'>vertere</span> <span class='ocrx_word' id='word_1_323' title='bbox 1056 2264 1117 2294; x_wconf 81' lang='lat' dir='ltr'>prae</span> <span class='ocrx_word' id='word_1_324' title='bbox 1130 2262 1255 2294; x_wconf 83' lang='lat' dir='ltr'>pavore.</span> <span class='ocrx_word' id='word_1_325' title='bbox 1283 2252 1383 2281; x_wconf 76' lang='lat' dir='ltr'>Secius</span> <span class='ocrx_word' id='word_1_326' title='bbox 1394 2251 1543 2282; x_wconf 84' lang='lat' dir='ltr'>debemus</span> 
     </span>
     <span class='ocr_line' id='line_1_59' title="bbox 884 2300 1540 2342; baseline -0.003 -11"><span class='ocrx_word' id='word_1_327' title='bbox 884 2301 1023 2336; x_wconf 85' lang='lat' dir='ltr'>Heinsio,</span> <span class='ocrx_word' id='word_1_328' title='bbox 1052 2312 1107 2342; x_wconf 91' lang='lat' dir='ltr'>pro</span> <span class='ocrx_word' id='word_1_329' title='bbox 1141 2303 1259 2341; x_wconf 74' lang='lat' dir='ltr'>segnius</span> <span class='ocrx_word' id='word_1_330' title='bbox 1289 2300 1389 2340; x_wconf 80' lang='lat' dir='ltr'>(quod</span> <span class='ocrx_word' id='word_1_331' title='bbox 1424 2300 1540 2330; x_wconf 78' lang='lat' dir='ltr'>habent</span> 
     </span>
     <span class='ocr_line' id='line_1_60' title="bbox 884 2350 1143 2391; baseline 0.004 -11"><span class='ocrx_word' id='word_1_332' title='bbox 884 2350 978 2391; x_wconf 83' lang='lat' dir='ltr'>Regii</span> <span class='ocrx_word' id='word_1_333' title='bbox 992 2350 1143 2386; x_wconf 84' lang='lat' dir='ltr'>codices.)</span> 
     </span>
    </p>

    <p class='ocr_par' dir='ltr' id='par_1_9' title="bbox 885 2396 1542 2526">
     <span class='ocr_line' id='line_1_61' title="bbox 927 2396 1541 2437; baseline 0 -9"><span class='ocrx_word' id='word_1_334' title='bbox 927 2399 1001 2429; x_wconf 85' lang='lat'>538.</span> <span class='ocrx_word' id='word_1_335' title='bbox 1026 2398 1148 2434; x_wconf 72' lang='lat' dir='ltr'>Mortes,</span> <span class='ocrx_word' id='word_1_336' title='bbox 1172 2397 1277 2427; x_wconf 83' lang='lat' dir='ltr'>mortis</span> <span class='ocrx_word' id='word_1_337' title='bbox 1299 2396 1447 2437; x_wconf 79' lang='lat' dir='ltr'>pericula.</span> <span class='ocrx_word' id='word_1_338' title='bbox 1491 2398 1541 2428; x_wconf 80' lang='lat' dir='ltr'>Sic</span> 
     </span>
     <span class='ocr_line' id='line_1_62' title="bbox 885 2445 1542 2486; baseline 0 -10"><span class='ocrx_word' id='word_1_339' title='bbox 885 2454 990 2477; x_wconf 80' lang='lat' dir='ltr'>mortes</span> <span class='ocrx_word' id='word_1_340' title='bbox 1015 2455 1047 2478; x_wconf 76' lang='lat' dir='ltr'>et</span> <span class='ocrx_word' id='word_1_341' title='bbox 1074 2447 1208 2478; x_wconf 82' lang='grc' dir='ltr'>θάνατοι</span> <span class='ocrx_word' id='word_1_342' title='bbox 1234 2455 1336 2486; x_wconf 76' lang='lat' dir='ltr'>saepe;</span> <span class='ocrx_word' id='word_1_343' title='bbox 1367 2445 1436 2476; x_wconf 90' lang='lat' dir='ltr'>vide</span> <span class='ocrx_word' id='word_1_344' title='bbox 1464 2447 1542 2477; x_wconf 83' lang='lat' dir='ltr'>Bur-</span> 
     </span>
     <span class='ocr_line' id='line_1_63' title="bbox 886 2507 1044 2526; baseline 0.006 -1"><span class='ocrx_word' id='word_1_345' title='bbox 886 2507 1044 2526; x_wconf 82' lang='lat' dir='ltr'>mannum.</span> 
     </span>
    </p>

    <p class='ocr_par' dir='ltr' id='par_1_10' title="bbox 888 2542 1544 2677">
     <span class='ocr_line' id='line_1_64' title="bbox 929 2542 1541 2583; baseline -0.003 -7"><span class='ocrx_word' id='word_1_346' title='bbox 929 2547 1001 2576; x_wconf 78' lang='lat'>539.</span> <span class='ocrx_word' id='word_1_347' title='bbox 1017 2544 1086 2574; x_wconf 81' lang='lat' dir='ltr'>Non</span> <span class='ocrx_word' id='word_1_348' title='bbox 1102 2549 1179 2573; x_wconf 79' lang='lat' dir='ltr'>tenet</span> <span class='ocrx_word' id='word_1_349' title='bbox 1195 2544 1253 2579; x_wconf 83' lang='lat' dir='ltr'>hic,</span> <span class='ocrx_word' id='word_1_350' title='bbox 1268 2543 1346 2583; x_wconf 82' lang='lat' dir='ltr'>etc.]</span> <span class='ocrx_word' id='word_1_351' title='bbox 1366 2542 1472 2583; x_wconf 84' lang='lat' dir='ltr'>Angor</span> <span class='ocrx_word' id='word_1_352' title='bbox 1489 2554 1541 2574; x_wconf 79' lang='lat' dir='ltr'>na-</span> 
     </span>
     <span class='ocr_line' id='line_1_65' title="bbox 889 2592 1544 2634; baseline 0.003 -13"><span class='ocrx_word' id='word_1_353' title='bbox 889 2593 1057 2634; x_wconf 80' lang='lat' dir='ltr'>vigantium</span> <span class='ocrx_word' id='word_1_354' title='bbox 1069 2592 1152 2623; x_wconf 78' lang='lat' dir='ltr'>varie</span> <span class='ocrx_word' id='word_1_355' title='bbox 1167 2603 1199 2622; x_wconf 87' lang='lat' dir='ltr'>se</span> <span class='ocrx_word' id='word_1_356' title='bbox 1215 2592 1357 2633; x_wconf 81' lang='lat' dir='ltr'>prodenS.</span> <span class='ocrx_word' id='word_1_357' title='bbox 1383 2592 1544 2623; x_wconf 77' lang='lat' dir='ltr'>Bentleius</span> 
     </span>
     <span class='ocr_line' id='line_1_66' title="bbox 888 2640 1541 2677; baseline -0.002 -5"><span class='ocrx_word' id='word_1_358' title='bbox 888 2642 927 2672; x_wconf 74' lang='lat' dir='ltr'>ud</span> <span class='ocrx_word' id='word_1_359' title='bbox 946 2642 1024 2672; x_wconf 87' lang='lat' dir='ltr'>illud</span> <span class='ocrx_word' id='word_1_360' title='bbox 1046 2641 1179 2677; x_wconf 76' lang='lat' dir='ltr'>Horatii,</span> <span class='ocrx_word' id='word_1_361' title='bbox 1200 2642 1227 2671; x_wconf 83' lang='lat'>1.</span> <span class='ocrx_word' id='word_1_362' title='bbox 1243 2641 1306 2672; x_wconf 88' lang='lat' dir='ltr'>Od.</span> <span class='ocrx_word' id='word_1_363' title='bbox 1323 2640 1366 2671; x_wconf 86' lang='lat' dir='ltr'>iii.</span> <span class='ocrx_word' id='word_1_364' title='bbox 1386 2642 1432 2671; x_wconf 89' lang='lat'>18.</span> <span class='ocrx_word' id='word_1_365' title='bbox 1481 2642 1541 2676; x_wconf 70' lang='lat' dir='ltr'>Qui</span> 
     </span>
    </p>
   </div>
   <div class='ocr_carea' id='block_1_6' title="bbox 887 2691 1540 2732">
    <p class='ocr_par' dir='ltr' id='par_1_11' title="bbox 887 2691 1540 2732">
     <span class='ocr_line' id='line_1_67' title="bbox 887 2691 1540 2732; baseline -0.002 -10"><span class='ocrx_word' id='word_1_366' title='bbox 887 2694 968 2722; x_wconf 77' lang='lat' dir='ltr'>siccis</span> <span class='ocrx_word' id='word_1_367' title='bbox 996 2692 1089 2721; x_wconf 77' lang='lat' dir='ltr'>oculis</span> <span class='ocrx_word' id='word_1_368' title='bbox 1118 2698 1258 2726; x_wconf 77' lang='lat' dir='ltr'>monstra,</span> <span class='ocrx_word' id='word_1_369' title='bbox 1288 2696 1348 2720; x_wconf 86' lang='lat' dir='ltr'>etc.</span> <span class='ocrx_word' id='word_1_370' title='bbox 1380 2697 1479 2732; x_wconf 82' lang='lat' dir='ltr'>putat,</span> <span class='ocrx_word' id='word_1_371' title='bbox 1509 2691 1540 2721; x_wconf 88' lang='lat' dir='ltr'>in</span> 
     </span>
    </p>
   </div>
   <div class='ocr_carea' id='block_1_7' title="bbox 1214 2106 1543 2145">
    <p class='ocr_par' dir='ltr' id='par_1_12' title="bbox 1214 2106 1543 2145">
     <span class='ocr_line' id='line_1_68' title="bbox 1214 2106 1543 2145; baseline 0.003 -11"><span class='ocrx_word' id='word_1_372' title='bbox 1214 2106 1292 2135; x_wconf 78' lang='lat' dir='ltr'>Pars</span> <span class='ocrx_word' id='word_1_373' title='bbox 1320 2107 1543 2145; x_wconf 74' lang='lat' dir='ltr'>igitur—intus</span> 
     </span>
    </p>
   </div>
  </div>
 </body>
</html>
