1779 3130
237 172 325 215 472
629 170 680 211 P.
719 169 932 211 OVIDII
966 170 1248 212 NASONIS

237 286 529 341 Vulturnus,
548 284 808 347 niveisque
827 284 1061 347 frequens
1082 285 1319 332 Sinuessa
1343 284 1604 337 columbis,

238 362 613 424 Minturnaeque
634 378 825 424 graveS‚
855 370 904 409 et
930 378 1080 424 quam
1101 362 1364 409 tumulavit
1383 361 1628 414 alumnus,

235 437 627 502 Antiphataeque
646 438 840 493 domus,
857 438 1179 500 Trachasque
1199 437 1404 484 obsessa
1428 437 1627 500 palude,

238 514 305 561 Et
330 515 478 562 tellus
506 514 714 569 Circaea,
742 521 793 561 et
813 514 960 577 spissi
982 514 1137 560 litoris
1166 514 1388 560 Antium.

239 590 353 637 Huc
380 591 463 637 ubi
488 590 742 637 veliferam
769 598 932 638 nautae
959 592 1215 638 advertere
1241 591 1476 647 carinam,
1535 594 1629 638 719

237 667 402 730 Asper
423 667 555 714 enim
574 669 679 729 jam
705 675 888 730 pontus
915 675 1034 723 erat,
1059 668 1198 715 Deus
1222 668 1442 731 explicat
1466 668 1628 722 011105,

238 743 438 806 Perque
464 744 601 790 sinus
633 745 851 799 crebros,
881 751 932 790 et
956 760 1137 806 magna
1161 745 1414 791 volumina
1437 745 1628 798 labem,

236 820 449 884 Templa
473 821 695 884 parentis
723 821 814 867 init
838 821 1020 867 flavum
1046 822 1300 883 tangentia
1324 822 1458 868 litus.

239 897 458 960 AEquore
483 904 661 960 pacato
687 897 872 960 patrias
900 897 1201 960 Epidaurius
1228 914 1336 945 aras

238 973 459 1036 Linquit,
486 981 537 1021 et
561 974 778 1038 hospitio
799 974 961 1037 juncti
987 975 1079 1021 sibi
1106 975 1319 1021 numinis
1345 991 1481 1029 115115,

238 1050 487 1097 Litoream
512 1058 675 1098 tractu
698 1066 919 1113 squamae
946 1051 1236 1113 crepitantis
1263 1067 1463 1098 arenam

240 1126 430 1183 Sulcat,
454 1138 519 1182 et,
548 1127 747 1173 innixus
773 1128 1109 1175 moderamine
1131 1128 1284 1184 navis,
1312 1128 1361 1173 in
1388 1129 1487 1175 alta

237 1203 418 1267 Puppe
439 1212 590 1267 caput
606 1204 794 1268 posuit;
821 1204 979 1251 donec
994 1205 1349 1267 Castrumque,
1363 1220 1630 1267 sacrasque

242 1280 414 1328 Lavini
441 1282 602 1337 sedes,
630 1282 968 1345 Tiberinaque
995 1282 1057 1328 ad
1082 1282 1209 1329 ostia
1232 1282 1379 1329 venit.

238 1357 352 1405 Huc
370 1374 542 1405 omnes
560 1359 731 1421 populi
752 1359 955 1421 passim,
979 1366 1312 1421 matrumque,
1332 1365 1632 1421 patrumque

239 1435 401 1483 Obvia
420 1436 567 1482 turba
592 1435 703 1490 ruit,
723 1451 937 1498 quaeque
963 1435 1119 1496 ignes,
1139 1435 1330 1491 Troica,
1349 1443 1511 1483 servat
1536 1439 1632 1482 730

1535 1054 1629 1097 725

236 1595 388 1633 fundens3
412 1595 545 1630 Plinius,
563 1595 624 1625 xiv,
641 1596 694 1626 20.
742 1596 802 1625 Per
826 1596 898 1625 cali-

236 1646 287 1675 dos
300 1644 405 1685 *thules
420 1643 516 1674 Baias
535 1643 687 1684 intellige,
704 1649 735 1675 et
752 1650 816 1674 tota
832 1643 898 1674 brec

233 1693 327 1724 litora
344 1704 414 1734 quae
439 1693 550 1723 calidis
570 1693 708 1724 fontibus
732 1694 870 1734 rigantur
890 1704 896 1731 3

237 1743 369 1779 Plinius,
385 1743 428 1772 iii.
442 1745 473 1773 5.

280 1793 353 1823 715.
370 1792 520 1832 Frequens
537 1793 675 1822 Sinuessa
698 1793 849 1827 columbis,
866 1797 899 1822 ut

236 1839 378 1872 Dionaeis
416 1840 526 1872 avibus
561 1841 755 1872 circumsona
784 1841 899 1871 Thisbe

237 1890 319 1932 apud
346 1891 425 1920 Stat.
439 1890 538 1921 Theb.
554 1890 607 1921 vii.
622 1891 698 1920 261.
746 1890 783 1920 In
805 1890 898 1920 Carn-

235 1938 330 1980 pania
352 1939 572 1980 grandissimas
600 1939 759 1980 provenire
781 1939 899 1969 colum-

235 1988 303 2024 bas,
320 1988 415 2018 tradit
430 1988 562 2023 Plinius,
573 1999 603 2018 x.
615 1989 666 2018 37.
706 1988 828 2023 Graves,
845 1997 899 2028 pa—

235 2048 303 2068 rum
319 2036 458 2068 salubres
474 2037 512 2067 ob
528 2037 665 2078 palustre
680 2036 791 2067 solum.
838 2036 899 2066 Ρα-

237 2089 344 2117 lustres
382 2087 553 2117 Mintur-naz
597 2086 680 2127 apud
722 2085 898 2121 Horatium,

235 2135 339 2177 Epod.
357 2135 384 2165 I.
400 2146 431 2165 v.
449 2137 481 2165 4.
529 2135 675 2165 Gravitas
696 2137 760 2165 ccrli
784 2134 828 2165 Sic
853 2141 900 2165 est

235 2184 319 2226 apud
336 2184 436 2215 Cicer.
452 2184 519 2214 Att.
536 2184 579 2214 xi.
596 2185 648 2213 22.
688 2183 783 2217 Quam
797 2190 898 2214 tumu-

236 2235 312 2264 lavit
332 2234 484 2268 alumnus,
502 2232 635 2270 Caieta;
659 2232 722 2263 vid.
743 2232 805 2263 xiv,
825 2233 898 2263 157.

235 2282 401 2312 Mulierem
428 2281 532 2322 posuit
557 2292 611 2322 pro
638 2281 717 2316 loco,
743 2280 797 2322 qui
825 2280 898 2311 inde

235 2341 348 2362 nomen
375 2331 508 2371 accepit.
553 2332 603 2361 De
634 2331 801 2369 Antiphate
827 2330 898 2361 vide

235 2380 298 2410 xiv.
314 2380 387 2410 234.
407 2386 437 2409 et
453 2379 546 2420 paulo
570 2384 639 2420 post
657 2379 752 2409 etiam
773 2379 811 2409 de
831 2379 898 2409 Cir-

235 2440 292 2459 ca’a
328 2428 452 2458 tellure.
500 2427 641 2463 Trachas,
675 2428 795 2462 Anxur,
827 2438 896 2469 quae

235 2478 328 2508 etiarn
351 2477 519 2512 Trachina,
540 2482 572 2508 et
594 2475 763 2507 Tarracina
786 2476 894 2514 dicta3

235 2526 353 2561 Livius,
385 2526 427 2557 iv.
453 2531 532 2557 extr.
558 2526 703 2556 “Anxur
733 2526 801 2561 fuit,
826 2536 895 2566 quae

234 2585 317 2605 nunc
342 2575 518 2605 Tarracinae
542 2582 625 2610 sunt,
646 2576 720 2605 urbs
742 2585 837 2616 prona
865 2575 896 2604 in

233 2623 399 2666 paludeS.’'
446 2624 547 2663 Spissi,
576 2623 675 2658 densi,
704 2623 783 2653 duri.
833 2624 897 2653 An-

235 2674 322 2708 tium,
339 2672 485 2713 oppidum
500 2671 679 2702 Latinorum
697 2671 897 2702 maritimum.

236 2721 306 2751 Huc
319 2730 476 2760 egressum
485 2731 551 2751 esse
562 2719 777 2761 AEsculapiuni
785 2744 792 2756 ,
802 2720 894 2751 etiam

969 1595 1078 1625 valer.
1104 1594 1276 1629 Maximus,
1297 1595 1327 1625 d.
1344 1595 1364 1625 1.
1381 1594 1485 1625 tradit.
1532 1594 1633 1625 Recte

967 1644 1061 1685 igitur
1084 1644 1203 1685 Regius
1226 1645 1330 1674 Ancon
1352 1645 1488 1675 mutasse
1512 1643 1634 1674 videtur

968 1693 999 1724 in
1027 1695 1167 1727 Antium,
1198 1693 1280 1733 quod
1306 1693 1455 1724 Heinsius
1481 1693 1574 1724 etiarn
1601 1693 1633 1723 in

968 1742 1075 1772 multis
1090 1742 1182 1773 MSS.
1198 1742 1322 1784 reperit.

1011 1793 1084 1822 720.
1102 1792 1184 1822 Deus
1197 1793 1326 1831 eiplicat
1340 1793 1432 1826 orbes,
1448 1791 1527 1831 etc.]
1547 1791 1629 1822 Con-

969 1847 1015 1872 tra
1031 1840 1193 1882 Virgilius,
1214 1841 1343 1871 AEneid.
1360 1840 1414 1871 xii.
1435 1841 1508 1871 743.
1532 1842 1631 1879 impli-

968 1897 1016 1921 cat
1040 1892 1143 1927 orbes,·
1170 1890 1303 1927 Plinius,
1326 1890 1387 1920 IX.
1408 1890 1508 1931 Epist.
1526 1890 1633 1920 xxxiii.

968 1941 1000 1970 5.
1026 1941 1105 1969 orbes
1127 1941 1288 1978 implicitat
1306 1941 1488 1979 expetiitque.
1534 1940 1571 1969 In
1586 1939 1634 1969 his

967 1993 998 2018 et
1025 1988 1228 2029 sequentibus
1252 1987 1324 2018 vide
1354 1987 1563 2028 diligentiam,
1585 1988 1632 2017 in-

968 2036 1094 2076 genium
1115 2042 1146 2066 et
1165 2042 1305 2066 ornatum
1323 2036 1354 2066 in
1371 2036 1428 2066 hac
1446 2036 1633 2067 narratione.

972 2086 1091 2125 Templa
1115 2088 1260 2125 parentis.
1285 2085 1393 2115 Valer.
1409 2085 1569 2115 Maximus
1585 2085 1635 2128 ip-

968 2133 1032 2164 sius
1062 2133 1237 2175 AEsculapii
1274 2133 1426 2175 templum
1465 2134 1605 2164 nominat
1625 2147 1630 2164 ε

968 2183 1022 2213 sed
1049 2193 1158 2225 pamm
1187 2182 1347 2218 credibile,
1375 2193 1447 2213 eum
1472 2183 1539 2223 jam
1567 2188 1631 2213 tum

968 2232 1087 2262 cultum
1112 2241 1178 2262 esse
1204 2232 1242 2261 ab
1259 2231 1452 2261 Antiatibus.
1498 2231 1632 2267 Salvae,-

966 2279 1038 2310 vide
1055 2280 1093 2310 ad
1109 2280 1151 2310 iv.
1168 2281 1240 2310 706.
1289 2280 1496 2319 crepitantis;
1513 2279 1558 2310 iii.
1577 2281 1631 2310 75.

967 2329 1004 2360 (ie
1021 2335 1175 2371 serpente,
1196 2330 1289 2360 Terra
1305 2340 1371 2359 rasa
1388 2335 1472 2359 sonat
1495 2331 1633 2368 squamis.

1011 2379 1085 2408 727.
1098 2378 1238 2408 Castrum
1251 2379 1334 2413 Inui,
1346 2378 1418 2407 urbs
1430 2377 1633 2407 Rutulorum.

968 2426 1074 2456 Sacras
1098 2429 1186 2462 sedes,
1203 2426 1278 2467 quia
1294 2427 1412 2456 ,AEneas
1432 2426 1567 2456 Penates
1588 2426 1630 2456 ibi

970 2475 1000 2505 in
1030 2475 1170 2506 Palladis
1200 2475 1316 2516 templo
1342 2475 1454 2516 posuit.
1502 2474 1628 2509 Passim,

965 2524 1031 2554 sine
1066 2524 1183 2559 ordine,
1211 2525 1290 2555 bene
1327 2523 1523 2565 conjungitur
1556 2534 1628 2553 011111

965 2576 1041 2610 ruit,
1057 2574 1140 2614 quod
1162 2580 1192 2603 et
1217 2573 1318 2615 ipsum
1342 2578 1401 2608 est,
1419 2583 1540 2603 currere
1562 2573 1628 2602 sine

965 2622 1044 2663 lege.
1102 2622 1214 2652 Tro‘ica
1254 2623 1351 2657 Vesta,
1379 2632 1471 2662 quam
1510 2622 1629 2651 Aineas

964 2682 1027 2701 una
1047 2682 1117 2702 cum
1139 2671 1210 2712 igne
1232 2681 1320 2701 sacro
1342 2676 1373 2701 et
1389 2670 1561 2708 Penatibus
1582 2680 1629 2700 as-

964 2721 1093 2760 portavit
1109 2732 1116 2757 ;
1143 2719 1304 2755 Yirtzilius,
1318 2719 1445 2750 [Eneid.
1464 2718 1495 2749 ii‘.
1510 2720 1584 2749 296.
