<?xml version="1.0" encoding="UTF-8"?>
<!DOCTYPE html PUBLIC "-//W3C//DTD XHTML 1.0 Transitional//EN"
    "http://www.w3.org/TR/xhtml1/DTD/xhtml1-transitional.dtd">
<html xmlns="http://www.w3.org/1999/xhtml" xml:lang="en" lang="en">
 <head>
  <title>
</title>
<meta http-equiv="Content-Type" content="text/html;charset=utf-8" />
  <meta name='ocr-system' content='tesseract 3.04.00' />
  <meta name='ocr-capabilities' content='ocr_page ocr_carea ocr_par ocr_line ocrx_word'/>
</head>
<body>
  <div class='ocr_page' id='page_1' title='image "./povidiinasonisop04oviduoft_0396.png"; bbox 0 0 1779 3130; ppageno 0'>
   <div class='ocr_carea' id='block_1_1' title="bbox 239 186 1212 231">
    <p class='ocr_par' dir='ltr' id='par_1_1' title="bbox 239 186 1212 231">
     <span class='ocr_line' id='line_1_1' title="bbox 239 186 1212 231; baseline -0.003 0"><span class='ocrx_word' id='word_1_1' title='bbox 239 190 324 231; x_wconf 81' lang='lat'>384</span> <span class='ocrx_word' id='word_1_2' title='bbox 616 188 665 227; x_wconf 91' lang='lat' dir='ltr'>P.</span> <span class='ocrx_word' id='word_1_3' title='bbox 701 186 902 227; x_wconf 90' lang='lat' dir='ltr'><strong>OVIDII</strong></span> <span class='ocrx_word' id='word_1_4' title='bbox 936 186 1212 228; x_wconf 90' lang='lat' dir='ltr'><strong>NASONIS</strong></span> 
     </span>
    </p>
   </div>
   <div class='ocr_carea' id='block_1_2' title="bbox 239 300 1634 1967">
    <p class='ocr_par' dir='ltr' id='par_1_2' title="bbox 239 300 1634 1967">
     <span class='ocr_line' id='line_1_2' title="bbox 242 300 1550 364; baseline -0.002 -14"><span class='ocrx_word' id='word_1_5' title='bbox 242 303 390 350; x_wconf 86' lang='lat' dir='ltr'>Haud</span> <span class='ocrx_word' id='word_1_6' title='bbox 418 300 589 364; x_wconf 88' lang='lat' dir='ltr'>procul</span> <span class='ocrx_word' id='word_1_7' title='bbox 615 300 789 363; x_wconf 81' lang='lat' dir='ltr'>aspexi</span> <span class='ocrx_word' id='word_1_8' title='bbox 815 301 963 362; x_wconf 89' lang='lat' dir='ltr'>longo</span> <span class='ocrx_word' id='word_1_9' title='bbox 988 308 1102 364; x_wconf 92' lang='lat' dir='ltr'>post</span> <span class='ocrx_word' id='word_1_10' title='bbox 1125 308 1347 364; x_wconf 90' lang='lat' dir='ltr'>tempore</span> <span class='ocrx_word' id='word_1_11' title='bbox 1372 302 1550 356; x_wconf 85' lang='lat' dir='ltr'>navim,</span> 
     </span>
     <span class='ocr_line' id='line_1_3' title="bbox 241 376 1453 440; baseline 0 -16"><span class='ocrx_word' id='word_1_12' title='bbox 241 378 493 440; x_wconf 85' lang='lat' dir='ltr'>Oravique</span> <span class='ocrx_word' id='word_1_13' title='bbox 517 376 686 439; x_wconf 89' lang='lat' dir='ltr'>fugam</span> <span class='ocrx_word' id='word_1_14' title='bbox 712 383 873 438; x_wconf 91' lang='lat' dir='ltr'>gestu,</span> <span class='ocrx_word' id='word_1_15' title='bbox 901 377 965 423; x_wconf 92' lang='lat' dir='ltr'>ad</span> <span class='ocrx_word' id='word_1_16' title='bbox 990 377 1207 440; x_wconf 91' lang='lat' dir='ltr'>litusque</span> <span class='ocrx_word' id='word_1_17' title='bbox 1232 377 1453 424; x_wconf 85' lang='lat' dir='ltr'>cucurri:</span> 
     </span>
     <span class='ocr_line' id='line_1_4' title="bbox 240 452 1624 516; baseline -0.001 -15"><span class='ocrx_word' id='word_1_18' title='bbox 240 454 306 501; x_wconf 90' lang='lat' dir='ltr'>Et</span> <span class='ocrx_word' id='word_1_19' title='bbox 330 453 488 509; x_wconf 79' lang='lat' dir='ltr'>movi;</span> <span class='ocrx_word' id='word_1_20' title='bbox 532 453 841 514; x_wconf 89' lang='lat' dir='ltr'>Graiumque</span> <span class='ocrx_word' id='word_1_21' title='bbox 868 452 985 499; x_wconf 88' lang='lat' dir='ltr'>ratis</span> <span class='ocrx_word' id='word_1_22' title='bbox 1011 452 1224 515; x_wconf 89' lang='lat' dir='ltr'>Trojana</span> <span class='ocrx_word' id='word_1_23' title='bbox 1248 454 1451 516; x_wconf 90' lang='lat' dir='ltr'>recepit.</span> <span class='ocrx_word' id='word_1_24' title='bbox 1526 457 1624 499; x_wconf 83' lang='lat'>220</span> 
     </span>
     <span class='ocr_line' id='line_1_5' title="bbox 239 530 1623 593; baseline -0.001 -16"><span class='ocrx_word' id='word_1_25' title='bbox 239 530 315 577; x_wconf 94' lang='lat' dir='ltr'>Tu</span> <span class='ocrx_word' id='word_1_26' title='bbox 338 546 539 592; x_wconf 94' lang='lat' dir='ltr'>quoque</span> <span class='ocrx_word' id='word_1_27' title='bbox 560 530 724 593; x_wconf 89' lang='lat' dir='ltr'>pande</span> <span class='ocrx_word' id='word_1_28' title='bbox 740 537 868 585; x_wconf 90' lang='lat' dir='ltr'>tuos,</span> <span class='ocrx_word' id='word_1_29' title='bbox 888 530 1123 577; x_wconf 89' lang='lat' dir='ltr'>comitum</span> <span class='ocrx_word' id='word_1_30' title='bbox 1144 530 1439 592; x_wconf 79' lang='lat' dir='ltr'>gratissime,</span> <span class='ocrx_word' id='word_1_31' title='bbox 1461 546 1623 584; x_wconf 88' lang='lat' dir='ltr'>casus,</span> 
     </span>
     <span class='ocr_line' id='line_1_6' title="bbox 241 606 1606 669; baseline -0.001 -16"><span class='ocrx_word' id='word_1_32' title='bbox 241 606 307 653; x_wconf 89' lang='lat' dir='ltr'>Et</span> <span class='ocrx_word' id='word_1_33' title='bbox 332 606 489 661; x_wconf 89' lang='lat' dir='ltr'>ducis,</span> <span class='ocrx_word' id='word_1_34' title='bbox 518 613 568 653; x_wconf 92' lang='lat' dir='ltr'>et</span> <span class='ocrx_word' id='word_1_35' title='bbox 591 607 765 661; x_wconf 84' lang='lat' dir='ltr'>turbae,</span> <span class='ocrx_word' id='word_1_36' title='bbox 794 622 905 668; x_wconf 84' lang='lat' dir='ltr'>quae</span> <span class='ocrx_word' id='word_1_37' title='bbox 932 613 1098 653; x_wconf 89' lang='lat' dir='ltr'>tecum</span> <span class='ocrx_word' id='word_1_38' title='bbox 1124 606 1313 653; x_wconf 87' lang='lat' dir='ltr'>credita</span> <span class='ocrx_word' id='word_1_39' title='bbox 1337 614 1487 669; x_wconf 90' lang='lat' dir='ltr'>ponto</span> <span class='ocrx_word' id='word_1_40' title='bbox 1514 612 1606 653; x_wconf 91' lang='lat' dir='ltr'>est.</span> 
     </span>
     <span class='ocr_line' id='line_1_7' title="bbox 305 682 1481 745; baseline -0.001 -16"><span class='ocrx_word' id='word_1_41' title='bbox 305 683 482 729; x_wconf 88' lang='lat' dir='ltr'>AEolon</span> <span class='ocrx_word' id='word_1_42' title='bbox 507 683 590 730; x_wconf 90' lang='lat' dir='ltr'>ille</span> <span class='ocrx_word' id='word_1_43' title='bbox 616 682 764 729; x_wconf 80' lang='lat' dir='ltr'><strong>refert</strong></span> <span class='ocrx_word' id='word_1_44' title='bbox 788 682 952 729; x_wconf 91' lang='lat' dir='ltr'>Tusco</span> <span class='ocrx_word' id='word_1_45' title='bbox 978 698 1183 742; x_wconf 89' lang='lat' dir='ltr'>regnare</span> <span class='ocrx_word' id='word_1_46' title='bbox 1210 682 1481 745; x_wconf 78' lang='lat' dir='ltr'>profundo3</span> 
     </span>
     <span class='ocr_line' id='line_1_8' title="bbox 240 758 1570 822; baseline -0.002 -16"><span class='ocrx_word' id='word_1_47' title='bbox 240 760 416 806; x_wconf 88' lang='lat' dir='ltr'>AEolon</span> <span class='ocrx_word' id='word_1_48' title='bbox 444 759 784 822; x_wconf 82' lang='lat' dir='ltr'>Hippotaden,</span> <span class='ocrx_word' id='word_1_49' title='bbox 812 758 1128 805; x_wconf 86' lang='lat' dir='ltr'>cohibentem</span> <span class='ocrx_word' id='word_1_50' title='bbox 1154 774 1351 805; x_wconf 87' lang='lat' dir='ltr'>carcere</span> <span class='ocrx_word' id='word_1_51' title='bbox 1375 765 1570 814; x_wconf 90' lang='lat' dir='ltr'>ventos;</span> 
     </span>
     <span class='ocr_line' id='line_1_9' title="bbox 240 835 1627 898; baseline -0.001 -17"><span class='ocrx_word' id='word_1_52' title='bbox 240 836 380 890; x_wconf 83' lang='lat' dir='ltr'>Quos</span> <span class='ocrx_word' id='word_1_53' title='bbox 400 835 539 882; x_wconf 89' lang='lat' dir='ltr'>bovis</span> <span class='ocrx_word' id='word_1_54' title='bbox 561 836 779 882; x_wconf 90' lang='lat' dir='ltr'>inclusos</span> <span class='ocrx_word' id='word_1_55' title='bbox 799 843 955 898; x_wconf 91' lang='lat' dir='ltr'>tergo,</span> <span class='ocrx_word' id='word_1_56' title='bbox 973 835 1292 882; x_wconf 82' lang='lat' dir='ltr'>memorabile</span> <span class='ocrx_word' id='word_1_57' title='bbox 1309 851 1504 888; x_wconf 90' lang='lat' dir='ltr'>munus,</span> <span class='ocrx_word' id='word_1_58' title='bbox 1531 836 1627 880; x_wconf 87' lang='grc'>225</span> 
     </span>
     <span class='ocr_line' id='line_1_10' title="bbox 242 910 1572 975; baseline -0.002 -17"><span class='ocrx_word' id='word_1_59' title='bbox 242 912 532 958; x_wconf 87' lang='lat' dir='ltr'>Dulichium</span> <span class='ocrx_word' id='word_1_60' title='bbox 558 912 831 975; x_wconf 86' lang='lat' dir='ltr'>sumpsisse</span> <span class='ocrx_word' id='word_1_61' title='bbox 856 912 1064 967; x_wconf 90' lang='lat' dir='ltr'>ducem;</span> <span class='ocrx_word' id='word_1_62' title='bbox 1105 911 1327 973; x_wconf 88' lang='lat' dir='ltr'>flatuque</span> <span class='ocrx_word' id='word_1_63' title='bbox 1353 910 1572 957; x_wconf 89' lang='lat' dir='ltr'>secundo</span> 
     </span>
     <span class='ocr_line' id='line_1_11' title="bbox 245 987 1626 1050; baseline -0.001 -16"><span class='ocrx_word' id='word_1_64' title='bbox 245 988 463 1034; x_wconf 91' lang='lat' dir='ltr'>Lucibus</span> <span class='ocrx_word' id='word_1_65' title='bbox 488 990 587 1034; x_wconf 75' lang='lat' dir='ltr'>isse</span> <span class='ocrx_word' id='word_1_66' title='bbox 612 1003 805 1042; x_wconf 87' lang='lat' dir='ltr'>novem,</span> <span class='ocrx_word' id='word_1_67' title='bbox 829 995 879 1034; x_wconf 91' lang='lat' dir='ltr'>et</span> <span class='ocrx_word' id='word_1_68' title='bbox 904 994 1087 1034; x_wconf 89' lang='lat' dir='ltr'>terram</span> <span class='ocrx_word' id='word_1_69' title='bbox 1108 987 1365 1050; x_wconf 82' lang='lat' dir='ltr'>aspexisse</span> <span class='ocrx_word' id='word_1_70' title='bbox 1392 987 1626 1050; x_wconf 90' lang='lat' dir='ltr'>petitam:</span> 
     </span>
     <span class='ocr_line' id='line_1_12' title="bbox 242 1063 1614 1127; baseline -0.001 -16"><span class='ocrx_word' id='word_1_71' title='bbox 242 1064 479 1111; x_wconf 81' lang='lat' dir='ltr'>Proxima</span> <span class='ocrx_word' id='word_1_72' title='bbox 504 1071 618 1127; x_wconf 87' lang='lat' dir='ltr'>post</span> <span class='ocrx_word' id='word_1_73' title='bbox 642 1079 822 1110; x_wconf 87' lang='lat' dir='ltr'>nonam</span> <span class='ocrx_word' id='word_1_74' title='bbox 848 1080 1002 1126; x_wconf 90' lang='lat' dir='ltr'>quum</span> <span class='ocrx_word' id='word_1_75' title='bbox 1028 1079 1138 1110; x_wconf 90' lang='lat' dir='ltr'>sese</span> <span class='ocrx_word' id='word_1_76' title='bbox 1165 1063 1356 1110; x_wconf 86' lang='lat' dir='ltr'>Aurora</span> <span class='ocrx_word' id='word_1_77' title='bbox 1381 1070 1614 1118; x_wconf 87' lang='lat' dir='ltr'>moveret,</span> 
     </span>
     <span class='ocr_line' id='line_1_13' title="bbox 241 1139 1410 1203; baseline -0.001 -16"><span class='ocrx_word' id='word_1_78' title='bbox 241 1140 435 1187; x_wconf 85' lang='lat' dir='ltr'>Invidia</span> <span class='ocrx_word' id='word_1_79' title='bbox 460 1140 620 1187; x_wconf 88' lang='lat' dir='ltr'>socios</span> <span class='ocrx_word' id='word_1_80' title='bbox 646 1140 930 1203; x_wconf 85' lang='lat' dir='ltr'>praedaeque</span> <span class='ocrx_word' id='word_1_81' title='bbox 955 1139 1190 1203; x_wconf 89' lang='lat' dir='ltr'>cupidine</span> <span class='ocrx_word' id='word_1_82' title='bbox 1215 1140 1410 1195; x_wconf 89' lang='lat' dir='ltr'>ductos,</span> 
     </span>
     <span class='ocr_line' id='line_1_14' title="bbox 245 1216 1630 1279; baseline -0.002 -14"><span class='ocrx_word' id='word_1_83' title='bbox 245 1218 372 1265; x_wconf 91' lang='lat' dir='ltr'>Esse</span> <span class='ocrx_word' id='word_1_84' title='bbox 396 1224 527 1264; x_wconf 87' lang='lat' dir='ltr'>ratos</span> <span class='ocrx_word' id='word_1_85' title='bbox 548 1233 736 1271; x_wconf 90' lang='lat' dir='ltr'>aurum,</span> <span class='ocrx_word' id='word_1_86' title='bbox 759 1217 1037 1279; x_wconf 89' lang='lat' dir='ltr'>dempsisse</span> <span class='ocrx_word' id='word_1_87' title='bbox 1062 1216 1299 1278; x_wconf 84' lang='lat' dir='ltr'>ligamina</span> <span class='ocrx_word' id='word_1_88' title='bbox 1315 1216 1475 1263; x_wconf 82' lang='lat' dir='ltr'>ventis</span> <span class='ocrx_word' id='word_1_89' title='bbox 1498 1234 1508 1272; x_wconf 92' lang='lat'>;</span> <span class='ocrx_word' id='word_1_90' title='bbox 1533 1219 1630 1262; x_wconf 89' lang='grc'>230</span> 
     </span>
     <span class='ocr_line' id='line_1_15' title="bbox 245 1293 1630 1355; baseline -0.001 -14"><span class='ocrx_word' id='word_1_91' title='bbox 245 1295 374 1341; x_wconf 89' lang='lat' dir='ltr'>Cum</span> <span class='ocrx_word' id='word_1_92' title='bbox 396 1293 577 1355; x_wconf 93' lang='lat' dir='ltr'>quibus</span> <span class='ocrx_word' id='word_1_93' title='bbox 603 1294 700 1339; x_wconf 86' lang='lat' dir='ltr'>isse</span> <span class='ocrx_word' id='word_1_94' title='bbox 721 1299 868 1349; x_wconf 88' lang='lat' dir='ltr'>retro,</span> <span class='ocrx_word' id='word_1_95' title='bbox 896 1308 984 1355; x_wconf 91' lang='lat' dir='ltr'>per</span> <span class='ocrx_word' id='word_1_96' title='bbox 1003 1308 1128 1355; x_wconf 91' lang='lat' dir='ltr'>quas</span> <span class='ocrx_word' id='word_1_97' title='bbox 1155 1293 1300 1339; x_wconf 90' lang='lat' dir='ltr'>modo</span> <span class='ocrx_word' id='word_1_98' title='bbox 1319 1300 1521 1339; x_wconf 82' lang='lat' dir='ltr'>venerat</span> <span class='ocrx_word' id='word_1_99' title='bbox 1540 1309 1630 1339; x_wconf 90' lang='lat' dir='ltr'>un—</span> 
     </span>
     <span class='ocr_line' id='line_1_16' title="bbox 244 1369 1630 1432; baseline -0.001 -16"><span class='ocrx_word' id='word_1_100' title='bbox 244 1370 494 1432; x_wconf 89' lang='lat' dir='ltr'>AEoliique</span> <span class='ocrx_word' id='word_1_101' title='bbox 519 1376 675 1415; x_wconf 88' lang='lat' dir='ltr'>ratem</span> <span class='ocrx_word' id='word_1_102' title='bbox 699 1376 870 1431; x_wconf 87' lang='lat' dir='ltr'>portus</span> <span class='ocrx_word' id='word_1_103' title='bbox 895 1369 1138 1431; x_wconf 89' lang='lat' dir='ltr'>repetisse</span> <span class='ocrx_word' id='word_1_104' title='bbox 1162 1369 1377 1432; x_wconf 80' lang='lat' dir='ltr'>tyranni.</span> <span class='ocrx_word' id='word_1_105' title='bbox 1502 1369 1630 1430; x_wconf 89' lang='lat' dir='ltr'>[das,</span> 
     </span>
     <span class='ocr_line' id='line_1_17' title="bbox 245 1444 1629 1507; baseline -0.001 -15"><span class='ocrx_word' id='word_1_106' title='bbox 245 1446 370 1493; x_wconf 89' lang='lat' dir='ltr'>Inde</span> <span class='ocrx_word' id='word_1_107' title='bbox 398 1445 536 1492; x_wconf 87' lang='lat' dir='ltr'>Lami</span> <span class='ocrx_word' id='word_1_108' title='bbox 558 1451 777 1492; x_wconf 90' lang='lat' dir='ltr'>veterem</span> <span class='ocrx_word' id='word_1_109' title='bbox 806 1444 1158 1506; x_wconf 81' lang='lat' dir='ltr'>Laestrygonis,</span> <span class='ocrx_word' id='word_1_110' title='bbox 1178 1445 1357 1507; x_wconf 89' lang='lat' dir='ltr'>inquit,</span> <span class='ocrx_word' id='word_1_111' title='bbox 1384 1445 1434 1490; x_wconf 92' lang='lat' dir='ltr'>in</span> <span class='ocrx_word' id='word_1_112' title='bbox 1458 1445 1629 1492; x_wconf 88' lang='lat' dir='ltr'>urbem</span> 
     </span>
     <span class='ocr_line' id='line_1_18' title="bbox 244 1521 1472 1584; baseline 0 -16"><span class='ocrx_word' id='word_1_113' title='bbox 244 1522 501 1570; x_wconf 87' lang='lat' dir='ltr'>Venimus.</span> <span class='ocrx_word' id='word_1_114' title='bbox 555 1522 854 1584; x_wconf 85' lang='lat' dir='ltr'>Antiphates</span> <span class='ocrx_word' id='word_1_115' title='bbox 879 1529 1010 1568; x_wconf 91' lang='lat' dir='ltr'>terra</span> <span class='ocrx_word' id='word_1_116' title='bbox 1034 1522 1275 1583; x_wconf 85' lang='lat' dir='ltr'>regnabat</span> <span class='ocrx_word' id='word_1_117' title='bbox 1294 1521 1343 1566; x_wconf 88' lang='lat' dir='ltr'>in</span> <span class='ocrx_word' id='word_1_118' title='bbox 1362 1521 1472 1577; x_wconf 91' lang='lat' dir='ltr'>illa;</span> 
     </span>
     <span class='ocr_line' id='line_1_19' title="bbox 246 1597 1632 1661; baseline -0.001 -15"><span class='ocrx_word' id='word_1_119' title='bbox 246 1598 434 1646; x_wconf 88' lang='lat' dir='ltr'>Missus</span> <span class='ocrx_word' id='word_1_120' title='bbox 464 1599 525 1644; x_wconf 88' lang='lat' dir='ltr'>ad</span> <span class='ocrx_word' id='word_1_121' title='bbox 558 1598 688 1645; x_wconf 89' lang='lat' dir='ltr'>hunc</span> <span class='ocrx_word' id='word_1_122' title='bbox 714 1614 806 1661; x_wconf 91' lang='lat' dir='ltr'>ego</span> <span class='ocrx_word' id='word_1_123' title='bbox 833 1614 958 1655; x_wconf 91' lang='lat' dir='ltr'>sum,</span> <span class='ocrx_word' id='word_1_124' title='bbox 987 1614 1191 1646; x_wconf 90' lang='lat' dir='ltr'>numero</span> <span class='ocrx_word' id='word_1_125' title='bbox 1217 1597 1486 1645; x_wconf 89' lang='lat' dir='ltr'>comitante</span> <span class='ocrx_word' id='word_1_126' title='bbox 1511 1598 1632 1644; x_wconf 90' lang='lat' dir='ltr'>duo-</span> 
     </span>
     <span class='ocr_line' id='line_1_20' title="bbox 445 1677 1634 1722; baseline 0 -2"><span class='ocrx_word' id='word_1_127' title='bbox 445 1691 576 1722; x_wconf 89' lang='lat' dir='ltr'>rum:</span> <span class='ocrx_word' id='word_1_128' title='bbox 1538 1677 1634 1721; x_wconf 81' lang='lat'>235</span> 
     </span>
     <span class='ocr_line' id='line_1_21' title="bbox 246 1750 1574 1815; baseline -0.002 -17"><span class='ocrx_word' id='word_1_129' title='bbox 246 1752 446 1814; x_wconf 85' lang='lat' dir='ltr'>Vixque</span> <span class='ocrx_word' id='word_1_130' title='bbox 471 1750 590 1813; x_wconf 86' lang='lat' dir='ltr'>fuga</span> <span class='ocrx_word' id='word_1_131' title='bbox 615 1751 826 1813; x_wconf 81' lang='lat' dir='ltr'>quaesita</span> <span class='ocrx_word' id='word_1_132' title='bbox 851 1753 984 1798; x_wconf 91' lang='lat' dir='ltr'>salus</span> <span class='ocrx_word' id='word_1_133' title='bbox 1010 1752 1296 1815; x_wconf 85' lang='lat' dir='ltr'>comitique,</span> <span class='ocrx_word' id='word_1_134' title='bbox 1324 1751 1574 1813; x_wconf 85' lang='lat' dir='ltr'>mihique;</span> 
     </span>
     <span class='ocr_line' id='line_1_22' title="bbox 247 1827 1381 1893; baseline -0.001 -18"><span class='ocrx_word' id='word_1_135' title='bbox 247 1828 446 1875; x_wconf 89' lang='lat' dir='ltr'>Tertius</span> <span class='ocrx_word' id='word_1_136' title='bbox 471 1843 498 1874; x_wconf 90' lang='lat' dir='ltr'>e</span> <span class='ocrx_word' id='word_1_137' title='bbox 523 1827 665 1874; x_wconf 90' lang='lat' dir='ltr'>nobis</span> <span class='ocrx_word' id='word_1_138' title='bbox 694 1827 1030 1892; x_wconf 83' lang='lat' dir='ltr'>Laestrygonis</span> <span class='ocrx_word' id='word_1_139' title='bbox 1057 1829 1209 1893; x_wconf 86' lang='lat' dir='ltr'>impia</span> <span class='ocrx_word' id='word_1_140' title='bbox 1232 1828 1381 1875; x_wconf 87' lang='lat' dir='ltr'>tinxit</span> 
     </span>
     <span class='ocr_line' id='line_1_23' title="bbox 249 1904 1517 1967; baseline -0.002 -15"><span class='ocrx_word' id='word_1_141' title='bbox 249 1905 352 1952; x_wconf 89' lang='lat' dir='ltr'>Ora</span> <span class='ocrx_word' id='word_1_142' title='bbox 376 1920 548 1951; x_wconf 91' lang='lat' dir='ltr'>cruore</span> <span class='ocrx_word' id='word_1_143' title='bbox 575 1921 663 1951; x_wconf 90' lang='lat' dir='ltr'>suo</span> <span class='ocrx_word' id='word_1_144' title='bbox 687 1921 695 1951; x_wconf 91' lang='lat'>:</span> <span class='ocrx_word' id='word_1_145' title='bbox 736 1904 1039 1967; x_wconf 82' lang='lat' dir='ltr'>fugientibus</span> <span class='ocrx_word' id='word_1_146' title='bbox 1066 1906 1234 1961; x_wconf 90' lang='lat' dir='ltr'>instat,</span> <span class='ocrx_word' id='word_1_147' title='bbox 1263 1912 1314 1952; x_wconf 90' lang='lat' dir='ltr'>et</span> <span class='ocrx_word' id='word_1_148' title='bbox 1339 1920 1517 1967; x_wconf 88' lang='lat' dir='ltr'>agmen</span> 
     </span>
    </p>
   </div>
   <div class='ocr_carea' id='block_1_3' title="bbox 247 2031 912 2754">
    <p class='ocr_par' dir='ltr' id='par_1_3' title="bbox 247 2031 912 2602">
     <span class='ocr_line' id='line_1_24' title="bbox 290 2031 905 2072; baseline -0.003 -8"><span class='ocrx_word' id='word_1_149' title='bbox 290 2034 365 2064; x_wconf 81' lang='lat'><strong>223.</strong></span> <span class='ocrx_word' id='word_1_150' title='bbox 397 2034 502 2063; x_wconf 82' lang='lat' dir='ltr'>AEolon</span> <span class='ocrx_word' id='word_1_151' title='bbox 532 2034 584 2063; x_wconf 80' lang='lat' dir='ltr'>ille</span> <span class='ocrx_word' id='word_1_152' title='bbox 610 2032 713 2072; x_wconf 77' lang='lat' dir='ltr'>refert,</span> <span class='ocrx_word' id='word_1_153' title='bbox 740 2031 816 2072; x_wconf 90' lang='lat' dir='ltr'>etc.]</span> <span class='ocrx_word' id='word_1_154' title='bbox 852 2033 905 2062; x_wconf 79' lang='lat' dir='ltr'>Se-</span> 
     </span>
     <span class='ocr_line' id='line_1_25' title="bbox 248 2080 908 2123; baseline -0.003 -11"><span class='ocrx_word' id='word_1_155' title='bbox 248 2087 385 2123; x_wconf 85' lang='lat' dir='ltr'>quuntur</span> <span class='ocrx_word' id='word_1_156' title='bbox 401 2081 465 2112; x_wconf 82' lang='lat' dir='ltr'>fata</span> <span class='ocrx_word' id='word_1_157' title='bbox 480 2081 601 2122; x_wconf 87' lang='lat' dir='ltr'>Ulyssis</span> <span class='ocrx_word' id='word_1_158' title='bbox 623 2091 659 2111; x_wconf 80' lang='lat' dir='ltr'>ex</span> <span class='ocrx_word' id='word_1_159' title='bbox 682 2081 828 2117; x_wconf 88' lang='lat' dir='ltr'>Homero,</span> <span class='ocrx_word' id='word_1_160' title='bbox 845 2080 908 2111; x_wconf 85' lang='lat' dir='ltr'><strong>Od.</strong></span> 
     </span>
     <span class='ocr_line' id='line_1_26' title="bbox 247 2129 908 2170; baseline -0.003 -9"><span class='ocrx_word' id='word_1_161' title='bbox 247 2134 291 2161; x_wconf 87' lang='lat' dir='ltr'>K.</span> <span class='ocrx_word' id='word_1_162' title='bbox 313 2129 446 2160; x_wconf 81' lang='lat' dir='ltr'>fideliter</span> <span class='ocrx_word' id='word_1_163' title='bbox 469 2139 625 2170; x_wconf 82' lang='lat' dir='ltr'>expressa.</span> <span class='ocrx_word' id='word_1_164' title='bbox 671 2130 776 2158; x_wconf 67' lang='lat' dir='ltr'>AE&#39;olus</span> <span class='ocrx_word' id='word_1_165' title='bbox 799 2139 908 2169; x_wconf 87' lang='lat' dir='ltr'>regna-</span> 
     </span>
     <span class='ocr_line' id='line_1_27' title="bbox 247 2177 908 2218; baseline -0.002 -9"><span class='ocrx_word' id='word_1_166' title='bbox 247 2180 303 2209; x_wconf 89' lang='lat' dir='ltr'>bat</span> <span class='ocrx_word' id='word_1_167' title='bbox 318 2179 348 2209; x_wconf 89' lang='lat' dir='ltr'>in</span> <span class='ocrx_word' id='word_1_168' title='bbox 365 2188 427 2209; x_wconf 91' lang='lat' dir='ltr'>una</span> <span class='ocrx_word' id='word_1_169' title='bbox 442 2189 479 2209; x_wconf 79' lang='lat' dir='ltr'>ex</span> <span class='ocrx_word' id='word_1_170' title='bbox 496 2177 606 2208; x_wconf 87' lang='lat' dir='ltr'>insulis</span> <span class='ocrx_word' id='word_1_171' title='bbox 622 2177 826 2218; x_wconf 68' lang='lat' dir='ltr'>.²Eoliis,quae</span> <span class='ocrx_word' id='word_1_172' title='bbox 842 2177 908 2208; x_wconf 88' lang='lat' dir='ltr'>sitae</span> 
     </span>
     <span class='ocr_line' id='line_1_28' title="bbox 248 2226 909 2262; baseline -0.003 -4"><span class='ocrx_word' id='word_1_173' title='bbox 248 2235 336 2259; x_wconf 85' lang='lat' dir='ltr'>erant</span> <span class='ocrx_word' id='word_1_174' title='bbox 358 2227 389 2257; x_wconf 93' lang='lat' dir='ltr'>in</span> <span class='ocrx_word' id='word_1_175' title='bbox 412 2226 488 2257; x_wconf 84' lang='lat' dir='ltr'>mari</span> <span class='ocrx_word' id='word_1_176' title='bbox 511 2227 627 2257; x_wconf 82' lang='lat' dir='ltr'>Tusco.</span> <span class='ocrx_word' id='word_1_177' title='bbox 673 2227 715 2262; x_wconf 90' lang='lat' dir='ltr'>Is,</span> <span class='ocrx_word' id='word_1_178' title='bbox 739 2226 909 2257; x_wconf 87' lang='lat' dir='ltr'>secundum</span> 
     </span>
     <span class='ocr_line' id='line_1_29' title="bbox 250 2275 911 2312; baseline -0.002 -5"><span class='ocrx_word' id='word_1_179' title='bbox 250 2278 430 2312; x_wconf 85' lang='lat' dir='ltr'>Homerum,</span> <span class='ocrx_word' id='word_1_180' title='bbox 462 2275 581 2306; x_wconf 87' lang='lat' dir='ltr'>utribus</span> <span class='ocrx_word' id='word_1_181' title='bbox 618 2276 754 2306; x_wconf 86' lang='lat' dir='ltr'>inclusos</span> <span class='ocrx_word' id='word_1_182' title='bbox 787 2275 911 2306; x_wconf 86' lang='lat' dir='ltr'>cohibet</span> 
     </span>
     <span class='ocr_line' id='line_1_30' title="bbox 249 2323 911 2365; baseline -0.002 -10"><span class='ocrx_word' id='word_1_183' title='bbox 249 2331 368 2360; x_wconf 87' lang='lat' dir='ltr'>ventos,</span> <span class='ocrx_word' id='word_1_184' title='bbox 389 2323 494 2365; x_wconf 89' lang='lat' dir='ltr'>itaque</span> <span class='ocrx_word' id='word_1_185' title='bbox 514 2323 607 2354; x_wconf 83' lang='lat' dir='ltr'>etiam</span> <span class='ocrx_word' id='word_1_186' title='bbox 625 2323 731 2365; x_wconf 72' lang='lat' dir='ltr'>Ulyssi</span> <span class='ocrx_word' id='word_1_187' title='bbox 753 2334 805 2354; x_wconf 88' lang='lat' dir='ltr'>eos</span> <span class='ocrx_word' id='word_1_188' title='bbox 824 2323 911 2354; x_wconf 87' lang='lat' dir='ltr'>dedit</span> 
     </span>
     <span class='ocr_line' id='line_1_31' title="bbox 251 2373 909 2413; baseline -0.003 -9"><span class='ocrx_word' id='word_1_189' title='bbox 251 2376 327 2404; x_wconf 79' lang='lat' dir='ltr'>boris</span> <span class='ocrx_word' id='word_1_190' title='bbox 341 2374 468 2404; x_wconf 72' lang='lat' dir='ltr'>inclusos</span> <span class='ocrx_word' id='word_1_191' title='bbox 481 2379 584 2413; x_wconf 75' lang='lat' dir='ltr'>terg0‚·</span> <span class='ocrx_word' id='word_1_192' title='bbox 603 2373 767 2408; x_wconf 85' lang='lat' dir='ltr'>Homerus,</span> <span class='ocrx_word' id='word_1_193' title='bbox 779 2382 841 2403; x_wconf 82' lang='lat' dir='ltr'>ver.</span> <span class='ocrx_word' id='word_1_194' title='bbox 858 2373 909 2403; x_wconf 85' lang='lat'><strong>19.</strong></span> 
     </span>
     <span class='ocr_line' id='line_1_32' title="bbox 250 2420 910 2463; baseline -0.005 -9"><span class='ocrx_word' id='word_1_195' title='bbox 250 2423 356 2463; x_wconf 79' lang='grc' dir='ltr'><em>ὂείρας</em></span> <span class='ocrx_word' id='word_1_196' title='bbox 387 2421 489 2452; x_wconf 87' lang='grc' dir='ltr'>ἀσκὸν</span> <span class='ocrx_word' id='word_1_197' title='bbox 524 2420 602 2460; x_wconf 82' lang='grc' dir='ltr'><em>βοὸς</em></span> <span class='ocrx_word' id='word_1_198' title='bbox 638 2420 815 2462; x_wconf 78' lang='grc' dir='ltr'>ἐννεώροιο.</span> <span class='ocrx_word' id='word_1_199' title='bbox 860 2421 910 2451; x_wconf 90' lang='lat' dir='ltr'>De</span> 
     </span>
     <span class='ocr_line' id='line_1_33' title="bbox 254 2469 912 2511; baseline -0.003 -9"><span class='ocrx_word' id='word_1_200' title='bbox 254 2472 422 2511; x_wconf 83' lang='lat' dir='ltr'>Hippotade</span> <span class='ocrx_word' id='word_1_201' title='bbox 442 2476 473 2500; x_wconf 86' lang='lat' dir='ltr'>et</span> <span class='ocrx_word' id='word_1_202' title='bbox 493 2481 612 2500; x_wconf 78' lang='lat' dir='ltr'>carcere</span> <span class='ocrx_word' id='word_1_203' title='bbox 629 2476 787 2500; x_wconf 85' lang='lat' dir='ltr'>ventorum</span> <span class='ocrx_word' id='word_1_204' title='bbox 808 2469 912 2500; x_wconf 88' lang='lat' dir='ltr'>confer</span> 
     </span>
     <span class='ocr_line' id='line_1_34' title="bbox 250 2518 912 2560; baseline -0.003 -9"><span class='ocrx_word' id='word_1_205' title='bbox 250 2521 294 2551; x_wconf 74' lang='lat' dir='ltr'>iv,</span> <span class='ocrx_word' id='word_1_206' title='bbox 326 2520 399 2550; x_wconf 82' lang='lat'><strong>662.</strong></span> <span class='ocrx_word' id='word_1_207' title='bbox 449 2519 591 2555; x_wconf 79' lang='lat' dir='ltr'>Petitam,</span> <span class='ocrx_word' id='word_1_208' title='bbox 621 2529 732 2560; x_wconf 87' lang='lat' dir='ltr'>nempe</span> <span class='ocrx_word' id='word_1_209' title='bbox 762 2518 912 2560; x_wconf 77' lang='lat' dir='ltr'>patriam3</span> 
     </span>
     <span class='ocr_line' id='line_1_35' title="bbox 252 2567 564 2602; baseline -0.003 -4"><span class='ocrx_word' id='word_1_210' title='bbox 252 2569 417 2602; x_wconf 80' lang='lat' dir='ltr'>Homerus,</span> <span class='ocrx_word' id='word_1_211' title='bbox 433 2577 497 2597; x_wconf 85' lang='lat' dir='ltr'>ver.</span> <span class='ocrx_word' id='word_1_212' title='bbox 511 2567 564 2597; x_wconf 85' lang='lat'><strong>29.</strong></span> 
     </span>
    </p>

    <p class='ocr_par' dir='ltr' id='par_1_4' title="bbox 252 2614 910 2754">
     <span class='ocr_line' id='line_1_36' title="bbox 285 2614 909 2656; baseline -0.003 -10"><span class='ocrx_word' id='word_1_213' title='bbox 285 2617 359 2646; x_wconf 83' lang='lat'><strong>229.</strong></span> <span class='ocrx_word' id='word_1_214' title='bbox 374 2615 506 2651; x_wconf 71' lang='lat' dir='ltr'>Invidia,</span> <span class='ocrx_word' id='word_1_215' title='bbox 517 2615 691 2646; x_wconf 85' lang='lat' dir='ltr'>invidentes</span> <span class='ocrx_word' id='word_1_216' title='bbox 700 2614 805 2656; x_wconf 73' lang='lat' dir='ltr'>Ulyssi</span> <span class='ocrx_word' id='word_1_217' title='bbox 817 2625 909 2656; x_wconf 85' lang='lat' dir='ltr'>quem</span> 
     </span>
     <span class='ocr_line' id='line_1_37' title="bbox 253 2663 910 2705; baseline -0.002 -11"><span class='ocrx_word' id='word_1_218' title='bbox 253 2664 351 2694; x_wconf 86' lang='lat' dir='ltr'>solum</span> <span class='ocrx_word' id='word_1_219' title='bbox 368 2675 415 2694; x_wconf 74' lang='lat' dir='ltr'>res</span> <span class='ocrx_word' id='word_1_220' title='bbox 438 2664 585 2705; x_wconf 86' lang='lat' dir='ltr'>pretiosas</span> <span class='ocrx_word' id='word_1_221' title='bbox 603 2674 708 2694; x_wconf 86' lang='lat' dir='ltr'>secum</span> <span class='ocrx_word' id='word_1_222' title='bbox 729 2664 760 2693; x_wconf 91' lang='lat' dir='ltr'>in</span> <span class='ocrx_word' id='word_1_223' title='bbox 780 2663 910 2705; x_wconf 85' lang='lat' dir='ltr'>patriam</span> 
     </span>
     <span class='ocr_line' id='line_1_38' title="bbox 252 2712 910 2754; baseline 0 -11"><span class='ocrx_word' id='word_1_224' title='bbox 252 2714 364 2743; x_wconf 89' lang='lat' dir='ltr'>ducere</span> <span class='ocrx_word' id='word_1_225' title='bbox 375 2719 517 2754; x_wconf 86' lang='lat' dir='ltr'>putarent</span> <span class='ocrx_word' id='word_1_226' title='bbox 529 2725 537 2751; x_wconf 64' lang='grc' dir='ltr'>ς</span> <span class='ocrx_word' id='word_1_227' title='bbox 562 2713 654 2743; x_wconf 88' lang='lat' dir='ltr'>Hom.</span> <span class='ocrx_word' id='word_1_228' title='bbox 666 2712 729 2743; x_wconf 87' lang='lat' dir='ltr'><strong>Od.</strong></span> <span class='ocrx_word' id='word_1_229' title='bbox 741 2716 780 2743; x_wconf 89' lang='lat' dir='ltr'>K.</span> <span class='ocrx_word' id='word_1_230' title='bbox 792 2713 832 2742; x_wconf 84' lang='lat'>40</span> <span class='ocrx_word' id='word_1_231' title='bbox 842 2723 910 2753; x_wconf 85' lang='lat' dir='ltr'>sqq.</span> 
     </span>
    </p>
   </div>
   <div class='ocr_carea' id='block_1_4' title="bbox 976 2031 1640 2754">
    <p class='ocr_par' dir='ltr' id='par_1_5' title="bbox 976 2031 1640 2700">
     <span class='ocr_line' id='line_1_39' title="bbox 1018 2031 1636 2071; baseline -0.002 -8"><span class='ocrx_word' id='word_1_232' title='bbox 1018 2033 1092 2063; x_wconf 87' lang='lat'><strong>233.</strong></span> <span class='ocrx_word' id='word_1_233' title='bbox 1117 2033 1193 2062; x_wconf 80' lang='lat' dir='ltr'>Inde</span> <span class='ocrx_word' id='word_1_234' title='bbox 1222 2031 1321 2067; x_wconf 82' lang='lat' dir='ltr'>Lami,</span> <span class='ocrx_word' id='word_1_235' title='bbox 1350 2031 1431 2071; x_wconf 84' lang='lat' dir='ltr'>etc.]</span> <span class='ocrx_word' id='word_1_236' title='bbox 1473 2031 1636 2067; x_wconf 74' lang='lat' dir='ltr'>Homerus,</span> 
     </span>
     <span class='ocr_line' id='line_1_40' title="bbox 976 2079 1638 2121; baseline -0.002 -9"><span class='ocrx_word' id='word_1_237' title='bbox 976 2081 1038 2112; x_wconf 91' lang='lat' dir='ltr'><strong>Od.</strong></span> <span class='ocrx_word' id='word_1_238' title='bbox 1051 2085 1092 2112; x_wconf 90' lang='lat' dir='ltr'>K.</span> <span class='ocrx_word' id='word_1_239' title='bbox 1107 2082 1158 2111; x_wconf 83' lang='lat'><strong>81.</strong></span> <span class='ocrx_word' id='word_1_240' title='bbox 1173 2080 1322 2121; x_wconf 78' lang='grc' dir='ltr'>ἱκόμεσθα</span> <span class='ocrx_word' id='word_1_241' title='bbox 1336 2080 1449 2121; x_wconf 81' lang='grc' dir='ltr'>Λάμον</span> <span class='ocrx_word' id='word_1_242' title='bbox 1464 2079 1546 2111; x_wconf 79' lang='grc' dir='ltr'>αἰπὺ</span> <span class='ocrx_word' id='word_1_243' title='bbox 1558 2092 1638 2111; x_wconf 84' lang='grc' dir='ltr'>πτο-</span> 
     </span>
     <span class='ocr_line' id='line_1_41' title="bbox 976 2129 1639 2171; baseline -0.005 -10"><span class='ocrx_word' id='word_1_244' title='bbox 976 2130 1119 2171; x_wconf 76' lang='grc' dir='ltr'>λίεθρον.</span> <span class='ocrx_word' id='word_1_245' title='bbox 1138 2130 1249 2159; x_wconf 79' lang='lat' dir='ltr'>Lamus</span> <span class='ocrx_word' id='word_1_246' title='bbox 1261 2129 1494 2170; x_wconf 85' lang='lat' dir='ltr'>antiquissimus</span> <span class='ocrx_word' id='word_1_247' title='bbox 1507 2129 1639 2170; x_wconf 85' lang='lat' dir='ltr'>Laestry-</span> 
     </span>
     <span class='ocr_line' id='line_1_42' title="bbox 977 2177 1637 2220; baseline -0.005 -10"><span class='ocrx_word' id='word_1_248' title='bbox 977 2190 1092 2220; x_wconf 87' lang='lat' dir='ltr'>gonum</span> <span class='ocrx_word' id='word_1_249' title='bbox 1108 2189 1160 2209; x_wconf 84' lang='lat' dir='ltr'>rex</span> <span class='ocrx_word' id='word_1_250' title='bbox 1179 2178 1257 2215; x_wconf 80' lang='lat' dir='ltr'>fuit;</span> <span class='ocrx_word' id='word_1_251' title='bbox 1283 2179 1336 2219; x_wconf 89' lang='lat' dir='ltr'>qui</span> <span class='ocrx_word' id='word_1_252' title='bbox 1354 2177 1461 2219; x_wconf 82' lang='lat' dir='ltr'>populi</span> <span class='ocrx_word' id='word_1_253' title='bbox 1482 2183 1570 2208; x_wconf 84' lang='lat' dir='ltr'>erant</span> <span class='ocrx_word' id='word_1_254' title='bbox 1590 2177 1637 2208; x_wconf 88' lang='lat' dir='ltr'>fe-</span> 
     </span>
     <span class='ocr_line' id='line_1_43' title="bbox 978 2226 1638 2267; baseline -0.003 -9"><span class='ocrx_word' id='word_1_255' title='bbox 978 2228 1068 2258; x_wconf 82' lang='lat' dir='ltr'>ritate</span> <span class='ocrx_word' id='word_1_256' title='bbox 1089 2227 1197 2257; x_wconf 84' lang='lat' dir='ltr'>famosi</span> <span class='ocrx_word' id='word_1_257' title='bbox 1216 2226 1247 2257; x_wconf 89' lang='lat' dir='ltr'>in</span> <span class='ocrx_word' id='word_1_258' title='bbox 1269 2226 1379 2257; x_wconf 90' lang='lat' dir='ltr'>ultimo</span> <span class='ocrx_word' id='word_1_259' title='bbox 1400 2226 1500 2256; x_wconf 87' lang='lat' dir='ltr'>Italiae</span> <span class='ocrx_word' id='word_1_260' title='bbox 1524 2226 1638 2267; x_wconf 86' lang='lat' dir='ltr'>angulo</span> 
     </span>
     <span class='ocr_line' id='line_1_44' title="bbox 978 2274 1637 2315; baseline -0.003 -9"><span class='ocrx_word' id='word_1_261' title='bbox 978 2275 1165 2306; x_wconf 82' lang='lat' dir='ltr'>habitantes.</span> <span class='ocrx_word' id='word_1_262' title='bbox 1211 2274 1263 2305; x_wconf 89' lang='lat' dir='ltr'>Ad</span> <span class='ocrx_word' id='word_1_263' title='bbox 1279 2285 1330 2305; x_wconf 89' lang='lat' dir='ltr'>eos</span> <span class='ocrx_word' id='word_1_264' title='bbox 1341 2285 1436 2315; x_wconf 89' lang='lat' dir='ltr'>quum</span> <span class='ocrx_word' id='word_1_265' title='bbox 1446 2274 1532 2304; x_wconf 90' lang='lat' dir='ltr'>venit</span> <span class='ocrx_word' id='word_1_266' title='bbox 1543 2274 1637 2315; x_wconf 87' lang='lat' dir='ltr'>Ulys-</span> 
     </span>
     <span class='ocr_line' id='line_1_45' title="bbox 976 2323 1636 2365; baseline -0.005 -10"><span class='ocrx_word' id='word_1_267' title='bbox 976 2335 1035 2359; x_wconf 81' lang='lat' dir='ltr'>ses,</span> <span class='ocrx_word' id='word_1_268' title='bbox 1054 2323 1241 2365; x_wconf 79' lang='lat' dir='ltr'>Antiphates</span> <span class='ocrx_word' id='word_1_269' title='bbox 1261 2324 1424 2364; x_wconf 84' lang='lat' dir='ltr'>regnabat,</span> <span class='ocrx_word' id='word_1_270' title='bbox 1439 2333 1457 2352; x_wconf 87' lang='lat' dir='ltr'>a</span> <span class='ocrx_word' id='word_1_271' title='bbox 1478 2333 1539 2364; x_wconf 92' lang='lat' dir='ltr'>quo</span> <span class='ocrx_word' id='word_1_272' title='bbox 1562 2333 1636 2353; x_wconf 89' lang='lat' dir='ltr'>non-</span> 
     </span>
     <span class='ocr_line' id='line_1_46' title="bbox 978 2372 1636 2413; baseline -0.003 -9"><span class='ocrx_word' id='word_1_273' title='bbox 978 2373 1072 2404; x_wconf 88' lang='lat' dir='ltr'>nullis</span> <span class='ocrx_word' id='word_1_274' title='bbox 1083 2378 1114 2404; x_wconf 84' lang='lat' dir='ltr'>et</span> <span class='ocrx_word' id='word_1_275' title='bbox 1125 2373 1256 2403; x_wconf 86' lang='lat' dir='ltr'>navibus</span> <span class='ocrx_word' id='word_1_276' title='bbox 1264 2378 1295 2403; x_wconf 89' lang='lat' dir='ltr'>et</span> <span class='ocrx_word' id='word_1_277' title='bbox 1305 2372 1397 2402; x_wconf 82' lang='lat' dir='ltr'>sociis</span> <span class='ocrx_word' id='word_1_278' title='bbox 1407 2372 1464 2402; x_wconf 83' lang='lat' dir='ltr'>fuit</span> <span class='ocrx_word' id='word_1_279' title='bbox 1474 2372 1636 2413; x_wconf 88' lang='lat' dir='ltr'>spoliatus.</span> 
     </span>
     <span class='ocr_line' id='line_1_47' title="bbox 979 2420 1638 2463; baseline -0.003 -11"><span class='ocrx_word' id='word_1_280' title='bbox 979 2423 1184 2463; x_wconf 73' lang='lat' dir='ltr'>Lastrygones</span> <span class='ocrx_word' id='word_1_281' title='bbox 1210 2421 1349 2452; x_wconf 83' lang='lat' dir='ltr'>Formias</span> <span class='ocrx_word' id='word_1_282' title='bbox 1378 2420 1560 2462; x_wconf 87' lang='lat' dir='ltr'>Campaniae</span> <span class='ocrx_word' id='word_1_283' title='bbox 1591 2420 1638 2451; x_wconf 88' lang='lat' dir='ltr'>in-</span> 
     </span>
     <span class='ocr_line' id='line_1_48' title="bbox 978 2469 1637 2508; baseline -0.002 -7"><span class='ocrx_word' id='word_1_284' title='bbox 978 2471 1184 2508; x_wconf 82' lang='lat' dir='ltr'>habitabant3</span> <span class='ocrx_word' id='word_1_285' title='bbox 1225 2471 1307 2500; x_wconf 87' lang='lat' dir='ltr'>Plin.</span> <span class='ocrx_word' id='word_1_286' title='bbox 1344 2470 1388 2500; x_wconf 85' lang='lat' dir='ltr'>iii.</span> <span class='ocrx_word' id='word_1_287' title='bbox 1417 2472 1455 2507; x_wconf 85' lang='lat'>5;</span> <span class='ocrx_word' id='word_1_288' title='bbox 1491 2469 1559 2500; x_wconf 88' lang='lat' dir='ltr'>Cic.</span> <span class='ocrx_word' id='word_1_289' title='bbox 1599 2470 1637 2500; x_wconf 88' lang='lat' dir='ltr'>ad</span> 
     </span>
     <span class='ocr_line' id='line_1_49' title="bbox 978 2518 1640 2558; baseline 0 -10"><span class='ocrx_word' id='word_1_290' title='bbox 978 2518 1077 2549; x_wconf 77' lang='lat' dir='ltr'>Attio.</span> <span class='ocrx_word' id='word_1_291' title='bbox 1106 2518 1138 2548; x_wconf 92' lang='lat' dir='ltr'>ii.</span> <span class='ocrx_word' id='word_1_292' title='bbox 1171 2519 1228 2555; x_wconf 79' lang='lat'>133</span> <span class='ocrx_word' id='word_1_293' title='bbox 1258 2524 1407 2558; x_wconf 82' lang='lat' dir='ltr'>erantque</span> <span class='ocrx_word' id='word_1_294' title='bbox 1437 2518 1579 2558; x_wconf 86' lang='lat' dir='ltr'>gigantes</span> <span class='ocrx_word' id='word_1_295' title='bbox 1608 2525 1640 2548; x_wconf 76' lang='lat' dir='ltr'>et</span> 
     </span>
     <span class='ocr_line' id='line_1_50' title="bbox 976 2566 1639 2608; baseline -0.002 -10"><span class='ocrx_word' id='word_1_296' title='bbox 976 2566 1249 2608; x_wconf 77' lang='grc' dir='ltr'><em>ἁνθρωποφάγοι;</em></span> <span class='ocrx_word' id='word_1_297' title='bbox 1279 2568 1443 2602; x_wconf 85' lang='lat' dir='ltr'>Homerus,</span> <span class='ocrx_word' id='word_1_298' title='bbox 1473 2576 1535 2597; x_wconf 86' lang='lat' dir='ltr'>ver.</span> <span class='ocrx_word' id='word_1_299' title='bbox 1567 2567 1639 2597; x_wconf 87' lang='lat'><strong>120.</strong></span> 
     </span>
     <span class='ocr_line' id='line_1_51' title="bbox 978 2614 1637 2651; baseline -0.002 -6"><span class='ocrx_word' id='word_1_300' title='bbox 978 2615 1124 2650; x_wconf 74' lang='lat' dir='ltr'>Incultos,</span> <span class='ocrx_word' id='word_1_301' title='bbox 1141 2615 1171 2645; x_wconf 92' lang='lat' dir='ltr'>id</span> <span class='ocrx_word' id='word_1_302' title='bbox 1189 2622 1245 2651; x_wconf 85' lang='lat' dir='ltr'>est,</span> <span class='ocrx_word' id='word_1_303' title='bbox 1269 2614 1463 2651; x_wconf 86' lang='lat' dir='ltr'>inhumanos,</span> <span class='ocrx_word' id='word_1_304' title='bbox 1479 2625 1531 2645; x_wconf 88' lang='lat' dir='ltr'>eos</span> <span class='ocrx_word' id='word_1_305' title='bbox 1548 2621 1637 2646; x_wconf 82' lang='lat' dir='ltr'>vocat</span> 
     </span>
     <span class='ocr_line' id='line_1_52' title="bbox 978 2663 1384 2700; baseline 0 -6"><span class='ocrx_word' id='word_1_306' title='bbox 978 2664 1132 2700; x_wconf 86' lang='lat' dir='ltr'>Tibullus,</span> <span class='ocrx_word' id='word_1_307' title='bbox 1149 2664 1203 2695; x_wconf 86' lang='lat' dir='ltr'>lib.</span> <span class='ocrx_word' id='word_1_308' title='bbox 1220 2664 1278 2694; x_wconf 79' lang='lat' dir='ltr'>lv.</span> <span class='ocrx_word' id='word_1_309' title='bbox 1294 2663 1314 2693; x_wconf 91' lang='lat' dir='ltr'>i.</span> <span class='ocrx_word' id='word_1_310' title='bbox 1331 2665 1384 2694; x_wconf 89' lang='grc'>59.</span> 
     </span>
    </p>

    <p class='ocr_par' dir='ltr' id='par_1_6' title="bbox 1021 2712 1638 2754">
     <span class='ocr_line' id='line_1_53' title="bbox 1021 2712 1638 2754; baseline 0 -11"><span class='ocrx_word' id='word_1_311' title='bbox 1021 2713 1094 2743; x_wconf 84' lang='grc'>238.</span> <span class='ocrx_word' id='word_1_312' title='bbox 1131 2713 1242 2754; x_wconf 69' lang='lat' dir='ltr'>Agmen</span> <span class='ocrx_word' id='word_1_313' title='bbox 1273 2712 1432 2752; x_wconf 50' lang='lat' dir='ltr'>concitam]</span> <span class='ocrx_word' id='word_1_314' title='bbox 1474 2712 1638 2747; x_wconf 75' lang='lat' dir='ltr'>Homerus,</span> 
     </span>
    </p>
   </div>
  </div>
 </body>
</html>
