1779 3130
357 173 974 216 METAMORPHOSEON
1010 175 1129 218 LIB.
1161 176 1271 218 XV.
1416 178 1500 219 463

117 286 284 340 Quum
311 287 474 333 subito
498 287 621 333 vidit
645 287 958 337 frondescere
986 290 1229 336 Romulus
1255 291 1463 347 hastam,

117 361 242 415 Quae
267 363 432 409 radice
457 378 598 418 nova,
627 379 725 408 non
749 363 876 411 ferro
903 366 1069 412 stabat
1092 366 1284 420 adactO,

118 436 303 499 Etjam
329 454 427 483 non
454 439 623 492 telum,
652 439 739 485 sed
766 440 884 486 lenti
910 440 1104 486 viminis
1130 442 1272 487 arbor

122 513 237 560 Non
264 522 552 577 expectatas
578 515 730 561 dabat
755 517 1113 563 admirantibus
1139 517 1355 563 umbras.
1406 519 1501 564 564

183 589 272 636 VI.
298 590 399 636 Aut
424 606 513 636 sua
536 591 772 637 fluminea
792 607 945 653 quum
970 591 1093 637 vidit
1114 592 1272 654 Cipus
1300 592 1347 638 in
1369 593 1504 640 unda

119 665 333 721 Cornua,
356 665 481 711 vidit
505 666 652 721 enim,
681 666 957 728 falsamque
983 667 1031 712 in
1056 667 1268 727 imagine
1294 667 1504 715 credens

118 740 243 787 Esse
268 741 435 796 fidem,
463 741 630 802 digitis
657 741 719 787 ad
744 741 955 788 frontem
981 758 1114 805 saepe
1139 743 1323 797 relatis,

118 816 242 870 Quae
267 817 406 872 vidit,
433 817 626 878 tetigit:
667 833 759 864 nec
779 819 883 879 jam
909 834 998 864 sua
1022 818 1209 864 lumina
1232 819 1472 865 damnans

120 892 342 947 Restitit,
370 899 425 938 ut
448 893 604 939 victor
628 893 814 940 domito
840 894 1094 940 remeabat
1119 895 1180 940 ab
1206 894 1362 941 hoste.

119 967 200 1014 Ad
219 968 500 1030 coelumque
516 969 702 1024 oculos,
721 975 771 1015 et
790 969 965 1015 eodem
977 969 1177 1016 brachia
1191 969 1387 1025 tollens,
1409 973 1505 1017 570

121 1049 151 1068 “
166 1043 472 1106 Quidquid,''
485 1044 567 1099 ait,
589 1050 618 1067 ‘⁶
635 1044 828 1107 Superi,
843 1052 1060 1091 monstro
1072 1045 1503 1108 portenditurisot,

124 1120 224 1167 Seu
249 1121 417 1166 laetum
443 1127 535 1173 est,
562 1120 732 1182 patriae
757 1121 942 1175 laetum,
970 1120 1255 1183 populoque
1282 1119 1504 1173 Quirini:

121 1195 234 1242 Sive
260 1196 444 1250 minax,
472 1194 591 1241 mihi
617 1196 681 1241 sit
698 1195 741 1242 :⁹⁷
778 1196 1022 1258 viridique
1048 1212 1074 1243 e
1100 1197 1291 1259 cespite
1315 1195 1471 1242 factas

122 1271 300 1319 Placat
322 1272 536 1318 odoratis
562 1272 797 1317 herbosas
824 1271 1019 1333 ignibus
1046 1287 1181 1328 aras;

120 1347 350 1410 Vinaque
367 1348 453 1394 dat
474 1346 676 1410 pateris,
693 1354 1120 1410 mactatarumque
1136 1347 1394 1394 bidentum
1412 1350 1506 1394 575

124 1423 256 1477 Quid
283 1424 375 1470 sibi
402 1424 696 1486 significent,
724 1424 1023 1486 trepidantia
1046 1424 1258 1470 consulit
1282 1431 1414 1470 exta.

123 1499 246 1553 Quae
273 1500 418 1547 simul
445 1499 664 1563 inspexit
689 1499 958 1563 Tyrrhenae
985 1500 1145 1562 gentis
1171 1501 1437 1562 haruspex,

123 1575 310 1639 Magna
334 1577 537 1639 quidem
563 1592 724 1623 rerum
750 1576 1002 1623 molimina
1026 1576 1147 1622 vidit
1171 1575 1220 1622 in
1244 1575 1355 1631 illis,

127 1766 308 1797 Haerentem.
354 1766 454 1797 Missa
469 1777 507 1797 ex
524 1766 682 1796 Aventino
698 1777 785 1797 mon-

125 1821 167 1850 te,
194 1816 285 1851 haesit,
307 1816 368 1845 fixa
389 1822 445 1851 est,
466 1815 498 1845 in
518 1815 682 1853 Palatin03
708 1816 785 1845 Lac-

851 1777 902 1797 sus
917 1766 1038 1797 hostem
1057 1766 1313 1807 proficisceretur,
1334 1775 1400 1795 esse
1421 1771 1507 1796 nata.

851 1815 889 1845 In
907 1815 990 1845 bello
1012 1825 1093 1856 saepe
1116 1814 1228 1854 digitos
1252 1814 1290 1844 ad
1311 1815 1441 1844 frontem
1459 1825 1509 1845 re-

124 1864 243 1893 tantius
265 1864 296 1894 in
317 1864 522 1904 Argumento.
567 1864 641 1893 Erat
663 1874 786 1900 cornea,

125 1917 156 1942 et
172 1912 322 1952 quamdiu
338 1912 391 1942 illa
404 1911 538 1953 vigebat,
551 1912 680 1942 florebat
692 1913 786 1943 etiam

124 1960 287 2001 imperium
304 1961 492 1991 Romanum.
543 1961 630 1990 Lenti
646 1963 784 1997 viminis;

124 2008 268 2039 flexibilis
298 2009 410 2049 virgae:
445 2019 557 2039 cornus
586 2009 668 2039 enim
698 2010 786 2040 arbor

124 2066 225 2087 ramos
241 2056 409 2087 admodum
425 2057 577 2087 flexibiles
593 2057 704 2087 habet:
738 2057 784 2085 bo-

125 2117 193 2135 nam
215 2107 288 2135 bello
307 2112 397 2136 vocat
412 2105 574 2145 Virgilius,
595 2106 710 2146 Georg.
731 2105 786 2135 lib.

127 2154 160 2184 ii.
175 2164 240 2183 ver.
258 2154 332 2184 447.

169 2203 354 2233 565—621.
380 2202 531 2232 Genutz'us
549 2203 659 2242 Cippus
676 2212 786 2233 cornu-

128 2258 176 2281 tus
203 2251 316 2281 factus.
363 2250 455 2281 Conf.
484 2251 593 2281 Yaler.
616 2249 785 2285 Maximus,

127 2311 155 2329 v.
183 2299 213 2329 6.
259 2298 403 2329 Meminit
434 2300 500 2339 ejus
529 2299 623 2329 etiam
657 2298 787 2334 Plinius,

128 2347 170 2377 xi.
197 2348 248 2377 37.
295 2348 366 2377 Fuit
388 2354 521 2388 praetor3
545 2347 600 2377 sed
625 2357 685 2387 quo
709 2353 786 2377 tem-

128 2406 203 2436 pore
218 2395 340 2431 vixerit,
357 2406 417 2425 non
438 2401 571 2426 constat.
616 2396 683 2426 Hoc
700 2395 787 2426 vide-

128 2453 197 2474 mus
209 2444 266 2474 hoc
279 2445 346 2484 ipso
359 2444 438 2480 loco,
454 2445 529 2474 nihil
542 2445 570 2475 ei
582 2444 674 2474 fuisse
689 2444 790 2474 carius

128 2492 239 2533 patria.
289 2493 380 2532 Cipus
410 2503 470 2523 non
501 2494 621 2532 Cippus,
651 2493 791 2523 scribunt

130 2540 244 2570 vetusti
268 2540 403 2576 codices,
418 2541 564 2572 Valerius
580 2540 742 2571 Maximus
762 2545 792 2571 et

131 2589 229 2618 numi.

175 2637 248 2667 569.
275 2637 434 2668 Remeabat
450 2639 486 2667 ab
501 2639 589 2668 hoste.
606 2638 680 2668 Val.
696 2639 790 2668 Max-

129 2684 211 2715 imus
235 2691 349 2722 narrat,
370 2696 483 2717 cornua
504 2687 544 2723 ei,
561 2697 658 2727 quum
682 2687 789 2717 adver-

851 1864 983 1901 tuleram
1006 1874 1089 1894 nunc
1118 1873 1186 1893 vero
1206 1863 1329 1893 rediens
1354 1863 1392 1892 ab
1421 1863 1510 1894 hoste

852 1913 929 1942 scire
956 1912 1064 1947 voluit,
1091 1911 1166 1952 quid
1192 1911 1246 1942 illa
1274 1911 1508 1952 significarent;

852 1961 959 2001 itaque
976 1960 1097 1995 restitit,
1114 1966 1174 1990 etc.

897 2010 973 2039 574.
1000 2009 1124 2039 Placari
1151 2008 1295 2038 dicuntur
1319 2018 1391 2043 arae,
1414 2019 1510 2048 quum

854 2057 908 2086 Dii
923 2057 1088 2098 placantur
1101 2056 1196 2087 sacris
1208 2056 1239 2085 in
1253 2066 1306 2086 ara
1322 2056 1412 2086 factis
1425 2068 1432 2093 ;
1446 2056 1510 2086 vid.

854 2106 1061 2136 Burmannus.
1089 2105 1172 2135 Hinc
1186 2106 1343 2144 placabilis
1360 2116 1415 2134 ara
1430 2105 1512 2146 apud

854 2154 966 2194 virgil.
979 2154 1110 2184 AEneid.
1122 2153 1176 2183 vii.
1190 2154 1262 2183 764.
1294 2153 1512 2192 Trepidanzia5

854 2203 959 2232 confer
977 2212 1039 2232 ver.
1060 2203 1130 2232 136.

897 2252 970 2281 577.
996 2252 1144 2289 Inspicere
1164 2256 1194 2280 et
1214 2252 1368 2289 inspiciam
1393 2251 1514 2292 propria

854 2300 892 2331 de
905 2300 1136 2341 haruspicibus3
1149 2299 1219 2330 vide
1232 2298 1406 2329 Heinsium.
1420 2299 1512 2339 Tyrr-

855 2349 935 2379 henoe
955 2351 1053 2390 gentis
1079 2350 1235 2387 haruspeiu
1281 2349 1386 2384 Quum
1408 2358 1445 2378 ex
1472 2348 1512 2378 E-

856 2397 966 2427 truscis
996 2397 1052 2427 hoc
1082 2395 1281 2426 divinationis
1312 2405 1365 2436 per
1394 2395 1512 2426 viscera

857 2444 1061 2475 animantium
1074 2454 1171 2485 genus
1183 2443 1317 2474 Romani
1329 2443 1513 2481 didicerant,

858 2498 940 2522 recte
960 2492 1092 2522 Ovidius
1114 2491 1307 2532 Tyrrhenum
1333 2497 1422 2521 vocat
1443 2501 1514 2522 eum

859 2540 897 2571 de
914 2551 973 2582 qno
989 2540 1038 2571 hic
1055 2540 1166 2581 agitur.
1224 2540 1337 2570 Rerum
1352 2541 1514 2575 molimina,

861 2590 1083 2620 revolutionem
1135 2588 1279 2619 civitatis.
1338 2588 1514 2630 Manifesta,

859 2643 962 2667 certa:
999 2637 1042 2667 sic
1074 2637 1231 2678 manv-'festa
1268 2637 1402 2672 victoria,
1432 2643 1514 2668 certo

858 2692 1018 2721 eventura,
1035 2685 1154 2720 Florus,
1172 2685 1216 2716 ΙΙ.
1233 2684 1284 2715 vii.
1301 2685 1330 2715 7.
