1779 3130
382 172 999 216 METAMORPHOSEON
1034 177 1151 218 LIB.
1185 178 1292 220 XV.

1442 182 1526 222 475

143 283 428 347 Jactarique
452 285 594 341 freto,
623 287 867 350 sedesque
895 289 1073 337 intrare
1099 292 1347 347 silentum,

146 358 389 423 Bellaque
411 377 524 408 cum
545 363 711 410 Turno
736 380 921 425 gerere,
949 374 1049 421 aut,
1072 367 1109 412 si
1128 384 1239 414 vera
1264 369 1487 425 fatemur,

143 437 272 483 Cum
297 437 494 485 Junone
520 440 706 501 magis:
737 441 857 502 quid
884 458 1014 488 nunc
1041 444 1245 505 antiqua
1262 446 1489 492 recordor

146 512 341 560 Damna
359 516 454 561 mei
471 516 701 576 generis?
724 517 869 563 timor
893 518 972 563 hic
999 520 1281 566 meminisse
1309 522 1522 584 priorum

144 588 258 636 Non
284 590 426 637 sinit:
468 591 517 637 in
541 607 619 638 me
645 593 753 639 acui
782 595 1048 641 sceleratos
1074 597 1271 642 cernitis
1293 613 1465 644 enses:

142 665 279 720 Quos
304 667 577 730 prohibete,
605 685 792 730 precor,
821 669 1112 732 facinusque
1137 673 1375 734 repellite,
1403 689 1524 720 neve

142 741 296 789 Caede
322 744 594 791 sacerdotis
620 745 844 793 flammas
870 747 1146 809 extinguite
1172 748 1388 796 Vestae.”

206 817 347 865 Talia
371 820 706 882 nequicquam
733 829 836 868 toto
867 822 1030 869 Venus
1057 824 1205 870 anxia
1229 825 1353 870 coelo

140 895 305 942 Verba
345 897 482 957 jacit,
537 897 855 960 Superosque
905 907 1094 946 movet:
1158 917 1187 962 q
1198 901 1243 946 ui
1294 917 1521 964 rumpere

333 989 621 1035 qllanqllalss

1429 981 1524 1025 780

141 1048 319 1094 Ferrea
344 1066 439 1095 non
467 1057 674 1111 possunt
690 1058 909 1097 veterum
930 1051 1129 1098 decreta
1149 1052 1397 1107 Sororum,

141 1125 295 1187 Signa
319 1133 484 1172 tamen
511 1127 677 1173 luctus
704 1128 825 1173 dant
851 1127 983 1174 haud
1016 1128 1203 1174 incerta
1226 1128 1391 1175 futuri.

140 1201 292 1248 Arma
317 1202 478 1249 ferunt
504 1204 665 1265 nigras
692 1204 818 1251 inter
843 1205 1140 1267 crepitantia
1165 1205 1339 1260 nubes,

138 1277 507 1341 Terribilesque
532 1279 693 1334 tubas,
722 1280 993 1342 auditaque
1020 1296 1205 1326 cornua
1229 1281 1354 1328 coelo

140 1353 507 1401 Praemonuisse
533 1355 669 1402 nefas
691 1372 699 1402 :
730 1355 909 1401 Phoebi
937 1372 1138 1418 quoque
1161 1356 1315 1402 tristis
1341 1357 1502 1419 imago

141 1429 324 1477 Lurida
348 1430 571 1477 sollicitis
597 1431 853 1493 praebebat
878 1432 1062 1478 lumina
1085 1433 1227 1478 terris
1248 1449 1257 1480 :

1431 1437 1524 1480 786

142 1507 288 1570 Saepe
313 1507 446 1554 faces
471 1508 586 1554 visae
613 1507 788 1554 mediis
814 1508 985 1554 ardere
1013 1509 1105 1554 sub
1132 1508 1304 1565 astris;

137 1582 283 1646 Saepe
304 1584 429 1632 inter
453 1584 646 1631 nimbos
672 1591 826 1645 guttae
852 1584 1078 1630 cecidere
1105 1591 1338 1630 cruentae.

137 1660 362 1707 Caerulus
389 1668 439 1707 et
462 1661 651 1707 vultum
677 1661 923 1722 ferrugine
950 1660 1148 1708 Lucifer
1174 1668 1279 1707 atra

139 1736 354 1799 Sparsus
380 1744 510 1794 erat3
541 1737 697 1800 sparsi
724 1737 922 1783 lunares
947 1737 1186 1798 sanguine
1212 1752 1401 1782 currus.
1427 1740 1523 1784 790

136 1813 318 1860 Tristia
339 1815 471 1861 mille
494 1815 615 1861 locis
645 1814 848 1877 Stygius
875 1814 1012 1860 dedit
1037 1813 1202 1859 omina
1227 1813 1386 1859 bubo:

180 1973 252 2003 776.
277 1973 314 2003 In
336 1984 380 2003 me
403 1976 473 2003 acui
493 1973 601 2013 enses]
627 1973 664 2002 In
687 1984 794 2015 proge-

135 2023 217 2052 niem
234 2032 335 2052 meam
351 2034 356 2051 :
382 2023 414 2052 in
428 2022 582 2052 Caesarem
600 2022 794 2063 conjuratum

136 2076 183 2100 est
199 2082 216 2101 a
232 2071 394 2111 sexaginta
417 2070 560 2112 amplius,
577 2071 696 2106 Cassio,
716 2071 794 2101 Bru-

134 2127 176 2155 to,
193 2119 347 2150 Marcello
365 2119 567 2160 principibuS.
601 2119 686 2160 Ignis
705 2120 794 2149 Vestae

134 2170 283 2198 extinctus
294 2168 354 2198 fuit
365 2167 396 2197 in
412 2167 560 2209 prodigiis
575 2181 582 2205 3
605 2167 672 2198 vide
690 2167 794 2199 Ciofa-

136 2228 210 2247 num
227 2217 265 2247 ad
281 2216 314 2246 h.
326 2217 347 2247 l.

179 2266 252 2296 781.
280 2265 418 2295 Veterum
446 2266 582 2295 Sororum
609 2275 672 2305 pro,
689 2270 794 2295 vetera

134 2314 261 2344 decreta
297 2314 451 2348 Sororum,
489 2313 670 2343 Parcarum.
726 2314 793 2343 Nisi

135 2364 232 2393 mavis
252 2373 341 2393 senes
356 2363 472 2393 Parcas
496 2361 687 2401 intelligere:
714 2368 796 2391 vetus

135 2411 216 2442 enim
235 2411 278 2441 sic
293 2410 416 2446 dicitur,
430 2417 462 2440 et
478 2411 583 2440 Parcae
599 2410 794 2450 fingebantur

134 2469 244 2497 senes3
261 2459 330 2490 vide
346 2459 504 2489 Lenzium.
544 2459 666 2494 Ferrea,
683 2459 793 2488 immu-

136 2507 256 2540 tabilia.
300 2508 406 2549 Signa,
426 2519 452 2538 s.
470 2507 610 2549 prodigia
632 2507 795 2548 sequentia

137 2562 261 2598 sumpta
285 2562 357 2587 sunt
371 2567 388 2586 e
404 2555 546 2596 Virgilio,
563 2556 678 2595 Georg.
695 2556 714 2585 i.
732 2556 794 2585 464

136 2615 228 2646 sqq.;
252 2615 431 2646 quanquam
453 2605 547 2634 etiam
571 2603 722 2634 historicis
743 2614 792 2633 ce-

137 2654 274 2684 lebrata:
301 2654 384 2684 conf.
409 2653 562 2687 Tibullus,
589 2653 635 2682 lI.
653 2663 683 2683 v.
712 2653 795 2682 71-

139 2703 191 2732 78.
208 2708 239 2734 et
255 2702 364 2734 Cicero
376 2702 414 2733 de
431 2702 505 2732 Div.
519 2702 537 2732 i.
555 2703 592 2731 10
607 2712 675 2742 sqq.
717 2701 793 2731 Luc-

863 1980 910 2003 tus
925 1973 1048 2013 saturi,
1073 1971 1224 2001 bellorum
1245 1970 1382 2001 civilium
1409 1970 1525 2000 instan-

863 2022 939 2052 tium
954 2035 961 2059 3
986 2031 1057 2051 nam
1078 2019 1248 2050 secundum
1266 2019 1355 2059 Virg.
1373 2018 1428 2048 illa
1443 2018 1521 2048 acci-

861 2070 975 2100 derunt
987 2074 1056 2110 post
1070 2068 1187 2098 caedem
1199 2067 1277 2098 Julii
1293 2066 1437 2097 Caesaris.

906 2119 981 2148 783.
994 2117 1200 2157 Armaserunt
1212 2117 1328 2156 nigras,
1341 2114 1422 2154 εἴα]
1434 2114 1522 2153 Virg.

861 2174 892 2197 et
920 2165 1062 2195 Tibullus
1090 2163 1175 2195 dicto
1204 2164 1281 2193 loco.
1327 2162 1377 2192 De
1406 2163 1522 2200 crepitu

863 2224 1014 2244 armorum
1026 2212 1098 2243 vide
1114 2211 1154 2241 ad
1170 2211 1190 2241 i.
1204 2212 1274 2241 143.
1301 2211 1401 2241 I’htzte'u'
1418 2213 1523 2250 imago,

864 2264 1011 2297 Phoebus,
1034 2261 1077 2291 sol
1102 2271 1156 2302 per
1178 2266 1274 2290 totuin
1297 2260 1385 2289 illum
1407 2268 1522 2288 annum

863 2311 1006 2354 pallidior
1021 2310 1111 2341 solito
1125 2309 1203 2346 fuit;
1224 2308 1305 2338 Plin.
1319 2307 1350 2337 ii.
1367 2308 1427 2344 303
1443 2306 1520 2336 Plu-

865 2361 1001 2393 tarchus.
1017 2360 1047 2389 in
1063 2359 1147 2389 Julio
1163 2359 1243 2388 Caes.
1258 2362 1338 2386 extr.

908 2410 980 2439 789.
994 2408 1125 2447 Fen-ruga
1137 2407 1235 2448 poetis
1245 2405 1391 2439 tenebm,
1402 2402 1503 2443 caligo
1516 2415 1523 2441 ;

866 2457 1033 2498 Virgilius:
1066 2461 1087 2472 ‘¹
1107 2457 1211 2496 Caput
1238 2454 1366 2484 obscura
1390 2451 1521 2482 nitidum

864 2506 1017 2547 ferrugine
1034 2504 1145 2535 texit.’'
1180 2504 1255 2533 Eam
1273 2501 1454 2541 ferruginem
1473 2510 1521 2529 so-

864 2556 901 2586 lis
930 2553 1096 2587 interdum,
1125 2551 1218 2581 etiam
1249 2549 1352 2584 hodie,
1384 2547 1521 2579 efficiunt

863 2612 1002 2645 vapores,
1029 2600 1142 2642 quibus
1168 2610 1220 2629 aer
1246 2598 1390 2639 repletuS,
1413 2596 1465 2638 qui
1491 2602 1521 2627 et

863 2649 1064 2691 sanguineam
1085 2648 1218 2679 reddunt
1239 2647 1358 2677 lunam.
1397 2646 1446 2675 De
1469 2646 1522 2673 bu-

866 2703 934 2730 lmne
950 2698 1020 2729 vide
1035 2706 1128 2738 supra
1144 2696 1182 2726 ad
1199 2695 1309 2726 librum
1326 2706 1353 2724 x.
1372 2695 1443 2724 453.
