1779 3130
351 161 972 206 METAMORPHOSEON
1005 165 1123 209 LIB.
1157 166 1292 208 XIV.

1421 170 1505 210 409

123 274 269 322 Unde
295 281 431 323 tenet
454 293 660 325 nomen:
700 294 798 325 non
824 280 970 327 silvas
996 281 1093 337 illa,
1123 298 1214 329 nec
1241 297 1439 341 amnes;

120 349 229 396 Rus
258 358 404 406 amat,
432 360 482 399 et
505 369 683 408 ramos,
710 354 873 402 felicia
898 373 1045 419 poma
1068 356 1299 405 ferentes,

119 425 228 472 Nec
247 428 415 489 jaculo
440 430 600 490 gravis
625 436 717 485 est,
744 431 831 477 sed
859 432 1053 479 adunca
1076 433 1284 481 dextera
1306 434 1462 492 falce3

117 501 230 555 Qua
253 504 398 550 modo
424 505 669 552 luxuriem
694 508 889 568 premit,
916 515 966 555 et
990 509 1256 571 spatiantia
1281 511 1467 573 passim

117 578 332 627 Brachia
351 581 651 643 compescit:
680 582 798 629 fissa
822 584 969 630 modo
994 585 1177 632 cortice
1200 586 1386 648 virgam
1406 590 1502 634 630

117 653 314 710 Inserit,
342 663 392 702 et
417 673 591 704 succos
617 657 777 705 alieno
803 661 994 722 praebet
1018 661 1232 708 alumno.

121 730 229 776 Nec
256 732 440 793 patitur
465 733 647 780 sentire
673 734 805 780 sitim
827 753 836 791 ;
877 736 1163 799 bibulaeque
1189 753 1416 784 recurvas

118 806 323 853 Radicis
347 808 495 855 fibras
519 810 803 857 labentibus
829 811 998 874 irrigat
1021 814 1182 860 undis.

1345 815 1498 877 [pido.

116 881 213 929 Hic
240 899 392 940 amor,
413 885 506 931 hoc
531 886 778 934 studium:
807 887 1014 935 Veneris
1037 905 1238 952 quoque
1263 891 1399 938 nulla
1416 907 1500 938 cu-

118 959 233 1006 Vim
257 968 425 1008 tamen
450 970 701 1024 agrestum
728 971 971 1021 metuens,
999 967 1219 1029 pomaria
1243 967 1432 1014 claudit

122 1036 263 1084 Intus
282 1056 292 1095 ;
324 1045 374 1086 et
398 1054 630 1086 accessus
656 1041 885 1103 prohibet
908 1042 1188 1106 refugitque
1207 1044 1387 1091 viriles.
1410 1047 1505 1092 636

118 1112 254 1167 Quid
279 1131 376 1162 non
402 1123 452 1163 et
479 1116 661 1180 Satyri,
690 1117 951 1165 saltatibus
978 1126 1094 1182 apta
1111 1121 1363 1182 juventus,

118 1189 319 1247 Fecere,
348 1199 398 1239 et
423 1193 539 1256 pinu
565 1194 818 1256 praecincti
846 1211 1030 1242 cornua
1054 1195 1236 1253 Panes,

119 1266 466 1331 Silvanusque,
494 1270 595 1316 suis
621 1285 817 1334 semper
836 1272 1100 1334 juvenilior
1124 1272 1281 1328 annis,

117 1342 317 1407 Quique
341 1345 480 1393 Deus
500 1346 632 1394 fures
652 1348 729 1395 vel
748 1346 890 1403 falce,
908 1349 984 1396 vel
999 1348 1201 1410 inguine
1220 1355 1388 1405 terret,
1408 1351 1505 1396 640

121 1420 192 1467 Ut
214 1429 503 1484 poterentur
528 1424 607 1470 ea?
645 1424 734 1471 sed
759 1424 891 1471 enim
917 1426 1185 1488 superabat
1209 1425 1421 1472 amando

121 1497 228 1546 Hos
253 1515 453 1562 quoque
475 1500 777 1548 Vertumnus
795 1520 806 1558 3
846 1518 1010 1564 neque
1036 1508 1142 1549 erat
1165 1501 1352 1549 felicior
1375 1502 1487 1549 illis.

163 1670 237 1700 628.
263 1671 384 1705 Gravis,
400 1676 540 1711 gravata.
577 1672 665 1707 Falx,
682 1672 782 1703 culter

119 1719 286 1750 vinitorum
329 1730 441 1749 curvus
492 1720 532 1750 ad
575 1720 782 1761 amputandas

121 1766 255 1800 frondes.
295 1769 473 1808 Necjacuzo
484 1771 598 1810 gravis,
615 1775 675 1800 etc.
711 1770 781 1800 Nec

119 1817 231 1848 dextra
253 1818 398 1848 Pomonae
418 1818 561 1859 jaculum
578 1824 700 1858 gestat3
726 1818 780 1849 sed

121 1866 246 1903 falcem,
259 1877 321 1908 qua
333 1867 526 1898 luxuriantes
541 1877 640 1897 ramos
653 1867 781 1898 recidat.

123 1916 274 1951 Premere,
291 1915 451 1956 eleganter
465 1926 529 1957 pro,
545 1926 695 1952 resecare,
712 1926 779 1946 arn-

121 1969 244 2007 putare‚
273 1965 366 1995 etiam
394 1965 483 2006 Virg.
512 1965 627 2005 Georg.
660 1964 680 1995 i.
712 1965 781 1996 157.

123 2014 302 2049 Luxuriem,
325 2024 426 2044 ramos
452 2013 615 2054 longiores,
636 2012 727 2043 nimis
748 2023 781 2043 se

119 2063 325 2094 extendentes
339 2070 371 2093 et
385 2062 486 2093 succis
500 2061 680 2093 fraudantes
694 2062 783 2092 arbo·

123 2121 197 2143 rem.
241 2111 342 2143 Iidem
364 2112 441 2142 rami
464 2112 585 2141 brachia
607 2113 783 2150 spatiantia,

122 2160 278 2191 luxuriose
295 2160 518 2194 excrescentia,
528 2165 563 2190 ut
575 2161 616 2191 iv.
628 2160 704 2190 364.
717 2171 784 2200 spa—

125 2212 235 2241 tiantes
263 2211 328 2241 aloe.
382 2210 495 2239 Passim
525 2214 584 2244 est,
616 2209 647 2239 in
676 2219 785 2240 omnes

123 2264 248 2301 partes,
274 2258 386 2299 virgil.
410 2258 524 2299 Georg.
546 2257 577 2288 ii.
598 2259 673 2289 370.
691 2269 785 2288 ramos

124 2318 266 2346 compesce
275 2308 431 2348 fluentes,⁴
457 2306 616 2343 Horatius,
632 2306 732 2348 Epod.
752 2305 784 2337 ii.

126 2357 177 2387 13.
193 2355 416 2397 Inutilesfalce
431 2366 526 2385 ramos
540 2361 710 2394 amputans.

167 2406 243 2436 630.
281 2406 420 2436 Venuste
447 2404 622 2435 insitionem
651 2410 680 2434 et
716 2403 784 2434 irri-

125 2455 282 2496 gationem
304 2453 472 2491 describit,
503 2453 545 2484 cs.
563 2453 651 2493 Virg.
667 2453 784 2493 Georg.

125 2504 161 2535 ii.
197 2505 336 2534 73—82.
387 2504 492 2534 Alieno
525 2504 670 2539 alamno5
715 2512 782 2532 sur-

125 2552 197 2583 culo
221 2563 258 2583 ex
285 2552 348 2582 alia
374 2553 480 2582 arbore
509 2551 541 2581 in
567 2550 661 2581 aliam
684 2556 783 2581 trans-

124 2602 201 2632 lato.
256 2601 400 2631 Labeates
431 2602 520 2631 undae
554 2599 670 2630 centies
703 2598 786 2640 apud

128 2656 235 2692 poetas
250 2649 395 2681 dicuntur
409 2649 467 2680 rivi
481 2661 487 2679 2
505 2649 570 2680 sine
586 2658 680 2679 causa
695 2646 787 2688 igitur

127 2699 238 2730 Heius.
263 2698 416 2730 suadebat
441 2699 489 2729 vel
521 2698 712 2732 Iactantibus,
739 2695 788 2727 vel

172 2748 272 2778 VOL.
287 2748 347 2779 IV.

850 1674 1057 1703 lambentibus.
1081 1672 1183 1702 Etiam
1194 1670 1368 1702 Burmanni
1378 1671 1512 1712 conject.

849 1723 1027 1757 loetantibus,
1044 1721 1063 1751 i.
1080 1731 1108 1752 e.
1124 1720 1390 1756 foecundantibus,
1407 1730 1511 1751 carere

848 1775 1039 1811 poteramus.

891 1820 964 1850 635.
1002 1820 1175 1860 Agr-escum,
1211 1827 1323 1859 nempe
1359 1816 1510 1852 Deorum,

848 1867 957 1907 quales
972 1878 1041 1897 mox
1059 1866 1269 1897 nominantur.

892 1916 966 1946 638.
991 1916 1074 1945 Ρὶηιι
1097 1916 1272 1954 proecz'ncti5
1295 1914 1315 1944 i.
1332 1915 1405 1945 699.
1451 1913 1510 1944 Sil-

849 1975 1009 2004 vanusque.
1054 1963 1160 2004 Vulgo
1177 1963 1227 2003 (et
1243 1962 1273 1993 in
1290 1963 1397 1993 codice
1411 1962 1513 2003 Regio

850 2012 907 2053 B.)
926 2013 1114 2053 Silenusque.
1140 2012 1256 2048 Sileno,
1269 2011 1390 2042 Bacchi
1406 2011 1513 2042 comiti

850 2062 954 2092 nullus
982 2061 1033 2092 hic
1067 2062 1172 2091 locus:
1209 2066 1241 2091 at
1269 2060 1415 2091 Silvanus
1447 2064 1514 2090 erat

851 2111 942 2142 Deus
964 2109 1094 2151 agrestis
1114 2115 1146 2140 et
1161 2109 1302 2146 Latinus,
1320 2109 1373 2150 qui
1394 2118 1515 2150 semper

851 2169 944 2190 senex
960 2159 992 2189 in
1008 2157 1144 2199 antiquis
1159 2155 1368 2188 monumentis
1385 2155 1513 2186 exhibe-

851 2213 911 2239 tur.
961 2207 1023 2238 Sed
1054 2207 1106 2238 ille
1125 2207 1297 2246 juvenilior
1325 2207 1386 2235 suis
1413 2207 1512 2240 annis,

851 2257 951 2297 magis
968 2255 1125 2286 amoribus
1140 2255 1278 2290 deditus,
1297 2264 1391 2295 quam
1407 2263 1426 2283 a
1440 2263 1514 2283 sene

852 2310 1009 2347 expectes.
1055 2305 1106 2335 De
1123 2306 1250 2346 inguine
1265 2301 1370 2344 Priapi
1386 2301 1458 2332 vide
1474 2301 1513 2332 ad

852 2354 894 2385 ix.
911 2354 984 2384 344.

894 2403 968 2432 642.
993 2402 1054 2431 Hos
1080 2412 1190 2441 qnoque
1215 2400 1409 2434 Vertumnus,
1432 2398 1511 2438 etc.]

852 2450 998 2492 Sequitur
1014 2450 1101 2481 locus
1117 2450 1265 2480 classicus
1279 2448 1318 2478 de
1329 2449 1513 2482 Vertumno,

851 2510 984 2542 quocum
1001 2499 1042 2530 cf.
1057 2499 1195 2541 Propert.
1208 2498 1248 2529 iv.
1260 2499 1291 2528 2.
1315 2497 1421 2533 Quum
1436 2495 1511 2526 olim

852 2554 932 2579 esset
957 2548 1130 2589 symbolum
1155 2546 1228 2577 anni
1252 2545 1512 2580 vicissitudinum,

854 2602 952 2639 poetae
969 2596 1041 2627 inde
1056 2596 1195 2627 fecerunt
1210 2595 1326 2630 Deum,
1342 2593 1394 2634 qui
1410 2598 1515 2635 posset

856 2646 887 2677 in
911 2655 1018 2676 omnes
1044 2644 1118 2675 verti
1143 2645 1264 2679 formas,
1279 2642 1362 2673 unde
1386 2648 1417 2672 et
1435 2642 1513 2672 Ver-

857 2701 982 2727 tumnus
1011 2694 1114 2725 dictus
1142 2694 1192 2725 sit.
1237 2690 1426 2733 Propertius,
1446 2700 1513 2720 ver.

988 2744 1006 2773 3
1023 2743 1053 2773 G
