1779 3130
401 164 1022 206 METAMORPHOSEON
1055 164 1174 205 LIB.
1198 164 1334 206 VIII.

1501 169 1557 208 27

168 275 378 324 Vincula
414 293 527 341 pars
566 277 790 325 adimunt
820 278 1064 325 canibus:
1114 294 1228 342 pars
1267 295 1439 342 pressa
1477 297 1552 328 se-

364 361 584 415 quuntur

1454 360 1550 402 332

166 428 319 490 Signa
332 430 540 492 pedum3
570 430 877 492 cupiuntque
895 446 1038 476 suum
1054 430 1267 493 reperire
1286 432 1544 494 periclum.

164 505 398 552 Concava
421 507 561 552 vallis
588 513 708 563 erat,
737 523 836 568 qua
861 523 914 553 se
939 507 1199 553 demittere
1225 506 1312 552 rivi

160 580 436 628 Assuerant
461 582 688 645 pluvialis
715 598 886 644 aquae:
926 590 1064 629 tenet
1089 582 1187 628 ima
1211 583 1400 629 lacunae
1449 587 1545 632 335

162 657 319 706 Lenta
343 660 485 715 salix,
506 660 735 721 ulvaeque
761 660 911 715 leves,
934 658 1175 721 juncique
1202 659 1464 721 palustres,

159 733 473 797 Viminaque,
500 743 550 782 et
573 735 721 796 longa
745 750 906 797 parvae
933 735 1025 780 sub
1051 734 1291 781 arundine
1312 751 1498 782 cannae.

160 807 290 856 Hinc
316 826 434 873 aper
453 811 647 857 excitus
673 810 862 856 medios
888 810 1135 857 violentus
1162 810 1211 856 in
1236 812 1405 858 hostes

159 884 348 941 Fertur,
375 893 430 932 ut
453 885 679 933 excussis
706 885 813 932 elisi
839 885 1053 931 nubibus
1075 886 1215 948 ignes
1237 903 1247 933 ε

157 961 403 1008 Sternitur
421 963 621 1009 incursu
643 978 834 1017 nemuS,
856 969 906 1008 et
925 963 1162 1026 propulsa
1176 962 1419 1024 fragorem
1444 966 1543 1010 340

158 1037 292 1084 Silva
315 1039 429 1086 dat:
469 1039 752 1085 exclamant
777 1039 1003 1101 juvenes,
1032 1046 1372 1102 praetentaque
1398 1039 1509 1086 forti

154 1112 276 1160 Tela
298 1121 470 1161 tenent
493 1115 685 1170 dextra,
713 1115 813 1161 lato
839 1114 1080 1161 vibrantia
1104 1114 1248 1161 ferro.

154 1188 245 1236 Ille
272 1190 368 1237 ruit
384 1209 394 1247 ;
436 1191 725 1254 spargitque
750 1206 916 1247 canes,
944 1197 999 1236 ut
1024 1191 1240 1253 quisque
1266 1192 1423 1238 ruenti

154 1265 350 1322 Obstat,
377 1274 429 1314 et
452 1268 654 1330 obliquo
680 1268 914 1314 latrantes
940 1266 1151 1329 dissipat
1174 1266 1290 1314 ictu.

153 1341 337 1406 Cuspis
364 1343 605 1391 Echionio
630 1344 843 1407 primum
867 1350 1094 1390 contorta
1117 1344 1302 1390 lacerto

191 1523 264 1553 332.
282 1523 421 1560 Vincula,
431 1524 575 1561 funiculi,
586 1525 700 1566 quibus
711 1525 805 1557 duce-

146 1571 261 1602 bantur
289 1583 381 1604 canes
407 1573 446 1604 ad
476 1574 685 1606 venationem.
731 1577 805 1606 Adi-

147 1628 233 1650 munt
263 1622 389 1652 verbum
422 1622 455 1652 in
484 1622 542 1653 hac
571 1633 602 1653 re
631 1622 803 1664 proprium.

148 1668 262 1699 Confer
294 1670 344 1700 vii.
371 1671 446 1701 769.
494 1664 612 1707 Pressa,
635 1670 802 1712 impressa3

147 1716 191 1746 xi.
208 1718 260 1748 31.
276 1730 373 1757 presso
389 1730 511 1750 vomere.

189 1767 262 1797 334.
283 1768 419 1798 Concava
444 1770 543 1804 vallis,
560 1769 639 1809 etc.]
663 1769 740 1799 Tam
755 1769 803 1799 di-

145 1813 276 1855 ligenter
294 1816 419 1857 singula
441 1817 600 1852 describit,
615 1823 649 1848 ut
668 1818 734 1859 ipse
756 1818 803 1848 in-

145 1869 258 1895 teresse
287 1864 359 1895 huic
387 1865 543 1896 venationi
570 1865 626 1896 tibi
655 1866 803 1898 videaris.

147 1913 295 1950 Concava,
321 1914 460 1954 undique
497 1914 601 1945 cincta
635 1914 804 1946 montibus.

145 1961 223 1998 Ima,
250 1973 368 2004 margo.
417 1963 527 1993 Cannae
549 1963 704 1994 breviores
731 1969 804 1994 sunt

143 2014 304 2042 arundine.
343 2011 530 2047 Columella,
547 2012 591 2042 iv.
608 2013 662 2042 32.
678 2014 804 2053 gracilis

142 2065 171 2089 et
186 2070 288 2090 ιάηηιε
302 2062 406 2090 similis
420 2062 549 2090 arundo.

186 2109 261 2138 338.
284 2109 366 2138 Hinc
388 2120 459 2148 aper
482 2110 603 2144 excitus,
628 2109 708 2149 etc.]
737 2110 800 2140 Ve-

143 2155 229 2186 natio
250 2156 329 2197 ipsa,
345 2157 376 2186 in
392 2167 454 2197 qua
471 2157 606 2187 maxima
622 2157 752 2187 varietas
768 2157 800 2188 in

143 2204 357 2235 describendis
376 2204 515 2246 jactibus
538 2205 669 2246 singulis
685 2216 798 2237 venan-

142 2254 220 2283 tium
247 2260 342 2295 atqne
367 2253 501 2284 motibus
528 2254 594 2295 apri
618 2255 798 2293 observata3

142 2302 173 2331 in
207 2313 269 2343 qua
297 2302 493 2343 phantasiam
522 2308 623 2344 poetae
654 2303 799 2334 admirari

140 2349 226 2386 licet,
244 2361 423 2392 quanquam
441 2362 501 2382 non
521 2352 586 2393 ipse
607 2362 713 2382 omnes
729 2352 798 2383 illos

136 2399 240 2440 jactus
264 2399 387 2430 finxisse
412 2400 553 2438 videtur3
577 2400 741 2431 nonnullos
765 2412 797 2432 e-

140 2447 205 2478 nim
241 2454 272 2478 et
316 2448 524 2490 Apollodorus
566 2456 797 2481 commemorat.

141 2496 324 2527 Notandum
349 2498 443 2527 etiarn
465 2504 521 2532 est,
538 2503 686 2527 venantes
702 2497 796 2527 veluti

140 2543 172 2574 in
202 2545 268 2575 acie
298 2545 484 2581 constitisse,
509 2556 573 2576 ver.
599 2546 672 2576 360.
702 2551 796 2586 atque

139 2592 278 2634 singulos
300 2593 406 2624 ordine
429 2595 490 2624 tela
505 2594 634 2630 misisse,
650 2593 702 2635 qui
721 2595 796 2625 ordo

139 2640 383 2683 interrumpitur,
408 2642 462 2672 ubi
492 2641 610 2672 invidia
638 2641 794 2672 Atalantae

139 2688 274 2730 reliquos
299 2690 409 2730 tangit,
435 2701 523 2721 versu
552 2691 625 2721 389.
672 2689 795 2724 Fertur,

1440 1346 1536 1391 345

874 1530 908 1556 ut
930 1525 1041 1566 fulgor·
1086 1524 1147 1555 Sed
1168 1523 1227 1554 hoc
1248 1523 1338 1554 docte
1357 1528 1388 1554 et
1409 1534 1446 1554 ex
1468 1523 1534 1565 opi-

874 1574 965 1604 nione
981 1579 1120 1604 veterum
1146 1572 1346 1614 physicorum
1368 1571 1531 1613 expressit,

872 1622 911 1653 de
924 1633 987 1663 qua
998 1623 1036 1652 ad
1049 1622 1090 1652 xi.
1101 1623 1176 1652 436.
1196 1622 1341 1658 Ewussae,
1360 1632 1532 1658 concussae,

872 1675 1090 1701 concurrentes
1105 1680 1176 1700 cum
1192 1669 1303 1700 ventis.
1314 1669 1354 1700 vi.
1367 1670 1430 1700 696
1444 1681 1450 1698 ε
1470 1670 1531 1699 Ex-

871 1721 966 1749 ilium
988 1721 1068 1749 curis
1085 1720 1149 1749 elisi
1168 1721 1295 1749 nubibus
1312 1720 1405 1760 ignes.
1452 1718 1531 1749 Elisa·

872 1771 966 1809 igneS,
998 1767 1109 1808 fulgor.
1150 1767 1260 1802 Miror,
1290 1767 1444 1806 pluralem
1469 1766 1532 1797 dis-

871 1816 1017 1857 plicuisse
1039 1815 1218 1846 Schirachio
1234 1815 1287 1856 qui
1307 1820 1406 1856 putat,
1423 1826 1531 1856 aprum

871 1875 932 1895 non
950 1865 1029 1895 bene
1051 1875 1121 1894 cum
1144 1863 1285 1905 pluribus
1307 1863 1432 1904 ignibus
1447 1874 1530 1894 com-

869 1912 982 1954 parari,
1000 1919 1031 1943 et
1047 1912 1242 1954 praeferebat,
1260 1911 1343 1953 quod
1363 1911 1437 1941 olim
1457 1911 1530 1942 ede-

870 1962 972 1997 batur,
989 1963 1077 1992 elisus
1100 1963 1189 2001 ignis.
1234 1960 1278 1990 At
1302 1959 1388 1990 nulla
1412 1961 1474 1990 fere
1498 1960 1530 1990 in

870 2016 1030 2052 poetarum
1059 2009 1250 2040 carminibus
1274 2008 1391 2050 pagina
1412 2014 1470 2044 est,
1498 2008 1530 2039 in

868 2069 931 2100 qua
954 2070 1014 2089 non
1035 2058 1164 2100 pluralis
1184 2057 1304 2099 positus
1328 2057 1368 2087 sit
1390 2067 1445 2098 pro
1466 2057 1527 2088 sin-

867 2107 978 2148 gulari.
1024 2107 1182 2141 Incursus,
1198 2106 1333 2147 impetus
1352 2105 1418 2136 feri.
1456 2104 1529 2136 Vir-

867 2155 922 2196 gil.
949 2155 1076 2185 AEneid.
1101 2154 1155 2185 vii.
1185 2155 1270 2185 676:
1308 2156 1361 2184 slat
1389 2155 1529 2183 euntibus

866 2206 972 2246 ingens
996 2204 1077 2234 Silva
1100 2204 1207 2239 locuni,
1233 2209 1260 2232 et
1284 2213 1392 2243 magno
1416 2204 1527 2232 cedunt

867 2254 1005 2295 virgulta
1031 2253 1175 2293 fragore.
1220 2250 1335 2282 Confer
1364 2250 1454 2285 infra,
1484 2249 1528 2280 xi.

867 2303 941 2333 365.
992 2302 1145 2331 Proetendi
1182 2299 1329 2330 dicuntur
1357 2297 1526 2334 venabula,

866 2361 961 2391 quum
977 2350 1014 2380 iis
1031 2349 1185 2390 excipitur
1197 2348 1314 2378 irruens
1331 2347 1406 2377 fera.
1438 2347 1523 2377 Prae-

867 2405 948 2429 tenta
973 2404 1086 2433 tenent,
1107 2396 1316 2438 praetendunt.
1368 2396 1524 2425 Vim-antia

854 2447 945 2488 ferro
960 2445 1155 2487 exquisitius,
1171 2455 1277 2486 quam,
1296 2444 1444 2475 habentia
1464 2443 1524 2474 fer-

864 2506 943 2531 rum,
967 2495 1041 2536 quia
1058 2494 1224 2528 venabula,
1247 2493 1320 2524 dum
1347 2497 1523 2528 moventur,

864 2545 981 2573 vibrare
996 2543 1154 2572 dicuntur.

904 2593 979 2622 344.
1008 2591 1132 2630 obliquo
1161 2593 1251 2627 ictu5
1283 2589 1349 2632 apri
1378 2589 1460 2621 enim
1488 2588 1521 2620 in

862 2641 1022 2681 obliquum
1038 2640 1140 2670 solent
1154 2639 1254 2669 ferire.
