1779 3130
234 174 318 216 166
622 175 673 214 Ρ.
709 173 921 215 OVIDII
956 174 1235 216 NASO‘NIS

235 287 484 343 Quaerere,
511 288 631 351 quid
657 288 875 335 doleam:
917 289 1081 336 scelus
1112 295 1204 345 est,
1232 291 1365 352 quod
1395 291 1519 337 scire
1543 292 1610 338 la-

431 364 631 411 boras.”
1522 370 1617 414 413

233 439 416 487 Horret
426 457 570 497 anus;
590 442 931 504 tremulasque
942 458 1116 489 manus
1129 443 1370 505 annisque
1383 451 1618 506 metuque

231 516 429 572 Tendit,
451 523 501 563 et
525 523 640 564 ante
660 518 816 580 pedes
833 519 1046 581 supplex
1072 520 1358 582 procumbit
1377 521 1610 567 alumnae:

232 592 298 640 Et
322 593 468 640 modo
487 593 768 650 blanditum
799 595 961 650 modo,
990 595 1030 641 si
1059 611 1157 641 non
1182 596 1384 642 conscia
1407 597 1508 651 fiat,

230 669 421 726 Terret,
443 677 494 717 et
518 670 756 717 indicium
782 671 964 733 laquei,
988 679 1270 735 coeptaeque
1295 673 1512 718 minatur

233 745 410 793 Mortis
430 764 438 794 :
479 754 530 793 et
554 748 767 794 officium
787 748 1053 795 commisso
1075 749 1290 811 spondet
1314 749 1482 795 amori.

234 823 428 870 Extulit
447 823 532 871 illa
556 831 722 887 caput,
751 825 1072 887 lacrimisque
1097 825 1324 889 implevit
1349 825 1535 871 obortis

231 899 446 947 Pectora
469 901 701 957 nutricis3
744 908 1025 964 conataque
1052 918 1184 965 saepe
1205 901 1364 956 fateri,
1519 904 1617 947 420

233 976 378 1040 Saepe
397 984 535 1024 tenet
553 993 754 1034 vocem3
784 978 1177 1040 pudibundaque
1202 977 1423 1025 vestibus
1450 993 1535 1024 ora

230 1054 408 1102 Texit:
435 1061 500 1109 et,
529 1060 559 1078 ‘⁶
579 1054 674 1109 O,’'
694 1053 836 1109 dixit,
856 1060 889 1078 ⁴‘
908 1054 1104 1101 felicem
1121 1055 1331 1117 conjuge
1352 1054 1616 1100 matre1n!”

231 1130 519 1189 Hactenus;
561 1138 612 1178 et
637 1131 826 1193 gemuit
848 1148 857 1178 :
887 1130 1078 1193 gelidos
1105 1130 1308 1177 nutricis
1335 1130 1383 1176 in
1409 1138 1559 1185 artus,

230 1208 479 1270 Ossaque,
515 1208 672 1254 sensit
709 1208 856 1264 enim,
888 1215 1116 1271 penetrat
1148 1215 1357 1264 tremor3
1399 1208 1611 1270 albaque

228 1285 429 1332 Vertice
455 1285 661 1332 canities
687 1285 857 1347 rigidis
878 1286 1016 1332 stetit
1039 1286 1168 1332 hirta
1191 1284 1384 1348 capillis
1404 1301 1413 1331 ;
1490 1287 1615 1346 [toto

230 1362 510 1424 Multaque,
537 1369 592 1408 ut
616 1369 877 1409 excuteret
901 1362 1050 1418 diros,
1072 1363 1111 1409 si
1137 1370 1322 1426 posset,
1348 1377 1557 1416 amores,

230 1439 467 1486 Addidit:
508 1445 559 1485 at
583 1439 718 1500 virgo
745 1439 839 1485 scit
864 1455 917 1485 se
938 1455 1034 1486 non
1055 1439 1180 1486 falsa
1198 1438 1383 1485 moneri
1403 1455 1412 1485 ε

231 1516 384 1562 Certa
398 1514 519 1561 mori
532 1522 699 1561 tamen
716 1522 807 1570 est,
822 1515 861 1561 si
879 1532 976 1562 non
986 1516 1203 1579 potiatur
1218 1516 1582 1576 amato.[rente.
1593 1515 1615 1525 ’”

231 1598 261 1615 “
278 1591 450 1647 Vive,''
477 1591 546 1637 ait
572 1592 700 1648 haec3
746 1591 982 1654 “potiere
1008 1592 1149 1649 tuo;''
1176 1608 1273 1638 non
1306 1607 1441 1647 ausa,
1472 1597 1502 1615 “
1529 1608 1613 1654 pa-

229 1668 427 1723 Dicere,
446 1667 687 1714 conticuit
705 1686 714 1724 ;
744 1668 1088 1731 promissaque
1108 1669 1307 1715 numine
1323 1668 1500 1714 firmat.
1518 1671 1615 1714 430

229 1744 380 1792 Festa
405 1744 497 1808 piae
525 1744 720 1791 Cereris
746 1744 1067 1792 celebrabant
1090 1761 1255 1792 annua
1278 1752 1460 1792 matres

271 1883 345 1913 417.
362 1882 515 1912 Indicium
531 1882 657 1921 laquei]
675 1882 742 1912 Hoc
757 1888 812 1918 est,
829 1883 886 1912 mi-

227 1937 318 1962 natur
341 1942 373 1962 se
395 1930 603 1961 indicaturam
626 1933 719 1972 patri,
746 1931 830 1972 quod
853 1942 886 1962 se

228 1980 416 2021 suspendere
434 1980 546 2020 laqueo
563 1979 694 2020 Myrrha
710 1980 851 2010 voluerit.

273 2030 346 2059 422.
378 2029 414 2062 Ο,
443 2030 530 2064 ἀιζιίε,
561 2029 639 2069 etc.]
670 2028 793 2059 Laudat
819 2028 885 2059 haec

228 2078 334 2113 verba,
359 2084 390 2108 et
419 2078 499 2107 inter
528 2077 703 2119 emphases‚
728 2088 822 2118 quum
847 2088 884 2108 ex

228 2127 333 2167 aliquo
363 2126 447 2157 dicto
475 2126 576 2156 latens
614 2126 731 2167 aliquid
759 2126 884 2162 eruitur,

227 2176 321 2207 refert
343 2175 569 2213 Quintilianus,
591 2176 670 2206 Inst.
695 2177 750 2206 Or.
772 2176 829 2206 IX.
850 2176 883 2206 ii.

228 2227 281 2257 64.
327 2226 448 2267 Nempe
477 2236 578 2255 rerum
605 2225 742 2266 turpium
766 2224 883 2255 confes-

228 2275 346 2305 sionem
375 2273 529 2314 ambiguis
555 2274 657 2304 verbis
684 2279 715 2304 et
749 2274 887 2304 obscuris

227 2324 319 2355 edere
335 2323 434 2354 solent
448 2322 601 2353 homines.

271 2374 347 2403 424.
373 2373 482 2406 Sensit,
508 2372 662 2403 intellexit
677 2372 739 2401 vim
763 2372 886 2402 illorum

228 2423 403 2453 verborum.
458 2421 561 2451 Nimis
592 2421 760 2452 cumulatis
787 2421 886 2452 verbis

229 2471 389 2502 exornavit
403 2470 492 2507 illud,
508 2476 658 2501 steterunt
673 2481 780 2501 comae.
828 2471 884 2500 Ca-

229 2521 488 2559 nities—cupillis,
515 2519 548 2549 id
585 2525 642 2555 est,
672 2520 741 2549 cani
779 2518 884 2560 capilli

229 2575 382 2600 steterunt
397 2569 487 2610 rigidi
502 2575 533 2599 et
549 2568 631 2599 hirti.

231 2618 270 2649 ad
287 2628 407 2648 versum
424 2619 496 2648 300.

273 2668 347 2698 430.
379 2667 523 2695 Promis-su
551 2669 671 2696 numine
684 2666 792 2705 firmat
817 2666 883 2696 bre-

230 2716 308 2746 viter
332 2722 362 2746 et
391 2714 464 2745 satis
487 2714 645 2754 eleganter
668 2714 742 2744 mihi
769 2714 885 2745 dictum

679 2569 779 2599 Diras.
802 2568 883 2598 Vide
910 2607 912 2609 ι

955 1883 1078 1913 videtur
1094 1894 1159 1924 pro,
1175 1894 1230 1924 per
1246 1893 1359 1913 numen
1371 1882 1491 1923 jurans.
1537 1882 1614 1912 Bur-

955 1942 1087 1962 mannus
1115 1942 1185 1962 vero
1223 1931 1330 1973 prioris
1360 1930 1510 1961 Gronovii
1541 1932 1613 1961 MS.

953 1980 1116 2011 lectionem
1130 1981 1254 2022 praefert
1268 1993 1274 2010 ε
1302 1981 1536 2019 Dicere,jnrat0
1544 1992 1613 2020 pro-

954 2031 1094 2070 missaque
1120 2032 1243 2060 numine.
1258 2031 1382 2070 firmat.
1428 2030 1534 2059 Causa
1558 2029 1614 2060 hoc

953 2078 1136 2119 praeferendi
1159 2079 1215 2109 fuit
1236 2079 1315 2114 haec,
1337 2078 1534 2119 quiajurare
1557 2091 1614 2108 ‘nu-

952 2139 1018 2158 men
1054 2139 1119 2169 pro,
1149 2131 1262 2167 jurare
1297 2139 1351 2167 per
1393 2139 1501 2157 numen
1533 2133 1615 2158 recte

952 2177 1083 2208 dicitur:
1110 2177 1173 2208 vid.
1185 2178 1346 2208 Drakenb.
1360 2176 1399 2207 ad
1414 2176 1538 2213 Silium,
1552 2176 1617 2207 viii.

958 2226 1027 2257 105.

996 2276 1070 2305 431.
1087 2274 1174 2305 Festa
1182 2277 1237 2314 pier
1250 2274 1397 2314 Cereris.]
1413 2274 1451 2303 In
1464 2273 1611 2303 honorem

954 2324 1075 2355 Cereris
1095 2324 1310 2365 θεσμόφορου,
1333 2334 1359 2353 s.
1386 2322 1534 2363 legiferae,
1559 2334 1615 2352 ‹m-

955 2384 1016 2402 nua
1029 2383 1116 2403 sacra
1130 2382 1149 2402 a
1162 2372 1268 2403 multis
1278 2371 1410 2402 Graeciae
1422 2371 1612 2407 civitatibus,

953 2420 1088 2451 maxima
1104 2427 1208 2451 autem
1220 2420 1367 2461 religione
1384 2421 1423 2450 ab
1436 2419 1610 2450 Athenien-

951 2470 1047 2507 sibus,
1083 2470 1331 2505 celebrabantur,
1368 2467 1611 2509 Thesmophoria

951 2519 1023 2550 inde
1039 2519 1135 2549 dicta.
1161 2519 1268 2559 anue
1285 2527 1374 2548 sacra
1390 2517 1455 2547 sine
1472 2517 1567 2547 dubio
1584 2525 1614 2547 et

953 2567 1010 2598 hoc
1026 2568 1094 2598 loco
1110 2566 1316 2608 intelligenda
1336 2572 1419 2597 sunt.
1466 2566 1613 2607 Ageban-

954 2622 1002 2646 tur
1024 2617 1106 2647 enim
1128 2627 1188 2646 non
1213 2616 1271 2647 nisi
1291 2626 1309 2646 a
1328 2615 1448 2646 feminis
1469 2613 1613 2656 ingenuis

953 2665 1023 2696 inde
1054 2676 1072 2696 a
1100 2665 1150 2696 die
1183 2666 1220 2695 14
1243 2664 1358 2695 mensis
1387 2664 1614 2705 Pyanepsionis

953 2715 1024 2755 (qui
1047 2720 1113 2745 erat
1132 2714 1283 2746 niensium
1305 2713 1532 2745 autumnalium
1550 2713 1610 2753 pri-
