1779 3130
363 173 984 216 METAMORPHOSEON
1017 175 1136 215 LIB.
1169 173 1314 215 XIII.

1445 174 1531 215 325

147 287 404 336 Oceanum
430 297 480 336 et
503 301 675 342 terras,
702 305 916 350 cumque
942 289 1040 335 alto
1062 288 1224 335 sidera
1248 288 1372 335 coelo

145 363 492 426 Pleiadasque,
534 364 858 426 Hyadasque‚
904 365 1274 426 immunemque
1317 364 1528 427 aequoris

345 441 550 495 Arcton,

146 514 481 577 Diversasque
507 516 670 570 urbes,
699 515 1011 578 nitidumque
1040 515 1237 562 Orionis
1265 532 1462 564 ensem:

146 590 391 646 Postulat,
419 599 472 637 ut
496 592 675 654 capiat,
705 608 816 653 quae
843 609 940 638 non
967 592 1211 653 intelligit,
1240 610 1390 639 arma.
1435 596 1529 640 205

145 667 312 720 Quid?
350 668 484 729 quod
510 684 604 723 me,
633 667 740 713 duri
766 667 1038 729 fugientem
1065 684 1269 714 munera
1294 669 1428 725 belli,

145 743 324 804 Arguit
349 744 562 806 incoepto
589 759 752 789 serum
778 743 1052 790 accessisse
1080 744 1269 790 labori?

146 818 254 865 Nec
280 835 333 865 se
359 820 671 881 magnanimo
697 820 993 866 maledicere
1019 820 1168 866 sentit
1191 819 1408 867 Achilli?

150 895 203 940 Si
225 895 488 942 simulasse
512 902 657 942 vocat
681 895 884 951 crimen,
912 895 1248 942 simulavimus
1270 897 1444 944 ambo:

149 971 199 1017 Si
228 987 364 1018 mora
386 988 474 1034 pro
501 973 648 1034 culpa
673 979 765 1027 est,
788 989 879 1033 ego
906 988 1015 1018 sum
1042 972 1276 1019 maturior
1301 973 1401 1019 illo.
1438 976 1535 1020 300

147 1047 234 1095 Me
260 1048 342 1111 pia
366 1049 578 1095 detinuit
603 1050 814 1110 conjux;
855 1048 938 1111 pia
962 1055 1118 1095 mater
1143 1048 1419 1096 Achillem:

149 1123 416 1186 Primaque
442 1132 557 1170 sunt
581 1125 676 1170 illis
702 1125 819 1171 data
839 1132 1090 1186 tempora;
1131 1131 1312 1170 caetera
1336 1124 1491 1171 vobis.

152 1199 299 1246 Haud
325 1201 490 1255 timeo,
514 1201 550 1246 si
576 1201 679 1262 jam
706 1216 901 1262 nequeo
928 1200 1193 1246 defendere
1218 1201 1404 1246 crimen

150 1275 281 1321 Cum
306 1282 442 1322 tanto
468 1291 727 1322 commune
752 1276 881 1322 viro:
922 1276 1198 1338 deprensus
1227 1275 1392 1322 Ulixis

149 1350 356 1413 Ingenio
382 1358 548 1398 tamen
574 1352 683 1404 ille;
726 1359 777 1397 at
802 1367 898 1397 non
925 1351 1109 1413 Ajacis,
1140 1350 1335 1398 Ulixes.

1439 1354 1534 1398 305

149 1427 289 1475 Neve
315 1428 364 1473 in
389 1445 467 1474 me
491 1428 682 1475 stolidae
708 1428 930 1475 convicia
954 1427 1159 1474 fundere
1184 1427 1366 1489 linguae

148 1503 465 1551 Admiremur
490 1521 629 1562 eum3
670 1505 808 1551 vobis
835 1520 1036 1567 quoque
1062 1504 1213 1565 digna
1236 1504 1425 1566 pudore

155 1580 373 1643 Objicit:
414 1597 475 1627 an
501 1580 622 1627 falso
649 1581 952 1628 Palameden
979 1580 1182 1626 crimine
1207 1587 1352 1642 turpe

153 1656 438 1703 Accusasse
464 1657 599 1713 mihi,
626 1657 765 1704 vobis
790 1658 1056 1703 damnasse
1081 1656 1315 1703 decorum
1341 1656 1448 1703 est?

154 1733 255 1780 Sed
280 1749 442 1796 neque
470 1733 777 1797 Naupliades
803 1733 994 1780 facinus
1020 1733 1287 1780 defendere
1314 1739 1523 1788 tantum,

151 1810 376 1872 Tamque
398 1817 589 1873 patens,
607 1810 781 1857 valuit:
811 1826 902 1857 nec
922 1826 1008 1856 vos
1031 1809 1237 1856 audistis
1257 1809 1307 1855 in
1327 1809 1409 1855 illo
1445 1812 1536 1855 311

154 1886 401 1933 Crimina:
441 1886 649 1942 vidistis,
674 1886 931 1949 pretioque
958 1886 1160 1948 objecta
1184 1885 1440 1947 patebant.

155 1962 264 2010 Nec
290 1962 614 2010 Poeantiaden
641 1962 776 2025 quod
803 1963 953 2009 habet
977 1961 1220 2007 Vulcania
1246 1959 1475 2016 Lemnos,

156 2039 283 2087 Esse
308 2056 420 2086 reus
447 2040 630 2087 merui:
671 2039 857 2086 factum
883 2038 1134 2085 defendite
1159 2044 1394 2092 vestrum,

196 2161 270 2191 296.
296 2161 401 2195 Quid?
424 2164 499 2201 qnod
516 2173 569 2197 me,
584 2162 660 2202 etc.]
698 2159 817 2201 Insigni

155 2209 328 2239 calliditate
352 2220 384 2240 se
407 2210 485 2250 tegit
509 2210 652 2250 exemplo
673 2208 817 2244 Achillis,

155 2263 186 2288 et
200 2268 269 2287 mox
289 2258 470 2297 gravissima
486 2258 614 2288 crimina
626 2269 644 2288 a
660 2269 691 2288 se
708 2257 817 2287 amoli-

157 2312 206 2337 tur
225 2307 256 2336 in
272 2308 406 2348 reliquos
422 2308 528 2338 duces.
575 2308 707 2337 Munera
730 2307 817 2342 belli;

160 2355 288 2396 quidam
315 2359 363 2395 (et
386 2355 482 2386 codex
506 2356 625 2396 Regius
650 2356 693 2391 B)
715 2357 819 2385 mimia

156 2406 235 2434 belli.
284 2405 415 2434 Munera
443 2406 522 2440 belli,
546 2404 650 2434 omnia
675 2414 750 2444 quae
781 2403 820 2433 ad

156 2453 275 2483 bellum
304 2453 471 2494 pertinent,
498 2453 614 2483 bellum
644 2452 757 2494 ipsum,
783 2462 819 2481 ex

159 2500 330 2531 imitatione
355 2502 502 2538 Lucretii,
528 2501 611 2543 apud
634 2511 727 2542 quem
752 2512 819 2531 moc-

159 2561 233 2579 nera
248 2551 370 2580 militiai
384 2550 405 2581 i.
418 2551 470 2580 30.
486 2556 517 2581 et
534 2552 601 2581 belli
617 2561 744 2580 maenera
760 2559 820 2579 ver.

162 2599 216 2628 33.
248 2598 369 2634 Labori,
383 2599 477 2629 bello.

203 2647 278 2677 300.
316 2647 481 2684 Maturior,
509 2646 658 2677 maturius
690 2645 820 2676 accessi.

163 2694 232 2725 Illis
254 2697 337 2731 data,
361 2695 502 2736 conjugis
526 2702 557 2726 et
580 2700 686 2726 matus
712 2704 818 2729 causa,

885 2161 938 2202 pio
976 2159 1076 2190 officio
1114 2159 1287 2199 fungentes,
1323 2159 1546 2189 cunctabamur

886 2209 992 2250 primis
1012 2207 1224 2249 temporibus;
1250 2213 1319 2248 post
1335 2214 1440 2237 tamen
1457 2208 1546 2237 Gra·-

887 2268 992 2288 corum
1006 2267 1107 2287 causae
1127 2266 1324 2286 accessimus.

930 2307 1002 2336 306.
1028 2307 1142 2335 stolida
1159 2306 1275 2345 lingua,
1292 2310 1325 2335 ut
1342 2304 1414 2334 alibi
1430 2307 1546 2340 acerba,

887 2357 984 2390 (locta,
1011 2362 1071 2385 cte.
1120 2354 1260 2383 Fundere
1288 2355 1373 2383 verba
1403 2355 1549 2384 convenit

887 2404 976 2439 irato,
992 2409 1027 2433 ut
1043 2403 1098 2433 xii.
1119 2404 1192 2433 469.
1237 2404 1439 2438 Admiremur,
1455 2401 1545 2433 mire—

889 2463 968 2483 mur.

931 2502 1004 2531 308.
1042 2500 1233 2536 Palamede53
1266 2499 1304 2530 de
1332 2510 1368 2529 co
1389 2499 1460 2529 vide
1484 2511 1549 2530 ver.

888 2550 941 2578 60.
991 2549 1028 2578 Ῑιι
1045 2550 1109 2583 illo,
1129 2547 1221 2578 illius.
1269 2550 1401 2587 Oly'ecta,
1418 2548 1547 2578 crimina

889 2596 915 2627 ei
932 2598 1065 2638 objecta,
1078 2599 1184 2636 pretia,
1199 2607 1272 2627 auio
1289 2597 1318 2626 in
1337 2597 1402 2638 ejus
1417 2598 1548 2627 tentorio

890 2652 1021 2687 reperto,
1036 2646 1188 2684 patebant.

935 2695 1009 2725 314.
1037 2694 1183 2731 Faenum
1217 2698 1287 2724 ante
1313 2692 1474 2724 Heinsium
1505 2693 1548 2723 le-
