1779 3130
212 166 297 208 220

600 163 649 203 P.
684 162 898 204 OVIDII
934 161 1210 203 NASONIS

219 279 373 342 Spem
399 277 606 324 Veneris
631 276 796 323 differt
815 277 871 322 rin
894 283 1118 338 tempora
1142 275 1301 322 noctis
1327 273 1525 337 Apollo.

217 355 333 401 Non
358 353 472 400 tulit
495 353 577 399 ille
602 368 791 407 moras3
832 351 1068 414 virgaque
1100 358 1327 398 movente
1352 365 1579 413 soporem

215 430 434 492 Virginis
460 445 514 476 os
538 429 725 490 tangit:
765 435 901 475 tactu
921 430 1057 491 jacet
1080 428 1166 474 illa
1190 426 1396 490 potenti,

217 505 434 568 Vimque
461 505 554 552 Dei
581 505 790 568 patitur:
830 520 930 550 nox
955 504 1135 550 coelum
1156 509 1404 566 sparserat
1428 500 1600 547 astris:

217 581 441 628 Phoebus
460 598 609 628 anum
630 581 843 635 simulat,
861 586 1214 643 praeceptaque
1234 578 1416 640 gaudia
1435 576 1602 624 sumit.

220 657 291 705 Ut
314 674 404 705 sua
427 666 647 705 maturus
673 657 940 720 complevit
963 663 1188 720 tempora
1211 663 1396 710 venter,

262 790 335 819 307.
361 789 446 821 Tulit
462 789 612 820 debemus
628 789 768 824 Heinsio,
780 789 833 830 qui
849 794 881 819 et

221 847 292 867 mox
317 837 407 867 malit
434 840 556 879 tetigit;
591 848 721 878 quorum
747 837 825 867 illud
849 837 881 867 in

222 885 327 915 multis
340 893 398 921 est,
412 886 468 916 hoc
484 886 516 916 in
527 886 744 916 Ambrosiano.
769 885 882 916 Caeteri

212 933 293 973 sert.
333 933 425 973 Regii
437 934 607 974 nostrifert
622 939 652 964 et
668 936 780 976 tangit.
826 934 883 963 Er-

222 981 302 1012 ravit
316 982 419 1012 forsan
436 983 544 1023 Gierig
559 982 612 1023 qui
629 982 709 1012 hanc
725 987 829 1012 notam
845 992 882 1012 ex

224 1029 403 1060 doctissimo
416 1031 590 1060 Burmanni
600 1030 822 1060 commentario
838 1030 884 1060 in-

224 1086 340 1120 tegram
354 1080 448 1121 cepit.
464 1081 495 1109 Is
504 1079 586 1110 enim
596 1079 760 1121 scripserat
775 1083 795 1096 “
807 1090 883 1120 quo-

224 1139 291 1158 rum
310 1128 368 1158 hoc
390 1128 421 1159 in
442 1129 548 1159 multis
567 1134 632 1159 est:
657 1128 737 1158 illud
758 1128 790 1158 in
807 1128 885 1158 Arn-

223 1176 366 1207 brosiano
381 1177 410 1215 ;'’
440 1177 523 1207 unde
547 1183 677 1218 apparet
697 1178 732 1208 τὸ
756 1181 775 1194 “
794 1177 852 1208 hoc
866 1178 884 1189 ‘³'

225 1226 265 1256 ad
282 1229 382 1268 tetigit
399 1232 430 1257 et
449 1227 487 1257 τὸ
503 1231 523 1243 “
538 1226 647 1256 illud’'
666 1226 705 1256 ad
729 1228 802 1256 tulit
818 1237 884 1257 esse

225 1274 419 1305 referendum
435 1286 442 1312 ;
458 1281 489 1304 et
504 1285 604 1305 meam
617 1274 803 1305 sententiam
815 1286 885 1316 pro-

225 1323 313 1359 bant,
339 1333 408 1364 quae
433 1329 605 1364 sequuntur
629 1323 764 1353 “caeteri
780 1323 884 1363 fert.’'

230 1372 309 1402 Inde
339 1372 452 1402 certius
487 1372 583 1402 haeret
612 1371 687 1401 mihi
723 1372 754 1402 in
783 1378 886 1402 mente

227 1421 403 1457 Heinsium,
430 1420 532 1450 nimiae
562 1420 736 1461 corrigendi
762 1427 792 1451 et
819 1432 885 1451 mu-

228 1469 316 1499 tandi
335 1474 454 1499 textum
472 1468 606 1499 auctoris
625 1469 763 1510 cupidini
784 1469 885 1498 indul-

229 1523 365 1558 gentem,
394 1517 452 1548 hoc
488 1518 567 1553 Ιοεο,
596 1525 632 1549 ut
659 1518 772 1558 saepius
801 1518 887 1553 alibi,

229 1567 358 1596 verbum
388 1566 485 1597 rarius
513 1577 567 1608 pro
596 1567 795 1608 frequentiori
822 1567 887 1597 sine

228 1625 323 1645 causa
355 1615 524 1656 accepisse.
574 1615 722 1655 l'irgaque
758 1622 889 1645 mot-ente

228 1674 365 1702 soporem.
412 1664 462 1693 De
481 1663 569 1704 virga
586 1664 642 1694 illa
661 1663 795 1694 diximus
812 1664 851 1694 ad
867 1665 888 1694 i.

229 1713 289 1742 671
306 1718 337 1742 et
352 1712 425 1742 715.
456 1712 585 1747 Morere,
603 1722 771 1742 arcessere.
802 1712 888 1743 Alibi

233 1764 340 1791 ducere
355 1772 483 1798 somnos‚·
507 1760 540 1791 ii.
556 1762 637 1799 735·,
662 1762 781 1791 Seneca
795 1762 889 1792 Herc.

231 1811 295 1840 (Et.
306 1810 381 1841 645.
406 1810 529 1851 Tangit,
541 1808 668 1851 Θέλγειν
682 1810 720 1840 de
731 1810 790 1840 hac
804 1811 889 1851 virga

229 1858 376 1889 dixerunt
404 1859 530 1896 Graeci3
568 1858 671 1888 Latini
700 1860 830 1889 mulcere
859 1865 889 1890 et

229 1909 422 1946 permulcere.
465 1907 553 1937 [ιιι-εί
568 1917 674 1937 somno
690 1918 846 1948 oppressa.

273 1956 347 1986 309.
377 1956 443 1986 Nox
457 1963 617 1995 sparserat,
633 1962 693 1986 etc.
714 1956 891 1987 ostenderat

231 2004 347 2034 coelum
367 2015 511 2043 sparsum,
537 2004 740 2044 variegatum,
765 2004 887 2036 stellis:

231 2053 264 2083 ii.
276 2053 348 2082 193.
361 2064 462 2092 sparsa
478 2054 625 2082 miracula
640 2055 669 2082 iu
681 2055 764 2083 coelo.
782 2054 890 2084 Horat.

233 2102 259 2131 I.
271 2102 336 2131 Sat.
349 2113 378 2131 v.
391 2103 440 2132 10.
457 2102 523 2131 Nos
537 2103 606 2132 cu'lo
619 2102 790 2142 diffundere
805 2106 892 2144 signa

230 2152 370 2190 parabat.
396 2152 494 2180 Anum
511 2152 632 2181 simulat
646 2161 730 2180 more
743 2151 891 2187 Deorum,

233 2209 331 2238 quum
356 2198 494 2239 aliquem
518 2198 662 2240 decipere
686 2199 823 2235 vellent;
848 2199 891 2230 iii.

233 2248 318 2285 275;
357 2247 398 2277 vi.
427 2249 467 2278 26
482 2260 488 2285 3
525 2247 588 2277 xiv.
618 2248 690 2277 655.
738 2248 892 2287 Proecepta

233 2298 360 2337 gaudia,
375 2296 441 2336 jam
465 2302 559 2326 antea
579 2303 672 2337 capta
692 2296 742 2326 vel
765 2307 782 2326 a
805 2297 890 2328 Mer-

234 2343 318 2374 curio
342 2343 491 2384 (Heroid.
509 2344 583 2373 xvii.
606 2345 675 2374 107.
695 2345 743 2374 Ad
765 2355 889 2383 possessa

233 2395 314 2423 venis
327 2400 530 2432 praeceptaque
550 2394 666 2433 gaudia
683 2404 776 2423 serus.
822 2394 891 2433 Spes

235 2448 287 2471 tua
301 2442 476 2482 lentafuit:
500 2443 575 2481 quod
587 2443 672 2481 petis,
686 2443 764 2472 alter
776 2443 889 2481 habet)

236 2490 285 2520 vel
306 2491 344 2520 ab
365 2491 430 2532 ipso
448 2490 595 2532 Apolline
613 2496 717 2521 mente
731 2492 796 2532 jam
812 2502 890 2533 prae-

235 2544 337 2579 cepta,
361 2544 395 2568 ut
414 2539 504 2579 Eleg.
531 2539 569 2568 ad
592 2538 659 2569 Liv.
675 2540 726 2570 29.
746 2547 892 2580 precepta

235 2594 332 2616 ‘mente
358 2587 482 2627 fiwehas
507 2589 632 2628 gaudia.
680 2587 803 2619 Gaudia
834 2600 891 2620 vox

236 2635 359 2676 propria
375 2635 405 2664 in
421 2635 478 2666 hac
493 2646 537 2666 re.
569 2636 700 2670 Sumere,
718 2637 891 2678 percipere3

237 2683 306 2714 Art.
324 2684 428 2714 Amat.
445 2684 490 2714 iii.
506 2686 577 2714 661.
594 2696 712 2724 carpere
725 2687 854 2726 gaudia.

1508 655 1600 700 311

992 790 1065 819 311.
1092 788 1210 824 Venter,
1226 798 1303 818 onus
1313 786 1439 818 ventris.
1464 786 1609 816 Maturus

948 837 1021 868 vide
1038 837 1078 868 ad
1094 837 1136 868 ix,
1149 839 1225 868 283.
1250 838 1382 876 Alipedis
1396 834 1546 866 Mercurii
1562 839 1609 864 ta-

948 887 1028 917 laria
1043 887 1127 917 alata
1138 886 1169 915 in
1183 885 1313 927 pedibus
1328 884 1479 926 gestantis
1492 896 1501 922 3
1525 882 1608 924 quod

950 934 1065 964 idcirco
1091 933 1230 975 fingitur,
1260 933 1335 974 quia
1359 933 1537 963 Mercurius
1560 941 1609 961 ve-

950 981 1105 1012 locissima
1143 988 1189 1012 est
1225 982 1363 1012 omnium
1400 980 1607 1022 planetarum.

952 1030 1047 1069 Stirps
1066 1030 1136 1066 Dei,
1152 1030 1241 1060 Deus
1254 1035 1410 1070 quatenus
1425 1034 1491 1059 erat
1509 1030 1609 1067 stirps,

950 1084 1049 1119 pater,
1064 1080 1247 1120 propaginis,
1264 1078 1331 1108 filii.
1366 1078 1540 1119 Utrumque
1557 1088 1610 1108 vo-

951 1127 1099 1157 cabulum
1115 1128 1154 1157 ab
1169 1126 1329 1157 arboribus
1344 1126 1537 1156 translatum.
1561 1126 1611 1156 De

952 1177 1100 1215 Autolyco
1117 1176 1223 1206 confer
1242 1175 1361 1216 Hygini
1379 1175 1516 1205 fabulam
1536 1176 1610 1205 201.

950 1230 981 1254 et
1007 1223 1182 1265 Pherecyd.
1211 1223 1244 1253 d.
1269 1223 1292 1254 l.
1318 1224 1368 1254 De
1392 1223 1523 1264 conjuge
1546 1224 1612 1264 ejus

951 1273 1022 1303 vide
1043 1283 1135 1314 supra
1155 1272 1217 1303 viii.
1236 1273 1309 1302 738.
1354 1273 1386 1302 Is
1402 1277 1522 1313 poterat
1539 1284 1609 1302 can-

955 1324 1026 1351 dida
1047 1324 1082 1352 de
1103 1324 1211 1363 nigris,
1229 1329 1256 1351 et
1277 1324 1313 1352 de
1333 1323 1528 1352 candentibus
1542 1328 1611 1351 (ιίνιι

944 1371 1054 1411 facere
1067 1383 1076 1407 ;
1104 1377 1201 1401 artem
1216 1370 1299 1401 enim
1313 1375 1477 1411 acceperat
1493 1380 1511 1400 a
1525 1377 1612 1412 patre

956 1426 986 1448 et
1000 1419 1133 1449 colorem
1149 1425 1180 1449 et
1195 1419 1324 1449 formam
1340 1429 1439 1448 rerum
1456 1425 1613 1460 raptarum

955 1468 1108 1503 mutandi,
1125 1479 1163 1498 ne
1184 1467 1465 1509 deprehenderetur
1481 1467 1512 1497 in
1534 1468 1614 1498 furto

956 1517 1175 1557 rapacissimus
1204 1517 1389 1557 Autolycus.
1434 1516 1612 1546 Secundum

955 1565 1171 1606 Pherecydem
1199 1571 1318 1606 poterat
1352 1565 1433 1595 furta
1457 1564 1613 1596 ἀλλοιοῦν

955 1612 999 1649 εἰς
1011 1614 1027 1643 ’ὀ
1045 1612 1130 1644 θέλοι
1147 1616 1284 1654 μορφῆς,
1301 1613 1332 1643 id
1350 1613 1429 1654 quod
1450 1613 1542 1643 latius
1559 1624 1611 1644 ex-

955 1662 1053 1703 plicat
1068 1663 1232 1702 Hyginus:
1259 1668 1278 1679 “
1292 1663 1336 1692 Ut
1351 1662 1504 1704 quidquid
1521 1662 1612 1693 surri—

957 1710 1083 1751 puisset,
1095 1711 1127 1741 in
1137 1721 1356 1752 quamcunque
1366 1711 1498 1751 effigiem
1511 1711 1615 1747 vellet,

957 1766 1221 1796 transmutaretur,
1233 1771 1270 1790 ex
1286 1761 1357 1790 albo
1370 1760 1401 1790 in
1416 1759 1549 1801 nigrum,
1565 1761 1614 1792 vel

957 1819 993 1839 ex
1021 1809 1107 1850 nigro
1131 1809 1163 1839 in
1191 1810 1307 1846 album,
1331 1810 1363 1839 111
1387 1816 1549 1840 cornutum
1577 1821 1614 1840 ex

957 1857 1077 1893 mutilo,
1095 1857 1125 1888 in
1148 1858 1291 1888 mutilum
1308 1869 1346 1888 ex
1368 1859 1531 1889 cornuto.’'
1576 1860 1614 1890 In

958 1906 1004 1936 his
1033 1907 1150 1937 artibus
1176 1918 1236 1938 non
1261 1909 1387 1948 degener
1415 1914 1481 1938 erat
1510 1909 1615 1949 patris.

958 1956 1007 1985 De
1025 1955 1184 1986 fraudibus
1206 1962 1237 1986 et
1260 1956 1350 1986 furtis
1374 1956 1523 1986 Mercurii
1539 1958 1614 1987 Jam'

958 2004 1036 2034 Exc.
1054 2003 1099 2033 iii.
1120 2004 1159 2034 ad
1180 2004 1354 2040 Horatium,
1374 2004 1427 2034 lib.
1448 2005 1468 2035 i.
1491 2006 1552 2036 Od.
1570 2006 1614 2037 ita

954 2052 1096 2092 judicat:
1123 2057 1142 2068 ‘¹
1153 2052 1307 2089 Quoniam
1325 2053 1439 2088 omnia,
1454 2055 1486 2084 in
1501 2054 1615 2095 quibus

958 2100 1075 2141 ingenii
1090 2101 1215 2131 solertia
1229 2101 1373 2137 cernitur,
1387 2102 1545 2133 Mercurio
1562 2104 1614 2134 tri-

957 2150 1104 2185 buuntur,
1120 2150 1192 2180 hinc
1213 2150 1302 2180 Deus
1323 2156 1368 2180 est
1383 2151 1482 2181 omnis
1500 2153 1562 2182 doli
1577 2163 1613 2183 ac

947 2199 1088 2240 fraudis,
1106 2199 1137 2229 in
1154 2209 1216 2240 qua
1235 2199 1384 2229 callidum
1406 2210 1537 2230 acumen
1557 2208 1616 2238 est,

958 2257 1019 2287 qua
1043 2247 1210 2287 imponitur
1233 2252 1264 2276 et
1291 2247 1431 2278 illuditur
1454 2248 1532 2284 aliis,
1564 2251 1613 2280 vel

957 2294 1123 2336 prudentia
1138 2295 1221 2325 civili
1237 2306 1272 2325 ac
1290 2296 1405 2326 bellica
1422 2297 1612 2337 postulante,

958 2344 1007 2374 vel
1024 2344 1120 2374 animi
1135 2350 1257 2374 tantum
1273 2344 1450 2375 oblectandi
1466 2345 1614 2377 innocen-

956 2391 1057 2432 tisque
1076 2392 1139 2432 joci
1160 2392 1283 2428 edendi,
1304 2399 1358 2423 aut
1376 2393 1490 2433 ingenii
1511 2400 1613 2425 osten-

957 2439 1051 2470 dendi
1065 2450 1178 2471 causa:
1205 2452 1264 2482 quo
1279 2442 1439 2472 referenda
1453 2452 1480 2472 e.
1492 2453 1523 2483 g.
1533 2443 1615 2474 furta

952 2489 1068 2530 jocosa,
1087 2489 1261 2530 praestigiae,
1278 2490 1436 2520 illusiones
1456 2501 1613 2527 sensuum,

957 2545 1017 2568 etc.
1062 2538 1155 2574 Quod
1183 2539 1359 2569 universum
1387 2549 1481 2580 quum
1511 2540 1614 2571 Graeci

957 2587 1100 2624 κλοπὴν,
1125 2587 1226 2617 Latini
1240 2588 1367 2628 f'urtzmz
1392 2587 1507 2622 dicant,
1532 2589 1612 2629 ipse-

960 2646 1020 2676 que
1037 2636 1210 2666 Mercurius
1222 2636 1293 2667 inde
1302 2637 1454 2677 ληϊστήρ,
1467 2638 1613 2678 φιλητῶυ

961 2685 1116 2726 ὀρχαμὸς,
1129 2685 1203 2724 sur,
1216 2685 1344 2726 suvibus
1365 2693 1463 2724 aptus,
1481 2692 1540 2716 etc.
1558 2696 1613 2716 au·
