1779 3130
265 163 350 204 426

653 158 702 197 Ρ.
738 156 950 198 OVlDII
984 155 1261 197 NASONIS

270 276 527 336 Poenaque
553 288 682 318 mors
712 271 874 334 posita
899 278 975 316 est
1006 269 1217 332 patriam
1243 275 1433 314 mutare
1457 268 1656 314 volenti.

273 350 531 398 Candidus
553 349 756 395 Oceano
775 347 987 393 nitidum
1013 352 1163 408 caput
1187 344 1446 390 abdiderat
1473 344 1575 399 Sol,
1597 347 1660 390 30

272 426 337 472 Et
361 432 514 488 caput
537 424 787 472 extulerat
813 422 1111 470 densissima
1135 421 1383 467 sidereum
1410 436 1531 468 nox:

271 501 420 549 Visus
448 501 624 548 adesse
651 501 783 546 idem
810 499 950 545 Deus
977 507 1067 552 est,
1096 497 1373 559 eademque
1400 512 1626 553 monere;

273 578 353 634 Et,
381 577 474 624 nisi
501 577 734 640 paruerit,
762 576 907 638 plura
931 582 981 620 et
1005 574 1226 636 graviora
1250 573 1439 619 minari.

273 653 555 709 Pertimuit,
584 653 899 716 patriumque
926 651 1071 697 simul
1096 650 1360 697 transferre
1385 649 1662 712 parabat34

273 731 331 777 In
352 731 498 778 sedes
522 730 775 792 penetrale
797 744 946 774 novas
966 746 976 783 ;
1000 728 1056 773 fit
1075 743 1295 773 murmur
1316 726 1365 772 in
1382 727 1519 780 urbe,
1565 726 1664 786 [est

273 808 668 870 Spretarumque
706 805 868 868 agitur
900 806 1065 866 legum
1096 820 1230 850 reus:
1275 810 1431 864 utque
1463 809 1667 864 peracta

274 884 442 930 Causa
468 882 615 946 prior,
634 883 925 944 crimenque
946 887 1086 944 patet
1104 881 1209 927 sine
1228 887 1356 926 teste
1381 880 1661 942 probatum,

273 960 544 1023 Squalidus
571 960 631 1006 ad
661 960 881 1023 Superos
907 959 1084 1006 tollens
1111 974 1222 1004 reus
1249 972 1333 1003 ora
1358 971 1661 1018 manusque3

274 1043 304 1060 “
328 1036 371 1082 O
400 1037 475 1082 cui
498 1037 582 1098 jus
608 1037 719 1082 coeli
746 1037 822 1083 bis
848 1052 937 1082 sex
963 1035 1126 1082 fecere
1152 1035 1362 1088 labores,
1421 1031 1665 1093 [auctor.⁷'

273 1113 368 1159 Fer
382 1113 604 1176 precor‚”
629 1113 805 1175 inquit,
831 1119 859 1135 ‘⁶
881 1127 1026 1174 opem
1047 1129 1055 1157 :
1097 1126 1211 1157 nam
1232 1118 1284 1156 tu
1301 1108 1419 1155 mihi
1446 1108 1664 1154 criminis

270 1189 384 1236 Mos
410 1198 516 1236 erat
541 1190 794 1251 antiquus,
823 1189 977 1235 niveis
1004 1188 1225 1249 atrisque
1251 1185 1450 1249 lapillis,
1598 1187 1657 1230 41

271 1265 364 1313 His
390 1266 626 1313 damnare
652 1282 778 1320 reOS‚
808 1266 903 1312 illis
930 1265 1185 1312 absolvere
1211 1264 1388 1326 culpae.

310 1419 362 1448 30.
390 1419 546 1448 Candidus
565 1428 583 1447 a
601 1429 678 1448 nuro
695 1418 803 1448 nitore.
852 1418 931 1448 Can-

267 1470 338 1498 dida
355 1469 475 1497 Aurora
493 1467 651 1502 Tibullus,
675 1467 700 1496 I.
718 1466 762 1497 iii.
779 1468 820 1497 94
836 1479 842 1503 3
869 1468 932 1497 Lu-

266 1517 342 1556 cifer
366 1517 450 1546 albus
468 1515 547 1546 infra
570 1526 633 1546 ver.
660 1516 731 1545 159.
778 1516 933 1546 Praeclare

267 1566 352 1596 nocti
379 1572 471 1604 capnt
494 1567 652 1599 sidereum,
681 1564 780 1595 stellis
805 1565 934 1595 distinc-

268 1621 346 1650 tum,
368 1614 524 1648 tribuitur,
546 1613 641 1654 idque
657 1613 756 1654 effert,
775 1624 871 1654 quum
886 1613 933 1643 in-

267 1663 350 1704 gruit
365 1675 373 1700 ;
397 1663 556 1699 Horatius,
574 1662 672 1703 Epod.
684 1663 715 1692 ii.
733 1663 781 1692 17.
797 1665 932 1693 decorum

269 1714 389 1743 mitibus
411 1714 501 1751 pomis
529 1718 619 1750 caput
653 1713 827 1742 Autumnus
853 1713 934 1741 aruis

267 1763 386 1791 extulit.
435 1762 534 1791 Ρίιινα
563 1768 591 1790 et
622 1762 773 1801 graviora.
820 1761 934 1801 Confer

267 1820 339 1840 cum
365 1810 423 1840 hoc
447 1809 566 1840 somnio
589 1808 618 1838 id
651 1809 734 1850 quod
761 1808 800 1839 de
825 1808 933 1839 Atinio

268 1858 337 1889 Liv.
354 1858 387 1888 ii.
404 1859 458 1889 36.
474 1859 579 1889 refert.

310 1908 364 1938 34.
405 1907 547 1937 Patrium
588 1908 752 1946 penetrale,
791 1914 931 1948 penates,

266 1956 352 1986 Deos
369 1956 495 1996 patrios,
521 1965 654 1996 quorum
678 1955 846 1985 simulacra
869 1961 931 1985 sta-

267 2005 341 2034 bant
357 2005 388 2034 in
405 2004 567 2044 penetrali.
598 2004 679 2034 Hinc
698 2004 752 2033 Dii
766 2006 933 2042 penetrales

266 2052 351 2094 apud
381 2053 450 2083 Cic.
482 2053 557 2083 Nat.
586 2053 683 2082 Deor.
712 2052 744 2082 ii.
770 2053 821 2082 27.
867 2053 930 2088 Qui

266 2101 348 2131 enim
375 2101 406 2131 in
429 2111 525 2131 novas
547 2101 638 2130 sedes
661 2101 847 2140 migrabant,
870 2101 930 2130 Pe-

264 2155 354 2179 nates
370 2159 474 2179 secum
497 2149 661 2180 transferre
679 2149 834 2182 solebant.
852 2156 884 2178 ut
900 2155 930 2179 et

265 2198 307 2227 ibi
337 2203 471 2238 patriam
500 2197 680 2238 religionem
714 2197 929 2234 instituerent;

265 2245 353 2286 Virg.
377 2245 415 2275 de
439 2247 553 2281 AEnea,
577 2248 646 2275 (lum
665 2248 803 2276 conderet
828 2247 927 2275 urbem

267 2293 458 2334 Inferi-etque
477 2294 552 2324 Deos
569 2295 670 2324 Latio.

308 2343 361 2372 36.
385 2344 500 2384 Agitur
522 2354 601 2378 reus,
623 2348 799 2373 accusatur.
844 2343 927 2373 Nam

264 2389 378 2432 injure
390 2391 535 2421 Romano
550 2403 638 2432 agere
652 2392 715 2432 [ege
731 2391 928 2427 dicebantur,

265 2439 317 2480 qui
333 2450 370 2471 ex
393 2440 463 2481 lege
478 2440 527 2470 vel
551 2441 754 2475 accusabant,
776 2440 825 2470 vel
841 2446 927 2481 pete-

263 2488 352 2520 bant.
379 2489 477 2519 Causa
490 2491 574 2528 prior
587 2499 656 2529 quae
673 2489 723 2524 sit,
740 2499 800 2519 non
817 2489 928 2529 liquet.

263 2537 344 2568 Tan.
366 2538 466 2568 Faber
494 2539 575 2568 male
602 2538 803 2573 emendabat,
830 2538 930 2569 Causa

253 2585 352 2626 fnit,·
391 2587 502 2617 melius
531 2586 692 2622 Heinsius,
726 2588 822 2617 Causa
860 2590 929 2618 viri.

264 2632 337 2664 Sine
359 2634 455 2665 dubio
476 2647 565 2666 eausa
587 2638 669 2674 prior
687 2642 734 2666 est
756 2635 837 2676 prior
858 2646 929 2675 pars

264 2693 377 2718 causae,
395 2684 531 2721 cognitio
548 2684 674 2724 judicis.
725 2685 837 2714 Postea
858 2695 926 2715 sen-

1000 1418 1106 1448 tentiae
1144 1417 1334 1451 ferebantur,
1364 1426 1433 1456 quae
1467 1421 1533 1445 erat
1569 1424 1664 1445 causa

1000 1465 1158 1507 posterior.
1189 1465 1316 1505 Squalor
1332 1472 1363 1495 et
1378 1466 1474 1494 sordes
1489 1464 1666 1494 tribuuntur

1001 1514 1070 1550 reis,
1089 1513 1279 1555 lugentibus,
1296 1513 1558 1555 supplicantibus.

1043 1564 1094 1593 39.
1114 1563 1273 1602 Ocuijns,
1286 1563 1362 1603 etc.]
1384 1563 1484 1599 Quem
1499 1561 1663 1592 duodecim

1001 1613 1121 1643 labores
1151 1613 1280 1653 dignum
1303 1612 1484 1653 probarunt,
1508 1611 1560 1652 qui
1587 1611 1664 1641 reci-

1001 1667 1125 1703 peretur
1148 1662 1228 1692 inter
1251 1662 1353 1692 Deos·
1396 1662 1525 1695 Seneca,
1546 1661 1662 1699 Agam.

1002 1711 1075 1741 812.
1105 1710 1186 1740 Tuus
1212 1711 1263 1740 ille
1285 1711 1325 1740 bis
1347 1721 1414 1740 seno
1439 1712 1547 1739 meruit
1567 1710 1664 1738 labore

1002 1760 1102 1800 Allegi
1119 1761 1189 1790 coelo
1204 1770 1331 1800 maguus
1347 1760 1476 1788 Alcides
1535 1758 1662 1788 Forinu-

1000 1807 1064 1837 lam
1078 1809 1135 1847 jus
1149 1808 1259 1849 facere
1283 1807 1465 1848 comprobat
1488 1806 1601 1837 Heius.
1623 1816 1661 1837 ex

1001 1857 1084 1887 Fast.
1110 1856 1152 1886 vi.
1177 1857 1230 1887 25.
1278 1856 1422 1886 Criminis
1447 1862 1564 1890 (luctor,
1589 1854 1663 1896 quia

999 1905 1097 1935 suasit
1123 1911 1154 1935 et
1183 1905 1274 1935 minis
1300 1904 1447 1946 perpulit,
1478 1910 1512 1935 ut
1537 1904 1665 1935 commi-

1001 1959 1116 1993 graret.

1044 2004 1094 2032 41.
1123 2002 1262 2041 Lapillis,
1292 2002 1426 2043 ψήφοις,
1459 2002 1540 2033 unde
1566 2002 1663 2043 ψηφί-

1000 2051 1119 2085 ζεσθαι.
1166 2051 1279 2082 Postea
1308 2051 1398 2087 fabae,
1429 2050 1553 2091 κύαμοι,
1577 2062 1664 2081 usur-

999 2101 1165 2141 pabantur.
1201 2100 1345 2130 Breviter
1361 2106 1466 2130 autem
1481 2101 1604 2130 locutus
1618 2106 1665 2131 est

999 2159 1065 2190 pro,
1092 2150 1205 2187 lapillis
1227 2150 1283 2184 uti,
1315 2155 1409 2189 atque
1437 2150 1479 2178 his
1508 2150 1662 2183 damnare,

998 2204 1058 2228 etc.
1104 2198 1191 2228 Faba
1216 2204 1320 2229 tamen
1346 2199 1378 2228 in
1398 2198 1581 2239 magistratu
1605 2198 1660 2228 eli-

997 2246 1109 2287 gendo,
1123 2246 1245 2277 calculo
1258 2247 1287 2277 in
1299 2246 1426 2288 judiciis
1439 2247 1487 2277 vel
1499 2246 1662 2277 sententiis

997 2295 1133 2336 politicis
1149 2295 1282 2326 ferendis
1301 2296 1469 2325 utebantur
1485 2294 1659 2325 Athenien-

997 2353 1055 2373 ses.
1080 2343 1141 2373 Eo.
1189 2343 1302 2381 Culpoe,
1324 2349 1358 2373 ut
1378 2342 1452 2373 alibi
1473 2344 1661 2382 injuriarum

996 2393 1125 2432 aliquem
1161 2394 1317 2423 absolvere.
1364 2393 1518 2422 Sententia
1556 2394 1661 2428 tristis,

997 2451 1117 2477 severa,
1129 2441 1262 2481 ingrata,
1273 2452 1343 2482 quae
1356 2440 1458 2472 reddit
1467 2451 1533 2471 reos
1546 2440 1660 2471 tristes.

997 2489 1145 2520 Similiter
1171 2490 1253 2530 apud
1284 2490 1353 2521 Cic.
1384 2492 1600 2529 tristisjndffl,
1627 2495 1659 2520 et

998 2540 1092 2568 tristis
1117 2541 1216 2575 litera,
1239 2539 1328 2569 litera
1347 2539 1498 2569 damnans
1515 2538 1551 2568 C.
1598 2538 1659 2568 Im-

998 2590 1078 2617 mitis
1104 2600 1196 2623 urna,
1226 2588 1300 2628 quia
1332 2588 1487 2618 sententia
1521 2587 1658 2622 immitis,

998 2636 1095 2667 dura:
1122 2637 1165 2667 sic
1189 2637 1232 2667 iii.
1257 2637 1329 2667 697.
1353 2638 1486 2667 crudelia
1509 2639 1586 2666 necis
1611 2639 1656 2666 in—

999 2693 1178 2715 strumenta.
