1779 3130
245 160 329 201 428

632 159 682 198 P.
717 157 928 197 OVIDII
962 156 1242 197 NASONIS

248 274 390 321 Talia
413 273 675 319 constabat
699 279 836 318 certa
859 271 1127 334 primordia
1151 270 1282 317 fama

249 349 375 395 Esse
399 348 512 403 loci,
536 348 813 411 positaeque
840 347 978 413 Italis
1003 347 1051 392 in
1076 347 1258 393 finibus
1284 347 1434 392 urbis.

316 425 386 472 II.
426 425 514 470 Vir
534 424 627 470 fuit
646 424 724 470 hic
745 431 854 470 ortu
877 423 1098 470 Samius:
1129 423 1217 470 sed
1238 422 1432 484 fugerat
1450 437 1549 468 una
1573 426 1636 469 60

250 501 316 548 Et
343 502 544 556 Samon,
572 508 622 547 et
645 500 902 556 dominos;
943 498 1158 560 odioque
1184 497 1460 561 tyrannidis
1487 499 1604 544 exul

253 578 445 641 Sponte
471 584 606 625 erat:
647 578 806 639 isque,
832 577 949 623 licet
973 575 1083 622 coeli
1111 575 1311 636 regione
1336 581 1570 628 remotos,

251 654 425 701 Mente
453 654 588 701 Deos
614 654 735 701 adiit
760 671 769 700 :
810 660 875 709 et,
904 669 1016 715 quae
1043 659 1218 698 natura
1243 651 1458 712 negabat

248 730 452 777 Visibus
478 731 722 785 humanis,
750 730 906 777 oculis
933 745 991 776 ea
1017 729 1230 792 pectoris
1256 727 1438 774 hausit.
1577 730 1637 774 64

249 807 519 869 Quumque
541 808 720 861 animo,
744 814 795 854 et
812 805 944 868 vigili
970 812 1298 869 perspexerat
1317 804 1482 850 omnia
1500 819 1633 858 cura,

295 940 346 970 58.
388 939 475 969 Talia
494 940 799 980 constabat——w-bis.]
848 939 912 968 Hos

252 998 356 1018 versus
375 988 452 1018 duos
467 988 639 1030 suppositos
654 999 721 1019 esse
741 988 910 1018 arbitraba-

250 1042 300 1067 tur
323 1037 444 1077 Tanaq.
468 1038 590 1076 Faber;
627 1037 683 1068 sed
709 1037 854 1078 leguntur
881 1036 913 1066 in

250 1085 393 1115 omnibus
409 1085 496 1116 libris
511 1086 642 1127 scriptis.
677 1086 727 1116 De
744 1085 913 1125 originibus

251 1134 394 1165 Crotonis
424 1135 523 1165 multa
559 1135 655 1166 habet
691 1134 843 1176 Leopard.
880 1134 912 1164 in

252 1184 433 1214 Emendatt.
449 1195 518 1226 cap.
538 1185 588 1214 14.

295 1233 457 1263 60—478.
490 1233 638 1274 Dogmata
670 1233 819 1262 nonnulla
850 1231 912 1270 Py-

252 1283 418 1323 thagorica,
437 1292 507 1322 quae
524 1292 619 1322 quum
636 1281 674 1311 de
690 1279 913 1311 mutationibus

252 1336 358 1371 agant,
386 1335 590 1370 ornatumque
621 1329 711 1359 facile
747 1327 915 1359 admittant

252 1379 421 1421 poeticum,
439 1379 540 1409 locum
560 1379 592 1408 in
615 1378 670 1408 hoc
686 1388 777 1418 opere
797 1377 914 1407 habent

253 1428 464 1458 commodum.
511 1427 613 1458 Etiam
629 1427 686 1457 hoc
701 1428 815 1467 placet,
832 1425 915 1467 quod

252 1477 447 1518 Pythagoras
462 1476 527 1517 ipse
543 1476 656 1506 docens
672 1475 839 1506 inducitur.
864 1475 914 1505 De

252 1526 443 1566 Pythagora,
474 1525 538 1555 viro
566 1525 690 1565 insigni,
721 1525 786 1566 ejus
811 1524 913 1559 rebus,

253 1573 413 1609 institutis,
430 1573 559 1608 familia,
576 1573 698 1614 copiose
716 1580 747 1603 et
761 1571 915 1603 subtiliter

255 1622 394 1664 disputat
408 1623 540 1652 stleiners
555 1624 587 1652 in
603 1624 655 1651 der
674 1622 848 1653 Gesclzichte
862 1624 915 1652 dcv·

259 1671 433 1701 Wissensch.
451 1673 482 1701 in
500 1671 725 1701 Griechenluml
745 1673 806 1701 und
828 1672 915 1701 Rom.

254 1725 328 1750 tom.
343 1719 365 1750 i.
381 1720 435 1749 lib.
453 1720 484 1750 3.

298 1769 438 1799 60—72.
467 1769 608 1808 Virfitir,
623 1768 700 1808 etc.]
726 1768 776 1799 De
795 1768 912 1810 Pytha-

253 1827 328 1858 gora
352 1817 430 1858 ipso,
461 1817 590 1858 ejusque
625 1817 819 1858 philosophia
844 1817 913 1848 uni-

256 1876 351 1896 verse.
399 1866 471 1901 Hic,
502 1866 651 1901 Crotone,
685 1872 793 1907 postea
819 1866 913 1896 etiam

255 1915 445 1955 Metaponti,
473 1914 526 1944 ubi
547 1913 699 1952 decessit3
724 1915 825 1944 Cicer.
845 1914 913 1944 Fin.

257 1975 284 1994 v.
297 1964 337 2001 23
361 1963 515 1999 Jusffinus,
527 1974 578 1994 xx.
595 1965 624 1994 4.
654 1963 811 1994 Reversus
826 1974 844 1994 a
859 1974 912 2004 pe-

254 2012 473 2052 regrinatione,
503 2022 565 2052 qua
602 2012 775 2052 AElgyptum
802 2012 914 2042 lustra-

255 2065 353 2095 verat,
375 2059 613 2100 Persarumque,
642 2065 677 2090 ut
706 2066 824 2090 veteres
848 2066 912 2090 tra-

256 2108 347 2143 dunt,
365 2118 472 2148 magos
488 2108 606 2138 adierat
619 2108 704 2148 (Cic.
715 2108 785 2138 Fin.
799 2120 828 2139 v.
844 2107 914 2148 29.)

256 2167 433 2198 oppressam
457 2156 570 2197 reperit
594 2156 726 2197 patriam
753 2159 916 2197 tyrannide

259 2204 454 2246 Polycratis;
479 2205 639 2246 Diogenes
652 2206 756 2235 Laert.
774 2205 836 2236 viii.
853 2207 913 2245 473

255 2254 457 2290 Plutarchus,
469 2253 508 2284 de
520 2253 634 2285 Placit.
646 2254 668 2284 i.
681 2256 713 2285 3.
739 2255 817 2291 Quae
834 2266 915 2286 nova

255 2303 363 2344 patriae
393 2303 489 2332 forma
517 2303 545 2333 ei
571 2303 740 2344 displicuit,
767 2304 825 2334 sub
852 2315 914 2345 qua

255 2361 317 2381 non
331 2352 464 2392 putabat
479 2361 511 2381 se
527 2351 721 2387 effecturum,
738 2363 808 2393 quae
826 2353 914 2382 moli-

256 2405 349 2435 retur,
376 2410 473 2440 quum
495 2406 601 2430 eontra
629 2400 760 2431 Graeciae
788 2402 914 2442 Magnae

255 2448 399 2479 civitates
409 2459 479 2479 eum
494 2449 601 2479 multis
616 2449 717 2480 causis
728 2450 915 2488 invitarent3

257 2497 402 2532 Meiners,
419 2509 448 2538 p.
458 2498 530 2528 392.
570 2498 689 2538 Fugere
700 2509 744 2539 pr.
753 2498 792 2529 de
803 2499 893 2529 exule
904 2511 912 2536 ;

257 2547 325 2575 erue
346 2552 449 2576 autem
474 2546 567 2576 etiam
590 2547 625 2582 is,
651 2547 703 2587 qui
727 2555 835 2588 sponte
860 2558 914 2589 pa—

257 2593 346 2624 triam
363 2594 488 2625 deserit.
513 2596 666 2630 Dominus,
681 2596 850 2631 dominum,
867 2602 914 2637 ty-

256 2652 398 2674 rannum.
447 2643 533 2674 Vixit
548 2650 652 2674 autem
669 2645 874 2685 Pythagoras,
889 2645 912 2675 si

259 2691 360 2722 verius
385 2697 508 2723 aetatem
536 2692 602 2733 ejus
623 2693 700 2724 scire
725 2693 843 2735 cupias,
864 2694 912 2724 vel

979 936 1086 968 Servio
1101 936 1204 967 Tullio
1220 942 1367 977 regnante
1386 936 1508 970 Romae,
1525 941 1559 966 ut
1575 936 1643 965 vult

980 986 1098 1021 Livius,
1122 986 1144 1016 i.
1170 986 1219 1015 18.
1245 986 1292 1015 vel
1316 991 1455 1026 tempore
1480 984 1640 1026 Tarquinii

980 1035 1111 1076 Superbi
1122 1041 1153 1065 et
1168 1033 1451 1070 Bruti,secundum
1467 1033 1536 1064 Cic.
1549 1034 1642 1064 Tusc.

980 1084 1000 1114 i.
1031 1084 1091 1121 163
1116 1083 1160 1113 iv.
1185 1084 1212 1112 l.
1258 1083 1308 1113 De
1335 1082 1380 1112 his
1403 1081 1545 1112 omnibus
1570 1081 1641 1112 vide

981 1131 1136 1162 Lactantii
1152 1131 1357 1172 Argumenta.

1023 1182 1077 1212 62.
1103 1181 1265 1220 Remotos]
1300 1180 1404 1221 Vulgo
1421 1182 1468 1219 (et
1482 1180 1514 1210 in
1531 1179 1641 1221 Regiis

979 1230 1157 1269 codicibus)
1174 1236 1310 1265 remotus,
1328 1229 1411 1270 quod
1429 1229 1546 1259 malim.
1592 1229 1642 1260 Cf.

980 1280 1035 1310 xii.
1053 1280 1431 1320 41.qnamvisregionibus
1441 1280 1528 1309 absit.
1554 1279 1642 1309 ilsen-

981 1338 1008 1361 te
1030 1331 1106 1361 Deos
1125 1332 1210 1360 adire
1234 1329 1309 1360 alibi
1330 1328 1369 1359 de
1394 1329 1549 1370 precibus,
1566 1329 1600 1358 h.
1617 1329 1640 1358 l.

980 1380 1019 1410 de
1033 1379 1134 1410 studio
1149 1378 1263 1409 divinae
1277 1383 1395 1408 naturae
1407 1378 1642 1418 cognoscendae.

982 1429 1133 1464 Hazza-ire,
1151 1438 1246 1469 quum
1269 1427 1392 1457 omnino
1412 1426 1451 1456 sit
1473 1426 1642 1468 percipere,

981 1484 1012 1508 et
1027 1478 1067 1508 de
1082 1477 1222 1508 sensibus
1237 1482 1268 1507 et
1286 1476 1325 1506 de
1340 1476 1442 1506 animo
1457 1482 1642 1517 usurpatur3

981 1529 1074 1557 oculis
1087 1528 1213 1565 pectoris
1229 1527 1339 1561 hausit,
1353 1525 1478 1564 ingenio
1493 1525 1643 1565 percepit,

981 1575 1126 1616 cognovit
1142 1575 1265 1606 abditas
1280 1580 1397 1604 naturae
1414 1574 1504 1604 vires.
1540 1574 1644 1604 Etiam

983 1625 1104 1660 Cicero,
1118 1625 1211 1655 Tusc.
1227 1625 1250 1654 i.
1270 1623 1318 1654 16.
1340 1621 1555 1663 Pherecydem
1574 1623 1643 1653 lau-

982 1673 1036 1704 dat
1051 1679 1081 1703 et
1100 1672 1324 1714 Pythagoram,
1341 1671 1424 1712 quod
1447 1670 1538 1712 primi
1557 1682 1643 1702 sevo-

982 1721 1121 1752 caverint
1142 1727 1279 1751 mentem
1302 1731 1320 1750 a
1341 1719 1493 1755 sensibus,
1509 1725 1540 1750 et
1559 1720 1643 1760 cogi-

981 1770 1133 1800 tationem
1155 1780 1173 1800 a
1199 1768 1423 1800 consuetudine
1448 1767 1646 1803 abduxerint,

982 1829 1078 1859 quum
1103 1824 1195 1849 antea
1218 1817 1358 1848 homines
1376 1816 1453 1847 nihil
1475 1816 1578 1847 animo
1599 1817 1644 1847 vi-

981 1867 1055 1897 dere
1083 1872 1219 1909 possent,
1247 1866 1301 1896 sed
1335 1865 1439 1896 omnia
1471 1865 1511 1895 ad
1539 1866 1646 1896 oculos

981 1915 1142 1946 referrent.

1025 1964 1076 1994 65.
1104 1964 1197 2005 Vigili
1221 1975 1310 1999 cura,
1338 1963 1488 2004 diligente
1510 1969 1542 1993 et
1568 1963 1643 1994 assi-

981 2012 1043 2042 duo
1058 2013 1170 2043 studio.
1208 2012 1246 2043 In
1261 2015 1390 2043 medium
1406 2013 1545 2043 discenda
1560 2014 1645 2049 dare,

982 2062 1105 2093 tradere
1122 2062 1273 2092 docendo.
1302 2062 1392 2092 Alter
1407 2062 1535 2092 Strozzae
1551 2061 1646 2093 habet

978 2118 1129 2150 perspecta
1145 2112 1246 2146 dabat,
1262 2117 1297 2141 ut
1317 2111 1356 2140 sit
1372 2109 1514 2151 repetitio
1530 2110 1646 2140 Ovidio

983 2159 1153 2190 familiaris.
1199 2160 1259 2189 Pro
1280 2166 1368 2190 caetus
1386 2159 1489 2199 vulgo,
1507 2165 1538 2189 et
1560 2159 1644 2200 apud

983 2208 1211 2239 Mitscherlich.
1223 2208 1337 2249 legitur
1352 2215 1471 2243 coetum,
1487 2207 1572 2248 quod
1587 2207 1644 2238 im-

983 2257 1092 2297 probat
1121 2257 1319 2287 Burmannus
1355 2263 1479 2297 propter
1511 2266 1644 2297 sequens

981 2306 1133 2335 silentum.
1179 2305 1284 2335 Codex
1323 2304 1444 2344 Regius
1479 2304 1509 2334 A
1547 2304 1643 2335 habet

982 2360 1083 2388 coetus,
1119 2352 1218 2383 codex
1247 2354 1274 2383 Β
1306 2362 1422 2384 coetum.
1470 2353 1570 2383 Cfflzus
1603 2353 1643 2383 de

982 2401 1094 2432 scholis
1110 2401 1372 2443 philosophorum.
1402 2401 1506 2431 Etiam
1523 2401 1641 2437 Livius,

982 2450 1015 2480 d.
1032 2451 1054 2481 l.
1069 2450 1107 2480 de
1127 2450 1477 2490 P)·thag01·a,j1tuenzt7n
1496 2452 1642 2481 ‹eutulan-

983 2502 1057 2530 tium
1067 2501 1168 2529 studia
1184 2507 1274 2530 coetus
1287 2501 1402 2530 habuit.
1428 2499 1488 2529 Sed
1500 2499 1542 2529 ibi
1555 2506 1644 2530 certus

982 2554 1152 2578 conventus
1168 2548 1401 2589 discipulorum,
1419 2548 1449 2578 h.
1467 2548 1488 2577 l.
1506 2547 1563 2589 ipsi
1579 2548 1642 2578 dis-

982 2597 1091 2638 cipuli.
1138 2598 1251 2627 Eorum
1271 2599 1423 2627 silentium
1443 2603 1561 2632 notum,
1580 2607 1644 2638 quo

983 2656 1097 2676 arcana
1125 2645 1281 2676 societatis
1307 2645 1461 2676 custodire
1484 2645 1639 2686 jubeban-

983 2701 1050 2732 tur3
1075 2694 1144 2725 vide
1164 2695 1304 2728 Meiners,
1322 2706 1351 2736 p.
1365 2696 1438 2725 454.
1478 2695 1568 2725 Dicta
1583 2705 1640 2724 au-
