1779 3130
365 161 985 207 METAMORPHOSEON
1018 167 1133 209 LIB.
1171 168 1281 210 XV.

1431 171 1513 211 4:33

116 274 304 322 Natum
327 277 570 333 homines,
593 279 738 341 pleno
763 296 874 342 quae
896 280 1032 327 fertis
1053 282 1101 327 in
1128 283 1279 330 ubere
1309 284 1506 330 nectar?

114 349 289 396 Mollia
314 368 426 414 quae
452 353 594 400 nobis
618 362 806 401 vestras
832 356 1076 403 velamina
1100 358 1236 405 lanas

1411 363 1500 406 118

114 425 374 482 Praebetis,
401 429 600 490 vitaque
626 431 799 491 magis,
827 447 980 493 quam
1006 440 1165 479 morte
1184 435 1385 495 juvatis.

111 500 242 554 Quid
268 519 489 550 meruere
515 505 683 560 boves,
713 506 893 553 animal
919 509 1023 554 sine
1049 508 1219 556 fraude
1244 510 1494 574 dolisque,

109 576 401 634 Innocuum,
431 580 660 643 simplex,
687 590 859 628 natum
884 583 1091 629 tolerare
1118 585 1345 632 labores?

111 652 375 701 Immemor
401 663 476 702 est
497 657 714 711 demum,
741 674 831 704 nec
854 658 1047 719 frugum
1073 675 1274 707 munere
1296 662 1493 724 diguus,

108 728 205 782 Qui
230 732 391 792 potuit
415 732 548 777 curvi
574 733 776 795 dempto
803 733 947 780 modo
973 735 1191 796 pondere
1217 738 1363 783 aratri

108 805 390 853 Ruricolam
417 815 633 856 mactare
660 826 835 866 suum3
876 810 962 872 qui
988 811 1104 857 trita
1128 813 1297 859 labore

109 880 215 937 llla,
244 883 425 944 quibus
453 885 600 931 toties
629 886 807 931 durum
833 895 1154 933 renovaverat
1178 904 1362 945 arvum,
1408 892 1497 936 125

107 957 201 1004 Tot
225 959 431 1006 dederat
455 976 662 1016 messes,
690 962 936 1024 percussit
959 963 1086 1009 colla
1110 965 1287 1011 securi.

107 1033 153 1079 N
159 1050 214 1081 ec
241 1035 361 1082 satis
386 1044 478 1091 est,
506 1038 645 1099 quod
670 1038 768 1084 tale
795 1037 931 1084 nefas
957 1039 1307 1096 committitur3
1349 1041 1482 1104 ipsos

106 1110 409 1175 Inscripsere
438 1114 572 1161 Deos
600 1115 797 1170 sceleri,
827 1131 1112 1178 numenque
1139 1133 1406 1179 supernum

104 1187 258 1235 Caede
283 1189 528 1237 laboriferi
554 1193 763 1238 credunt
788 1192 1006 1253 gaudere
1027 1194 1242 1254 juvenci.

101 1263 317 1312 Victima
340 1267 449 1314 labe
474 1284 663 1322 carens,
691 1276 741 1315 et
766 1268 1177 1331 praestantissima
1200 1269 1371 1324 forma,
1400 1273 1490 1316 130

144 1423 215 1453 120.
241 1423 321 1456 Quid
346 1435 477 1455 meruere
501 1427 609 1466 borea]
638 1426 754 1468 Pytha-

99 1483 189 1513 goras
209 1482 279 1502 suos
294 1473 372 1512 βοὸς
391 1475 550 1515 ἀροτῆρος
567 1475 754 1517 ἀπέχεςθαι,

97 1532 115 1551 a
138 1521 217 1552 bove
242 1527 362 1552 aratore
390 1523 543 1554 abstinere
572 1525 754 1556 nominatim

90 1570 240 1611 jusserat.
285 1571 420 1611 Legibus
447 1571 504 1602 hoc
529 1580 655 1604 cautum
682 1574 754 1604 olim

96 1624 162 1649 erat
177 1619 260 1660 apud
275 1619 504 1658 Athenienses3
521 1622 664 1653 AEliauus
681 1624 755 1654 Var-

95 1667 178 1698 Hist.
193 1668 235 1698 iv.
252 1669 307 1698 14.-
324 1674 355 1698 et
370 1669 505 1699 Romani
523 1670 626 1712 capite
642 1681 752 1702 sanxe-

94 1722 174 1752 rant,
206 1717 231 1746 si
257 1717 325 1758 quis
353 1717 540 1756 occidisset3
575 1719 672 1749 Varro
702 1721 752 1750 Re

95 1765 190 1796 Rust.
207 1765 241 1795 ii.
257 1768 294 1796 5:
315 1771 347 1796 et
363 1765 544 1797 damnatum
561 1777 627 1797 esse
644 1778 751 1808 quem-

93 1813 165 1844 dam
182 1823 201 1844 a
215 1814 329 1856 populo
342 1814 486 1844 Romano
507 1825 575 1845 eam
593 1815 690 1856 ipsam
713 1816 751 1846 ob

93 1875 221 1895 causam
248 1864 341 1894 refert
367 1864 448 1895 Plin.
472 1864 534 1895 viii.
551 1866 602 1895 45.
649 1865 752 1896 Causa

93 1913 209 1955 ubique
234 1913 361 1943 affertur
382 1913 462 1949 haec,
478 1913 552 1954 quia
574 1914 629 1944 bos
652 1920 752 1944 arator

92 1963 131 1993 sit
155 1963 308 2004 γεωργὸς,
329 1964 422 1992 sacius
442 1963 592 1992 hominum
614 1965 646 1993 in
667 1974 752 2002 opere

90 2013 212 2046 rustico,
238 2011 353 2040 Cereris
379 2012 526 2046 minister,
551 2014 645 2041 socius
667 2014 749 2053 agri-

90 2061 231 2090 culturae.
268 2060 374 2089 Aurea
389 2059 540 2100 imprimis
556 2065 648 2090 aetate
665 2070 747 2090 sum-

89 2119 175 2139 mum
195 2108 296 2138 scelus
314 2107 498 2143 habebatur,
514 2109 607 2138 boum
623 2107 747 2138 visceri-

89 2158 149 2188 bus
169 2156 272 2194 vesci;
297 2156 419 2191 Cicero,
442 2156 518 2186 Nat.
535 2157 631 2187 Deor.
648 2156 679 2186 ii.
696 2157 747 2187 63.

88 2206 266 2237 Secundum
283 2206 371 2236 Arat.
384 2215 448 2236 ver.
467 2206 514 2235 15.
530 2215 624 2235 aeneae
645 2205 745 2235 aetatis

89 2255 229 2285 homines
244 2254 275 2284 id
295 2254 384 2294 primi
405 2253 472 2284 ausi
487 2258 586 2284 erant.
631 2253 746 2283 Noster

89 2314 159 2334 vero
189 2313 251 2333 non
286 2303 384 2332 solum
416 2303 455 2332 ob
484 2301 661 2337 utilitatem,
690 2301 743 2332 sed

87 2352 181 2383 etiam
214 2352 252 2381 ob
283 2351 455 2392 simplicem
484 2356 627 2380 naturam
650 2351 741 2380 boum

83 2411 212 2432 causam
229 2400 304 2440 agit,
315 2405 346 2430 et
359 2399 413 2434 ita,
427 2404 463 2429 ut
477 2398 567 2428 facile
582 2398 743 2429 commise-

85 2449 236 2480 rationem
264 2448 368 2478 faciat.
422 2447 549 2486 Simplex
578 2447 743 2487 opponitur

84 2497 282 2528 fraudulento
297 2502 328 2527 et
341 2496 458 2526 doloso.
484 2495 600 2525 Natum
616 2496 743 2525 tolerare

87 2548 208 2581 labores,
221 2545 260 2575 ad
274 2543 450 2574 tolerandos
462 2543 583 2574 labores
597 2554 604 2580 ;
623 2543 743 2578 Cicero,

86 2595 162 2624 Nat.
185 2594 279 2623 Deor.
301 2592 336 2622 ii.
353 2593 403 2623 63.
419 2592 457 2622 (le
478 2593 591 2627 bubus,
612 2601 742 2632 quorum

85 2645 212 2673 cervices
228 2648 304 2671 narce
318 2643 357 2671 ml
370 2643 494 2681 jugum,
511 2648 574 2670 tum
591 2642 668 2670 vires
687 2640 744 2669 Ιιιι·

83 2701 231 2722 merorum
254 2697 282 2719 et
307 2691 482 2720 latitudines
504 2690 542 2718 ad
566 2695 671 2718 aratra
694 2699 740 2717 er-

131 2739 226 2770 VOL.
243 2738 303 2768 IV.

824 1429 980 1457 trahenda.
1029 1428 1167 1463 Demum,
1192 1439 1283 1466 vei-eg
1308 1428 1487 1468 Sallustius,

823 1475 894 1506 Cat.
911 1476 941 1505 2.
958 1477 980 1505 is
995 1477 1111 1505 demum
1129 1477 1200 1505 mihi
1222 1479 1316 1507 rivere
1340 1478 1483 1513 videtur,-

823 1523 885 1554 vid.
910 1524 1034 1554 Cottius
1058 1524 1096 1554 ad
1121 1525 1174 1555 xii.
1195 1527 1226 1555 5.
1275 1524 1363 1554 Trita
1387 1526 1484 1555 labore

823 1583 888 1613 pro,
919 1572 989 1603 trita
1012 1573 1099 1614 jugo.
1146 1574 1193 1603 De
1221 1575 1309 1604 derat
1336 1573 1484 1604 Heinsius

823 1621 1005 1652 mutandum
1020 1628 1126 1652 censet
1138 1621 1185 1652 vel
1199 1632 1270 1652 cum
1283 1622 1381 1652 tribus
1392 1623 1483 1653 MSS.

823 1669 855 1700 in
884 1672 1042 1706 dederant,
1066 1676 1101 1701 ut
1127 1682 1189 1710 qzcae
1219 1670 1481 1711 subintelligatur,

818 1718 867 1748 vel
884 1718 915 1749 in
935 1721 1063 1749 tulerat.
1106 1720 1178 1749 Sine
1194 1730 1298 1750 causa.
1334 1719 1482 1760 Agricola

818 1767 911 1797 boum
939 1778 1065 1798 munere
1092 1774 1123 1798 et
1150 1773 1279 1798 renovat
1305 1778 1422 1809 agrum,
1451 1774 1482 1798 et

818 1817 881 1851 dat,
913 1822 1064 1857 procreat,
1092 1826 1218 1847 messes.
1262 1816 1301 1847 In
1338 1816 1479 1858 plurimis

819 1872 921 1895 autem
949 1865 1049 1895 Italiae
1077 1865 1153 1895 locis
1182 1872 1247 1896 tam
1275 1867 1386 1895 durum
1413 1872 1479 1896 erat

818 1922 937 1948 arvum,
953 1919 988 1944 ut
1010 1924 1071 1943 non
1096 1914 1153 1944 nisi
1177 1914 1298 1954 quinta,
1319 1919 1374 1944 aut
1397 1924 1478 1945 nona.

817 1961 895 1991 adeo
913 1961 1062 1997 aratione,
1079 1963 1117 1992 ab
1135 1962 1313 2003 ingentibus
1328 1968 1360 1993 et
1376 1962 1477 1994 fortis-

814 2008 900 2039 simis
926 2009 1034 2040 aratris
1060 2010 1318 2051 perfringeretur3
1345 2010 1476 2046 Plinius,

815 2058 857 2087 V.
874 2059 934 2099 Ep.
951 2059 994 2089 vi.
1012 2060 1070 2096 103
1098 2059 1170 2089 hinc
1195 2065 1300 2089 taurus
1328 2062 1477 2100 ingemere

813 2113 916 2137 aratro
930 2107 1062 2148 Virgilio
1077 2108 1201 2139 dicitur.

861 2157 931 2186 128.
958 2156 1124 2187 Inscribere
1148 2157 1224 2186 Deos
1247 2158 1362 2191 sceleri,
1388 2157 1473 2186 Deos

813 2203 913 2235 facere
936 2204 984 2235 vel
1009 2210 1161 2240 auctores,
1178 2205 1227 2235 vel
1251 2204 1348 2236 socios
1374 2205 1473 2235 scele—

813 2252 870 2282 ris:
887 2252 930 2283 sic
947 2264 978 2282 x.
994 2254 1064 2283 199.
1080 2256 1214 2283 (lauram
1229 2255 1389 2283 inscribere
1407 2255 1474 2283 leta.

811 2301 920 2331 Tauris
936 2301 1048 2332 oblatis
1063 2301 1187 2343 Jupiter
1203 2302 1337 2332 maxime
1353 2302 1470 2342 gaude-

811 2349 882 2387 bat;
905 2350 946 2380 iv.
964 2351 1037 2381 755.

857 2399 927 2429 130.
946 2398 1075 2428 Victima
1091 2399 1155 2428 labe
1170 2396 1302 2436 carens]
1327 2397 1468 2428 Curaba-

811 2451 870 2481 tur,
887 2446 981 2476 etiam
1005 2447 1163 2477 sacerdote
1186 2445 1336 2480 adhibito,
1352 2452 1386 2476 ut
1404 2445 1469 2476 vic-

810 2494 891 2525 timae
904 2496 969 2525 sine
982 2496 1065 2525 omni
1080 2496 1150 2525 labe
1166 2501 1197 2525 et
1207 2493 1339 2534 egregiae
1352 2501 1468 2530 essent,

809 2542 924 2578 τέλεια,
941 2543 1078 2584 &erepti-a,
1093 2543 1202 2584 ἱερεῖα.
1247 2543 1315 2572 Hoc
1331 2553 1467 2583 quoque,

810 2598 843 2622 ut
862 2599 987 2623 ornatus
1007 2592 1149 2623 cornibus
1171 2592 1305 2627 additus,
1321 2591 1467 2632 displicet

809 2648 962 2671 commoto
972 2647 1074 2671 nostro
1085 2640 1280 2682 Pythagora-2.
1300 2640 1466 2680 Proforma

810 2689 959 2720 Heinsius
981 2690 1116 2720 malebat
1135 2690 1255 2730 formae,
1279 2695 1310 2719 ut
1334 2689 1375 2718 ix.
1393 2689 1464 2720 451.

937 2740 955 2768 3
976 2739 1002 2768 K
