1779 3130
251 164 309 207 88
629 164 680 205 P.
716 163 929 205 OVIDII
964 163 1246 205 NASONIS

254 279 482 335 Subdita,
510 278 732 341 dumque
758 278 914 325 avidis
939 278 1309 341 comprenditur
1334 278 1532 339 ignibus
1558 293 1641 340 ag-

252 354 553 417 Congeriem
579 355 714 400 silvae
742 354 979 401 Nemeaeo
1003 354 1186 401 vellere
1213 370 1457 400 summam
1517 355 1641 416 [ger,

252 431 460 487 Stemus,
489 439 540 478 et
565 431 797 495 imposita
821 432 973 477 clavae
999 431 1191 478 cervice
1217 431 1483 486 recumbis,
1545 433 1642 477 236

251 507 399 555 Haud
426 509 521 555 alio
545 509 702 563 vultu,
731 524 881 571 quam
908 509 949 554 si
974 508 1178 555 conviva
1196 509 1409 570 jaceres,

250 585 387 632 Inter
412 586 562 648 plena
586 585 707 632 meri
733 585 991 632 redimitus
1017 586 1198 648 pocula
1219 584 1378 631 sertis.
1516 584 1641 646 [bat‚

316 662 405 710 IV.
426 662 642 725 Jamque
657 664 843 719 valens,
863 670 913 710 et
927 662 976 708 in
998 678 1143 709 omne
1160 663 1289 709 latus
1305 662 1485 708 diffusa
1501 677 1642 708 sona-

251 740 567 802 Securosque
594 747 747 794 artus,
775 745 1272 802 contemptoremque
1300 739 1504 801 petebat
1546 740 1644 784 240

252 815 478 862 Flamma
502 832 676 863 suum:
716 816 927 863 timuere
954 815 1036 862 Dii
1062 832 1150 879 pro
1176 816 1372 862 vindice
1398 823 1557 861 terrae.

248 891 386 945 Quos
413 892 496 948 ita,
525 893 680 938 sensit
705 893 852 948 enim,
881 893 994 939 laeto
1024 893 1289 939 Saturnius
1315 908 1398 938 ore

248 967 447 1031 Jupiter
473 969 763 1031 alloquitur:
805 975 836 993 “
861 969 1048 1017 Nostra
1073 977 1151 1017 est
1176 970 1322 1016 timor
1348 969 1442 1015 iste
1466 968 1638 1030 volup-

252 1045 295 1091 O
321 1045 529 1109 Superi3
561 1054 768 1109 totoque
784 1047 943 1093 libens
963 1047 1081 1093 mihi
1101 1053 1300 1110 pectore
1319 1053 1499 1107 grator,
1524 1045 1639 1105 [tas,

248 1121 393 1175 Quod
406 1123 638 1169 memoris
654 1123 822 1186 populi
840 1123 979 1170 dicor
994 1131 1256 1185 rectorque
1272 1129 1529 1186 paterque,
1543 1123 1640 1167 245

249 1197 317 1245 Et
342 1215 453 1246 mea
477 1201 741 1263 progenies
768 1208 933 1247 vestro
960 1216 1160 1263 quoque
1186 1208 1294 1247 tuta
1317 1199 1481 1246 favore
1507 1205 1599 1245 est.

249 1275 379 1321 Nam
407 1292 695 1338 quanquam
714 1277 866 1340 ipsius
892 1277 1038 1323 datur
1058 1278 1150 1323 hoc
1172 1276 1472 1323 immanibus
1495 1275 1634 1330 actis,

247 1351 457 1414 Obligor
482 1352 590 1415 ipse
616 1360 809 1401 tamen:
851 1354 939 1401 sed
966 1354 1115 1410 enim,
1144 1371 1206 1401 ne
1232 1361 1438 1417 pectora
1461 1369 1588 1399 vano

289 1485 366 1514 235.
382 1484 515 1515 Neineoeo
528 1487 655 1522 vellereg
672 1487 754 1527 pelle
770 1487 910 1517 Nemeaei

245 1533 352 1563 leonis.
372 1534 490 1570 Clarae5
508 1535 609 1570 clava,
627 1536 909 1578 Herculssffisigne,

247 1589 281 1612 ut
295 1583 382 1613 Jovis
401 1583 530 1620 fulmen,
548 1585 687 1626 Neptuni
706 1586 832 1621 uidem,
850 1592 910 1616 etc.

249 1632 427 1663 Reeumhere
451 1632 482 1663 in
507 1634 600 1664 armis
625 1634 768 1664 solebant
791 1635 909 1665 heroes.

246 1680 370 1721 Dignus
394 1683 531 1713 Hercule
555 1683 668 1713 exitus,
693 1684 824 1719 Seneca,
842 1684 872 1714 d.
888 1685 908 1714 l.

246 1740 310 1760 ver.
329 1730 426 1760 1683:
462 1732 535 1765 Quis
555 1734 596 1761 sic
618 1733 805 1772 triumphans
826 1735 910 1763 laetus

246 1781 277 1808 in
300 1790 395 1809 curru
416 1782 497 1810 stetit
519 1780 643 1811 Victor!
668 1782 754 1811 Mors
777 1781 859 1812 enim
880 1782 908 1812 ci

245 1838 359 1858 munus
376 1837 441 1859 erat
455 1841 518 1860 ver.
537 1831 607 1860 181.

288 1879 471 1908 239—272.
486 1879 628 1909 Herculis
643 1880 823 1918 Apotheosis.
848 1880 905 1909 Ῐά-

247 1927 307 1956 lere
336 1934 365 1956 et
394 1929 594 1957 convalescere
623 1928 750 1958 flamma
779 1928 904 1963 dicitur,

245 1986 341 2016 quum
362 1975 580 2006 alimentorum
601 1977 676 2007 satis
697 1978 791 2007 habet
809 1984 839 2007 et
855 1988 906 2008 ac-

246 2023 332 2063 cipit.
361 2024 561 2054 Excellenter
578 2032 683 2056 autem
700 2025 837 2056 animum
853 2037 905 2057 ex-

243 2072 364 2112 pressit,
390 2083 451 2112 quo
482 2073 635 2104 Hercules
663 2080 793 2104 mortem
824 2075 906 2111 tulit,

243 2131 358 2150 securos
382 2128 478 2156 artus,
498 2129 780 2163 contemptoremque
806 2135 904 2160 suzim,

244 2179 356 2210 corpus
373 2169 519 2200 Herculis
536 2181 596 2200 non
618 2171 701 2202 anxii
722 2178 752 2202 et
768 2178 907 2203 contem-

246 2218 347 2247 nentis
364 2218 535 2249 flammam.
561 2221 647 2251 Bene
664 2221 907 2262 etiam‚fl[1mma

242 2268 359 2305 petebat
376 2274 600 2307 contemptorem
617 2280 716 2300 suum.

287 2316 360 2346 241.
390 2317 503 2348 Vindex
528 2324 626 2354 ferrar,
646 2318 852 2359 (ἀλεξίκακος
876 2326 907 2351 et

242 2366 352 2405 σωτὴρ
370 2366 489 2396 Graecis
504 2366 618 2396 dicitur
633 2368 802 2403 Hercules)
819 2379 905 2410 egre-

242 2413 310 2454 gius
328 2414 445 2450 titulus,
463 2425 554 2455 quem
572 2422 726 2446 meruerat
741 2417 904 2453 Hercules,

242 2463 316 2503 quia
333 2463 509 2493 hominibus
524 2464 627 2506 impiis
644 2464 777 2506 ferisque
793 2466 902 2497 imma-

241 2511 333 2541 nibus
353 2511 566 2543 interimendis
583 2513 716 2544 salutern
736 2521 767 2544 et
787 2515 903 2545 securi-

241 2566 338 2590 tatem
354 2560 482 2592 dederat
498 2562 595 2593 terris.
622 2564 749 2603 Magnae
766 2564 793 2594 ei
809 2564 903 2594 etiam

241 2608 327 2638 laudi
342 2613 401 2644 est,
419 2610 501 2650 quod
518 2610 576 2651 ipsi
592 2611 648 2642 Dii
664 2623 718 2654 pro
739 2622 775 2643 eo
793 2612 903 2643 timue-

241 2663 323 2688 runt.

286 2707 360 2736 243.
388 2705 496 2736 Nostra
513 2714 554 2737 est
570 2709 658 2738 timor·
672 2710 726 2739 iste
744 2711 879 2749 voluptas
892 2722 901 2746 ;

980 1489 1101 1529 Regius
1139 1493 1241 1518 noster
1278 1487 1318 1522 A,
1347 1488 1506 1517 voluutas.-
1544 1484 1639 1515 male.

979 1537 1130 1578 Fungitur
1154 1536 1255 1566 officio
1277 1536 1400 1577 Jupiter
1425 1541 1455 1565 et
1480 1534 1561 1564 hunc
1585 1544 1639 1575 pro

978 1585 1041 1615 filio
1058 1586 1194 1615 Deorum
1212 1584 1353 1614 timorem
1369 1583 1427 1613 sibi
1443 1587 1564 1624 gratum
1586 1592 1638 1612 ac-

978 1635 1081 1665 cidere
1109 1634 1283 1668 confltetur,
1311 1639 1346 1663 ut
1371 1632 1493 1673 signum
1518 1631 1640 1662 scilicet

976 1682 1201 1714 benevolentiae
1222 1682 1253 1713 in
1272 1683 1373 1718 illum,
1389 1688 1419 1712 et
1434 1681 1467 1711 in
1483 1691 1516 1711 se
1533 1686 1566 1711 ut
1584 1690 1639 1722 pa-

977 1738 1054 1762 trem
1068 1732 1164 1762 illius.

1021 1782 1093 1811 245.
1119 1780 1266 1820 Populus,
1292 1785 1394 1810 coetus
1423 1779 1572 1813 Deorum,
1601 1778 1639 1808 ti-

977 1839 1058 1859 more
1069 1840 1123 1859 suo
1133 1840 1282 1858 memorem
1299 1839 1331 1858 se
1344 1827 1529 1857 ostendebat
1541 1828 1637 1857 bene-

976 1872 1113 1902 ficiorum
1132 1873 1170 1902 ab
1184 1871 1320 1901 Hercule
1333 1871 1509 1900 horninibus
1519 1869 1639 1911 praesti·

975 1926 1085 1950 torum.
1114 1920 1190 1950 Tuta
1202 1920 1323 1959 fimare,-
1340 1919 1499 1959 Virgilius,
1511 1918 1639 1950 AEneid.

976 1981 1005 1999 v.
1021 1971 1095 2000 343.
1114 1970 1340 2009 tutulurfacor
1357 1969 1541 2008 Euryalum.

1019 2026 1094 2055 247.
1123 2026 1227 2054 Dalm·
1251 2026 1323 2061 hcm,-
1350 2025 1442 2065 rulgo
1469 2024 1518 2064 (et
1543 2023 1636 2054 nostri

977 2074 1088 2114 Regii)
1117 2075 1197 2103 datis
1226 2075 1288 2104 lwc.
1340 2074 1446 2108 Porro,
1473 2071 1638 2102 Mediceus

975 2133 1055 2152 unus
1070 2128 1097 2152 et
1111 2122 1271 2152 Leidensis
1283 2123 1450 2163 insignibus
1458 2123 1542 2156 actis,
1555 2120 1637 2161 quod

978 2172 1176 2202 Burmannus
1206 2171 1331 2201 defendi
1362 2181 1450 2212 posse
1479 2176 1570 2212 putat
1598 2181 1635 2200 ex

977 2222 1106 2253 Heroid.
1123 2222 1166 2252 iii.
1187 2223 1259 2252 121.
1306 2221 1451 2251 Alterum
1469 2228 1515 2250 est
1531 2219 1635 2251 effica-

977 2272 1053 2302 cius.
1078 2271 1188 2301 Horat.
1205 2270 1236 2300 ii.
1248 2271 1306 2311 Ep.
1319 2271 1341 2301 i.
1355 2271 1385 2300 6.
1400 2268 1635 2311 ingentia-facta

973 2320 1103 2355 Bacchi,
1133 2319 1274 2354 Romuli,
1301 2325 1360 2349 etc.
1408 2317 1513 2348 Nostri
1543 2317 1636 2358 Regii

971 2371 1162 2399 immanibus.
1198 2369 1264 2398 Hac
1279 2370 1372 2398 datur
1387 2369 1450 2407 ejus
1464 2369 1548 2402 actis,
1565 2366 1633 2396 haec

972 2418 1152 2449 sollicitudo
1178 2418 1274 2448 oritur
1299 2424 1421 2459 propter
1447 2417 1514 2458 ejus
1543 2422 1631 2446 acta:

972 2468 1124 2502 immania,
1148 2477 1217 2508 quae
1243 2467 1336 2506 vulgo
1363 2465 1517 2507 stupenda
1543 2475 1633 2495 voca-

970 2526 1049 2551 muS‚
1062 2523 1133 2546 acta
1143 2515 1292 2545 inauditae
1304 2513 1504 2544 fortitudinis.
1528 2513 1632 2543 Etiam

970 2565 1063 2595 Trist.
1089 2564 1122 2595 ii.
1142 2566 1216 2595 335.
1240 2566 1382 2595 immania
1409 2563 1532 2592 Coesaris
1554 2568 1633 2592 acta.

971 2613 1077 2644 Catal.
1103 2613 1190 2643 Pith.
1210 2623 1239 2653 p.
1257 2613 1307 2642 66.
1333 2613 1468 2653 ingentia
1495 2611 1634 2640 Consulis

970 2669 1051 2693 acca.
1098 2661 1243 2693 Occurrit
1259 2661 1354 2692 etiam
1370 2662 1506 2690 immanis
1519 2661 1631 2701 gloria,

970 2712 1107 2741 immanis
1119 2712 1257 2741 victoria.
