1779 3130
365 170 984 213 METAMORPHOSEON
1019 170 1138 213 L1B.
1172 171 1235 212 X.
1421 173 1505 215 149

123 284 347 347 Liliaque
371 285 618 346 infringat,
645 284 789 332 fulvis
814 285 1051 332 haerentia
1073 286 1251 348 virgis3

122 361 350 408 Marcida
373 361 637 407 demittant
661 361 825 407 subito
844 369 995 424 caput
1019 362 1102 409 illa
1127 369 1400 424 gravatum,

122 436 231 484 Nec
257 454 310 483 se
336 437 628 491 sustineant,
652 444 983 500 spectentque
1009 439 1267 485 cacumine
1293 446 1502 487 terram:

122 513 206 560 Sic
230 513 395 559 vultus
420 513 632 560 moriens
648 514 801 575 jacet,
828 522 878 561 et
902 513 1100 561 defecta
1123 515 1289 576 vigore
1413 518 1502 562 194

120 589 238 652 Ipsa
261 589 355 635 sibi
381 597 457 636 est
480 589 616 637 oneri
637 589 822 645 cervix,
850 591 1157 653 humeroque
1183 592 1444 639 recumbit.

122 673 152 690 “
183 666 402 721 Laberis,
426 667 675 721 OEbalide,
702 667 862 729 prima
884 667 1110 714 fraudate
1129 668 1384 730 juventa‚'’

122 742 342 789 Phoebus
366 743 457 797 ait;
488 743 733 806 videoque
757 751 914 798 tuum,
935 760 1045 791 mea
1077 744 1298 798 crimina,
1311 744 1505 792 vulnus.

122 819 197 865 Tu
222 820 361 866 dolor
387 836 456 876 es,
483 821 775 883 facinusque
804 837 998 868 meum:
1039 837 1150 868 mea
1174 821 1383 868 dextera
1407 823 1506 869 leto

124 896 449 944 Inscribenda
472 904 557 944 tuo
583 905 686 944 est:
720 913 812 959 ego
835 912 944 943 sum
970 897 1059 944 tibi
1084 896 1269 944 funeris
1295 905 1484 946 auctor.

123 972 248 1027 Quae
273 989 384 1035 mea
407 975 554 1037 culpa
577 974 776 1021 tamen?
802 973 896 1020 nisi
919 990 972 1021 se
996 974 1190 1028 lusisse,
1206 976 1369 1022 vocari
1407 980 1505 1022 200

126 1050 290 1113 Culpa
305 1058 492 1114 potest;
524 1052 616 1098 nisi
631 1053 780 1115 culpa
802 1058 982 1114 potest,
1004 1059 1054 1098 et
1079 1052 1292 1103 amasse,
1309 1052 1473 1098 vocari
1492 1070 1503 1109 3

122 1125 291 1188 Atque
313 1128 499 1174 utinam
521 1144 608 1191 pro
636 1136 682 1175 te
708 1130 873 1184 vitam,
894 1136 1122 1175 tecumve
1150 1129 1322 1176 liceret

126 1202 385 1250 Reddere!
425 1204 512 1251 sed
539 1205 772 1266 quoniam
798 1205 932 1251 fatali
959 1206 1069 1267 lege
1094 1213 1348 1262 tenemur;

126 1279 336 1343 Semper
360 1281 455 1328 eris
482 1298 692 1335 mecum,
721 1283 1027 1345 memorique
1053 1282 1263 1329 haerebis
1289 1282 1338 1328 in
1363 1299 1462 1330 ore.

122 1355 194 1403 Te
220 1358 327 1420 lyra
353 1358 496 1420 pulsa
521 1375 684 1412 manu,
703 1365 752 1405 te
778 1359 996 1405 carmina
1015 1365 1183 1405 nostra
1203 1359 1480 1415 sonabunt;

125 1433 341 1497 Flosque
360 1451 514 1482 novus
541 1436 726 1499 scripto
752 1436 965 1498 gemitus
991 1436 1248 1482 imitabere
1273 1443 1484 1483 nostros.

123 1576 228 1613 Plinii,
259 1577 322 1607 xxi.
349 1579 379 1608 5.
402 1578 440 1608 de
465 1577 557 1609 liliis:
593 1583 612 1596 “
630 1580 699 1610 Nec
727 1579 781 1610 ulli

123 1626 232 1656 florum
247 1627 412 1657 excelsitas
427 1628 535 1668 major,
552 1628 706 1659 interdum
727 1639 780 1658 cu-

124 1676 254 1705 bitorum
271 1675 374 1710 trium,
391 1676 538 1716 languido
554 1688 674 1718 semper
690 1678 782 1714 collo,

123 1732 155 1755 et
173 1736 230 1755 non
254 1726 425 1756 sufficiente
443 1726 554 1767 capi⁴is
571 1727 688 1757 one1·i.'⁷
719 1727 782 1758 Re-

119 1774 161 1814 gii
189 1775 282 1804 nostri
306 1775 440 1805 Codices
465 1775 580 1805 liabent
604 1777 729 1816 linguis.
749 1782 781 1806 et

122 1823 229 1853 (lod-fx
256 1825 294 1853 Β.
321 1823 352 1853 in
379 1824 527 1864 margine,
555 1826 655 1865 lignis.
701 1826 779 1861 Quae

119 1871 211 1903 lectio
224 1872 298 1903 nulli
308 1878 414 1902 notata
427 1872 546 1903 videtur
558 1873 632 1903 mihi
644 1874 779 1904 maxima

122 1927 291 1951 attentione
316 1921 424 1962 digna,
442 1929 472 1952 et
490 1922 618 1953 fortasse
638 1922 703 1952 sola
724 1934 777 1962 ge-

122 1969 216 2000 nuina
232 1976 297 1999 est:
323 1980 392 2000 nam
411 1971 555 2005 stamina,
573 1972 611 2000 les
625 1974 779 2007 έΐαηιίηεε,

121 2029 191 2058 qum
213 2028 251 2048 ex
277 2018 339 2048 imo
363 2019 528 2060 medioque
553 2020 659 2050 florum
681 2020 779 2051 calice

119 2074 249 2105 surgunt
276 2072 307 2097 et
333 2078 402 2108 qum
426 2068 457 2097 in
486 2068 558 2098 liliis
586 2075 658 2098 suut
683 2069 779 2104 fulva.

122 2117 248 2146 form-'im
283 2118 458 2157 linguarum
499 2118 657 2158 quandam
693 2118 779 2148 cxlii-

120 2166 210 2194 bent:
238 2170 340 2195 tamen
364 2166 395 2195 iu
420 2164 506 2196 nulla
528 2167 703 2207 plantarum
724 2167 778 2198 de-

120 2214 286 2254 scriptione
309 2214 380 2245 huic
398 2216 549 2245 vocabulo
571 2217 682 2256 linguis
700 2217 778 2247 lianc

121 2262 182 2291 vim
205 2268 236 2291 et
255 2262 448 2293 intellectum
473 2263 596 2294 inveni:
619 2256 710 2305 cujus
725 2276 778 2295 ex-

120 2312 224 2352 empla
245 2312 267 2341 si
292 2323 360 2352 quae
381 2318 590 2354 suppeterent,
608 2324 667 2343 non
689 2315 778 2344 ‹lubi-

121 2366 216 2390 tarem
246 2360 303 2390 hoc
327 2361 469 2401 praeferre
496 2364 563 2399 τοῖς
587 2365 686 2403 lignis,
709 2375 779 2405 quac

120 2409 243 2440 duriora
255 2415 343 2440 sunt:
360 2417 391 2440 et
405 2410 477 2452 ipsis
493 2413 595 2452 virgis,
607 2414 780 2453 qiiaeftzlvae

120 2458 180 2488 dici
220 2465 346 2500 possunt
383 2459 524 2500 quamvis
560 2462 678 2497 virides,
705 2462 779 2502 quia

122 2507 310 2543 fulvescunt,
327 2508 352 2537 si
368 2507 584 2548 infringantur.

172 2557 240 2585 196.
271 2556 342 2586 Labi
364 2556 403 2587 de
420 2557 632 2595 moribun1lis;
653 2557 697 2587 iii.
710 2558 778 2588 Art.

123 2604 229 2635 Amat.
255 2605 335 2642 7423
361 2605 489 2641 Statius,
511 2605 607 2636 Theb.
626 2606 679 2636 xii.
705 2607 778 2637 778.

122 2653 237 2684 Iisdem
264 2655 363 2685 labens
383 2661 472 2693 caput
497 2655 615 2686 Lucan.
638 2655 681 2685 iii.
703 2656 778 2686 742.

123 2708 153 2732 et
184 2703 309 2732 lubentes
336 2704 414 2733 oculi
445 2703 506 2733 ΙΙΙ.
530 2704 623 2734 Trist.
653 2704 696 2736 iii.
727 2706 777 2734 44.

849 1579 1038 1610 tribuuntur.
1085 1578 1266 1609 Fraudazur
1283 1580 1426 1617 juventa,
1455 1579 1508 1620 qui

850 1634 1037 1669 praematura
1057 1632 1153 1657 morte
1174 1626 1335 1668 abripitur,
1351 1628 1508 1668 utjuven—

852 1683 917 1708 tute
940 1676 997 1706 frui
1023 1675 1107 1706 haud
1131 1675 1248 1717 possit:
1263 1677 1422 1716 fraudare
1442 1687 1508 1706 om-

852 1726 924 1755 nino
948 1725 1089 1766 privare3
1112 1725 1267 1759 Tibullus,
1288 1725 1350 1755 ΙΙΙ.
1366 1737 1395 1756 v.
1415 1727 1462 1756 19.
1479 1731 1510 1756 et

850 1775 964 1804 Noster
978 1774 1128 1803 Amorum
1144 1774 1191 1804 ΙΙ.
1208 1773 1273 1804 xiv.
1286 1776 1338 1805 23.
1351 1774 1507 1810 dixerunt,

837 1824 995 1863 fraudare
1022 1825 1110 1852 vitem
1134 1825 1330 1853 crescentibus
1353 1823 1508 1864 (nondum

848 1872 993 1909 maturis)
1023 1873 1109 1901 uvis:
1144 1871 1215 1901 vide
1245 1872 1434 1902 Munkerum
1469 1872 1508 1902 ad

846 1920 964 1961 Hygini
981 1920 1116 1950 fabulam
1133 1921 1185 1950 89.

892 1971 963 2000 198.
986 1970 1056 1999 Mea
1081 1971 1214 2003 deitera,
1235 1969 1312 2009 etc.]
1338 1970 1425 1999 Mors
1449 1977 1506 2002 tua

846 2019 962 2049 dextrae
992 2029 1069 2048 meae
1095 2018 1289 2052 ascribenda,
1314 2029 1373 2058 ogo
1402 2019 1507 2050 mortis

846 2073 907 2098 tuae
932 2073 1049 2098 auctor.
1087 2067 1234 2098 Similiter
1260 2078 1311 2098 xv,
1338 2068 1409 2098 178.
1434 2070 1507 2108 ipsos

848 2117 1030 2155 Inscripsere
1047 2117 1124 2147 Deos
1139 2118 1254 2147 sceleri.

890 2168 966 2196 203.
996 2167 1113 2196 Fatalis
1141 2168 1195 2201 les,
1224 2166 1273 2196 lex
1305 2166 1371 2201 fati,
1397 2166 1508 2197 fatum.

847 2216 1025 2246 Formulam
1055 2217 1117 2256 lege
1146 2217 1240 2245 reneri
1267 2226 1327 2245 non
1354 2215 1508 2246 intellexit

848 2264 979 2304 Regius,
996 2264 1049 2305 qui
1074 2275 1091 2295 e
1113 2266 1205 2297 MSS.
1223 2264 1350 2305 ‚praifcrt
1374 2266 1436 2305 lege
1460 2276 1507 2294 ve-

849 2320 960 2344 tamur.
990 2313 1159 2354 Elegantcr
1174 2314 1255 2343 enirn
1272 2315 1333 2354 lege
1350 2315 1444 2343 teneri
1458 2313 1504 2344 di-

848 2369 960 2393 cuntur
976 2373 1053 2403 quos
1076 2362 1160 2403 cogit
1185 2362 1234 2392 lex
1252 2361 1371 2402 aliquid
1388 2362 1435 2392 vel
1461 2364 1506 2393 fa-

848 2422 930 2446 cere,
948 2412 998 2442 vel
1023 2411 1178 2442 omittere.
1226 2411 1382 2441 Craterum
1403 2410 1504 2442 simile

847 2459 956 2489 Inachi
975 2466 1077 2490 votum
1100 2466 1145 2489 est
1165 2470 1257 2499 supra
1274 2458 1296 2488 i.
1314 2460 1388 2489 661.
1434 2461 1506 2490 Ha*

846 2519 924 2542 νει-ρ,
951 2518 1072 2548 semper
1096 2508 1219 2543 versari,
1243 2509 1274 2537 in
1300 2519 1359 2542 ore,
1385 2519 1506 2549 semper

846 2556 1088 2587 commemorari.
1122 2557 1190 2586 Cic.
1209 2556 1290 2587 l'liil.
1311 2556 1377 2586 xiii.
1395 2558 1426 2587 3.
1448 2559 1504 2588 hae-

848 2616 912 2635 rere
936 2607 965 2634 iu
991 2606 1103 2641 oeulis;
1133 2604 1232 2635 Attic.
1259 2605 1323 2635 xiii.
1344 2605 1374 2635 4.
1397 2607 1507 2636 laesere

846 2658 877 2684 in
895 2656 991 2684 libris.
1040 2654 1079 2684 Te
1096 2656 1240 2684 sonabunt
1257 2654 1379 2690 melius,
1397 2666 1503 2696 quam,

848 2709 876 2733 te
893 2704 1023 2743 (nomen
1043 2709 1131 2734 tuum
1149 2708 1179 2733 et
1201 2703 1266 2734 sata
1286 2703 1357 2744 tua)
1378 2711 1502 2735 canent,
