1779 3130
225 175 309 217 352

617 173 667 212 Ρ.
701 172 914 213 OVIDII
948 173 1228 214 NASONIS

225 289 423 335 Ducere
446 285 758 349 principium,
789 287 976 333 Creten
1000 294 1220 341 tenuere,
1249 287 1445 349 locique

224 365 371 411 Ferre
397 363 481 408 diu
507 364 742 424 nequiere
768 361 797 408 J
802 378 971 410 ovem:
1012 370 1315 424 centumque
1341 363 1524 409 relictis

223 439 463 494 Urbibus,
491 437 740 485 Ausonios
767 446 941 501 optant
965 438 1252 500 contingere
1277 445 1466 501 portus.
1518 442 1613 484 708

224 515 378 562 Saevit
424 515 598 570 hiems,
636 516 898 576 Jactatque
946 515 1073 562 viros
1094 532 1103 562 :

221 591 474 638 Portubus
500 590 665 636 infidis
691 590 933 637 exterruit
957 592 1059 638 ales
1085 591 1245 637 Aello.

1171 515 1611 578 Strophadumque

1360 592 1611 653 [receptos

222 666 408 728 Etjam
436 666 696 712 Dulichios
722 674 909 729 portus,
943 666 1283 727 Ithacamque,
1308 666 1609 730 Samenque,

223 743 544 805 Neritiasque
569 743 759 798 domos,
787 758 993 804 regnum
1019 742 1209 789 fallacis
1238 741 1422 798 Ulixei,

221 820 410 866 Praeter
435 825 574 866 erant
597 819 750 866 vecti:
790 826 1030 865 certatam
1055 819 1142 866 lite
1171 818 1390 865 Deorum

1516 821 1610 865 713

221 895 556 950 Ambraciam,
583 895 812 957 versique
837 896 1009 942 vident
1034 897 1126 942 sub
1152 895 1367 956 imagine
1393 910 1569 942 saxum

221 971 251 1018 J
257 972 432 1027 udicis,
459 971 671 1018 Actiaco
697 988 810 1034 quae
837 988 967 1018 nunc
995 973 1056 1018 ab
1083 971 1314 1034 Apolline
1340 978 1456 1018 nota
1480 978 1572 1026 est,

221 1049 560 1110 Vocalemque
589 1063 678 1095 sua
702 1056 884 1094 terram
911 1048 1180 1094 Dodonida
1205 1063 1410 1110 querCU,

221 1187 381 1228 Iociferre
405 1188 458 1216 (ῑὶιι
484 1189 622 1226 nequiere
636 1186 750 1222 λοι-ειη,
770 1196 880 1228 nempe

219 1245 315 1275 quum
331 1245 427 1264 unum
442 1239 535 1274 atque
552 1235 682 1264 alterum
699 1245 814 1264 annum
831 1234 880 1264 hic

219 1282 454 1323 transegissent,
470 1282 549 1313 aeris
565 1283 711 1322 gravitas,
728 1283 795 1313 lues
815 1294 880 1313 cor-

219 1331 346 1373 poribus
374 1331 498 1366 infesta,
524 1339 555 1361 et
584 1331 709 1362 siccitas
738 1342 879 1372 agrorum

220 1380 394 1421 relinquere
410 1380 465 1409 illa
484 1380 554 1410 loca
573 1390 624 1409 eos
646 1381 766 1421 coegit3
792 1381 880 1420 Virg.

221 1430 298 1459 “En.
319 1429 363 1459 iii.
384 1439 449 1458 ver.
468 1429 648 1459 102—133.
695 1429 754 1458 Pro
779 1429 881 1459 Jorem

218 1477 293 1507 olim
307 1477 468 1518 legebatur
482 1478 578 1513 Iuem,·
596 1477 650 1507 sed
662 1477 785 1516 Jupiter
797 1488 880 1519 saepe

219 1537 274 1568 pro
291 1537 370 1562 aere,
382 1526 414 1556 h.
428 1526 451 1555 l.
469 1536 539 1556 curn
553 1526 680 1561 dilectu,
697 1527 771 1567 quia
787 1527 881 1557 Creta

218 1575 317 1607 solum
348 1575 451 1605 natale
479 1574 578 1605 Jovis.
634 1576 738 1611 Quum
768 1575 879 1606 iterum

220 1625 379 1655 oraculum
404 1623 641 1658 consuluissent,
658 1633 719 1653 non
742 1624 879 1660 Cretam,

222 1674 275 1704 sed
290 1675 447 1703 Ausoniam
464 1672 530 1702 scil.
546 1672 672 1702 Italiam
688 1678 790 1713 petere
802 1673 880 1713 jussi

222 1728 315 1760 sunt3
347 1720 460 1761 Virgil.
485 1731 549 1751 ver.
576 1721 755 1750 137—191.
803 1722 879 1752 Cen-

221 1778 285 1800 tum
320 1771 425 1806 vrbes5
463 1769 504 1798 ix.
531 1769 603 1799 665.
650 1769 740 1799 Saerit
776 1770 876 1805 hiems,

220 1818 295 1860 quia
316 1817 520 1860 procellosum
543 1827 627 1847 mare
650 1817 682 1847 in
709 1816 756 1847 his
779 1818 880 1859 plagis

218 1877 285 1897 esse
312 1866 410 1904 solet,
433 1866 504 1896 vide
528 1865 634 1906 Heyn.
648 1865 688 1895 ad
709 1866 796 1907 Virg.
812 1877 876 1897 ver.

222 1917 295 1946 192.
342 1916 527 1954 Strophades,
543 1914 613 1944 duae
632 1915 740 1944 insula:
756 1915 787 1944 in
803 1915 878 1945 mari

218 1964 319 1999 Ionio,
349 1962 535 1993 occidentali
562 1963 768 2004 Peloponnesi
797 1963 878 1993 litori

217 2014 365 2045 obversae.
410 2013 481 2042 Huc
511 2022 548 2042 ex
574 2012 665 2041 domo
688 2011 799 2042 Phinei
824 2022 876 2042 ex—

218 2063 315 2104 pulsae
338 2067 424 2091 erant
439 2071 457 2091 a
475 2061 549 2090 Zeta
565 2066 596 2090 et
612 2060 703 2092 Calai
720 2061 877 2101 Harpyiae,

219 2113 251 2142 in
273 2111 386 2152 quibus
407 2120 471 2140 una
491 2110 598 2146 Aello,·
622 2109 694 2139 vide
715 2109 754 2139 ad
772 2109 822 2139 vii.
839 2110 877 2145 3;

218 2161 306 2201 Virg.
331 2169 395 2190 ver.
419 2159 480 2188 ‘209
508 2169 575 2199 sqq.
620 2158 724 2188 Dictae
754 2158 878 2188 fuerunt

218 2209 394 2248 Strophades
409 2205 477 2237 ἀπὸ
492 2209 553 2244 τῆς
563 2208 714 2246 στροφῆς,
729 2206 786 2236 hoc
800 2212 846 2236 est
861 2215 879 2236 a

217 2256 414 2289 conversione
430 2256 510 2285 Zetae
528 2260 559 2284 et
571 2254 676 2285 Calais
690 2266 697 2291 3
719 2265 791 2284 nam
804 2253 879 2284 illuc

218 2316 315 2347 usque
327 2303 483 2344 Harpyias
495 2303 648 2344 persecuti
659 2308 738 2333 retro
750 2302 878 2333 rediere.

220 2355 377 2385 Eizerruit
403 2351 543 2382 horrifico
573 2351 691 2381 alarum
719 2351 876 2391 clangore,

216 2403 283 2433 (lira
300 2411 383 2435 voce,
400 2406 479 2430 tetro
494 2399 598 2434 odore,
615 2399 746 2440 dapibus
765 2399 877 2440 partim

218 2450 355 2492 direptis,
385 2449 497 2490 partim
534 2447 694 2478 immundo
729 2453 875 2478 contactu

218 2499 354 2534 foedatis,
365 2497 506 2537 tristique
519 2497 644 2527 oraculo
659 2496 756 2527 edito.
780 2497 878 2528 Juxta

219 2550 324 2577 Sumen
344 2553 390 2576 est
404 2546 595 2575 Dulichium.
644 2545 774 2580 Neritos,
790 2544 875 2574 Itha-

219 2608 263 2627 cae
288 2605 393 2625 mons:
420 2594 474 2624 sed
490 2594 602 2624 Noster
622 2592 776 2624 diversam
803 2593 876 2623 facit

219 2647 258 2675 ab
273 2645 385 2674 Ithaca
405 2642 550 2677 insulam,
567 2648 691 2673 secutus
708 2642 794 2682 Yirg.
811 2653 873 2673 ver.

218 2694 280 2724 270
294 2703 368 2733 sqq:
396 2696 417 2707 ‘¹
435 2692 507 2722 Jam
522 2691 624 2721 medio
637 2697 765 2731 apparet
778 2691 873 2720 fluctu

949 1196 1109 1217 nemorosa
1135 1186 1323 1227 Zacyntho&
1351 1185 1613 1226 Dulichiumque,

949 1235 1102 1276 Sameque
1118 1241 1147 1265 et
1161 1234 1286 1265 Neritos
1301 1235 1399 1264 ardua
1414 1234 1507 1264 saxis.
1557 1234 1610 1264 Ef-

949 1283 1084 1324 fugimus
1099 1283 1242 1324 scopulos
1258 1283 1387 1318 Ithacae,
1404 1283 1530 1312 Laertia
1542 1293 1611 1322 reg-

949 1342 999 1367 na,
1016 1333 1056 1361 Et
1077 1338 1190 1362 terram
1214 1330 1354 1361 altricem
1380 1329 1455 1361 saevi
1479 1341 1608 1361 execra-

949 1390 1016 1410 mur
1034 1379 1154 1409 Ulixi.’'

992 1428 1065 1458 713.
1094 1428 1364 1457 Certatum—nota
1388 1434 1453 1463 est,·
1483 1426 1523 1456 ad
1545 1426 1610 1457 Ac-

947 1477 1025 1507 tium
1042 1477 1241 1517 appulerunt,
1260 1475 1344 1506 sinus
1360 1474 1521 1506 Ambracii
1542 1486 1610 1516 pro-

947 1525 1145 1555 montorium.
1191 1524 1270 1554 Inde
1296 1523 1328 1554 in
1352 1524 1459 1554 urbem
1482 1525 1609 1554 Ambra-

946 1577 1020 1605 ciam
1047 1580 1208 1610 venei-unt,
1225 1574 1257 1604 in
1281 1584 1343 1615 qua
1365 1574 1516 1614 regnabat
1532 1574 1609 1603 Arn—

945 1624 1033 1659 brax,
1051 1624 1196 1654 Herculis
1222 1634 1334 1664 nepos3
1358 1623 1489 1663 Dionys.
1505 1623 1610 1653 Halic.

946 1672 968 1702 i.
986 1674 1040 1703 51.
1078 1674 1128 1703 De
1145 1682 1182 1702 ea
1197 1672 1270 1702 olim
1283 1679 1471 1703 certaverant
1483 1671 1609 1713 Apollo,

949 1721 1053 1751 Diana
1074 1727 1104 1752 et
1120 1721 1282 1751 Hercules.
1323 1721 1611 1761 Cragaleus,judex

948 1769 1107 1809 (nonnulli
1130 1770 1266 1805 Inclicis;
1292 1769 1446 1799 Passerat.
1467 1769 1507 1799 ad
1533 1769 1608 1799 Pro-

946 1818 1090 1859 pertium,
1111 1817 1156 1848 iii.
1177 1818 1225 1848 10.
1242 1817 1318 1858 legit
1346 1817 1496 1857 Vindicis)
1523 1817 1607 1848 elec-

946 1873 995 1897 tus
1020 1877 1037 1897 a
1061 1866 1141 1901 Diis,
1163 1877 1257 1907 quum
1282 1865 1483 1896 Ambraciam
1508 1876 1607 1896 asser-

946 1915 1040 1945 visset
1064 1915 1204 1950 Herculi,
1221 1915 1260 1945 ab
1282 1915 1428 1956 Apolline
1452 1915 1483 1945 in
1506 1926 1609 1944 saxum

946 1974 1044 1994 versus
1067 1970 1134 2000 est;
1158 1964 1276 1994 Anton.
1299 1963 1368 1993 Lib.
1389 1973 1458 2004 cap.
1484 1964 1513 1992 4.
1559 1963 1608 1993 Ibi

945 2012 1039 2043 etiam
1054 2012 1156 2042 nobile
1172 2012 1321 2052 ternplum
1339 2013 1488 2050 Apollinis
1504 2013 1608 2042 Actia-

946 2063 990 2097 ci,·
1015 2061 1135 2096 Strabo,
1151 2060 1205 2090 lib.
1219 2071 1248 2091 x.
1264 2071 1293 2101 p.
1310 2062 1383 2091 451.
1428 2060 1608 2102 Apollinem

946 2110 1105 2140 Actiacum
1121 2109 1239 2139 dictum
1255 2114 1330 2149 puto
1352 2120 1389 2139 ex
1412 2119 1459 2145 eo,
1476 2109 1559 2150 quod
1575 2109 1606 2139 in

946 2157 1049 2187 navali
1073 2156 1190 2198 praeho,
1216 2167 1276 2197 quo
1301 2156 1418 2187 devicit
1444 2158 1608 2198 Augustus

946 2206 1117 2236 Antonium
1149 2212 1180 2236 et
1212 2205 1424 2247 Cleopatram,
1454 2206 1607 2237 auxilium

946 2255 1090 2293 Augusto
1107 2253 1213 2284 tulisse
1228 2253 1412 2284 credebatur
1425 2266 1432 2292 3
1459 2260 1490 2284 et
1505 2265 1607 2285 meam

946 2302 1130 2333 sententiam
1164 2304 1296 2344 probant
1325 2303 1418 2333 verba
1455 2314 1537 2333 nunc
1571 2304 1606 2332 ab

946 2353 1086 2390 Apolline
1102 2358 1169 2381 nota
1185 2359 1238 2382 est.
1278 2352 1364 2381 Lm.

990 2401 1061 2429 716.
1090 2400 1498 2440 Tor-alemque—Dodonida,
1519 2399 1600 2439 etc.]

945 2449 1038 2478 Nunc
1053 2449 1135 2479 male
1146 2448 1260 2479 deserit
1271 2449 1382 2479 ducem
1395 2458 1502 2478 suum:
1520 2448 1604 2489 apud

945 2496 1122 2537 Virgilium,
1134 2508 1197 2528 ver.
1210 2497 1270 2527 291
1286 2508 1333 2537 sq.
1346 2497 1453 2527 relicto
1468 2496 1603 2526 Ambra-

944 2546 992 2576 cio
1008 2545 1087 2581 sinu,
1104 2545 1372 2586 praetervehuntur
1389 2545 1558 2574 Phoeaciam
1575 2554 1602 2574 s.

943 2594 1122 2635 Corcyram,
1151 2600 1214 2625 tun]
1246 2594 1335 2624 litora
1364 2593 1449 2634 Epiri
1479 2594 1599 2634 legunt,

943 2649 1063 2681 portum
1079 2643 1255 2673 Chaonium
1279 2643 1396 2672 intrant
1416 2647 1447 2673 et
1467 2641 1600 2671 Buthro-

942 2697 1005 2721 tum
1023 2691 1135 2721 adeunt
1151 2704 1159 2730 j.
1183 2691 1235 2720 sed
1254 2690 1334 2731 apud
1354 2691 1499 2721 Nostrum
1515 2689 1601 2730 prius
