1779 3130
379 173 995 216 METAMORPHOSEON
1030 177 1147 218 LlB.
1181 176 1315 217 XIV.

1443 176 1527 216 3⁸5

148 287 382 333 Concitat
406 287 731 350 Antiphates;
773 289 966 344 coeunt,
995 297 1046 336 et
1071 306 1192 336 saxa
1216 291 1484 352 trabesque

147 363 468 417 Continuant,
482 370 811 425 merguntque
822 365 1301 428 vi1·os,1nerguntque
1312 366 1518 413 carinaS.

145 438 259 485 Una
284 445 464 492 tamen,
493 455 604 501 quae
631 455 718 485 nos
745 439 1008 503 ipsumque
1032 442 1245 488 vehebat
1277 441 1472 496 Ulixen,

146 513 335 575 Effugit
357 530 366 560 :
407 514 590 560 amissa
613 514 859 561 sociorum
884 524 1039 579 parte,
1067 516 1308 571 dolentes,

146 589 408 652 Multaque
434 591 695 652 conquesti
721 591 861 637 terris
888 592 1148 639 allabimur
1173 591 1285 647 illis,

147 665 284 720 Quas
310 668 481 730 procul
513 667 626 713 hinc
652 668 839 715 cernis:
881 669 1052 731 procul
1085 669 1199 715 hinc
1228 669 1334 724 tibi,
1363 684 1523 722 cerne,

342 743 554 790 videnda
578 750 654 790 est

1432 746 1526 788 244

147 819 331 874 Insula,
358 820 463 866 visa
487 820 628 866 mihi:
667 827 838 882 tuque,
861 821 1180 883 ojustissime
1206 820 1403 875 Troiim,

145 894 276 941 Nate
305 895 412 942 Dea
437 896 623 957 (neque
649 896 779 941 enim
804 896 941 943 finito
964 897 1129 944 Marte
1154 897 1405 943 vocandus

147 969 318 1017 Hostis
344 987 413 1025 es,
442 970 637 1030 AEnea),
666 986 860 1027 moneo,
886 972 1000 1031 fuge
1026 973 1168 1020 litora
1194 973 1382 1019 Circes

147 1045 253 1092 Nos
279 1062 481 1108 quoque
508 1046 701 1093 Circaeo
728 1048 935 1109 religata
959 1049 1009 1094 in
1034 1049 1174 1096 litore
1200 1050 1319 1111 pinu

144 1121 432 1184 Antiphatae
458 1137 718 1178 memores,
746 1123 1163 1186 immansuetique
1187 1124 1443 1187 Cyclopis,

146 1197 224 1244 Ire
249 1198 571 1260 negabamus,
599 1206 649 1246 et
673 1207 808 1246 tecta
831 1200 1002 1262 ignota
1026 1200 1209 1246 subire.

1431 1203 1527 1246 250

148 1273 291 1320 Sorte
318 1289 487 1320 sumus
513 1275 627 1321 lecti
653 1291 662 1322 ε
704 1292 807 1322 sors
833 1292 912 1323 me
936 1277 1192 1338 fidumque
1218 1276 1416 1322 Politen

148 1349 588 1412 Eurylochumque
615 1351 776 1406 simul,
803 1352 1042 1414 nimiique
1071 1352 1319 1414 Elpenora
1341 1352 1454 1407 vini,

149 1424 341 1489 Bisque
366 1442 543 1472 novem
569 1427 729 1473 socios
757 1427 951 1474 Circaea
975 1428 1037 1473 ad
1062 1427 1244 1474 moenia
1267 1427 1416 1474 misit.

148 1500 273 1554 Quae
299 1501 446 1548 simul
465 1501 734 1563 attigimus,
757 1503 1090 1566 stetimusque
1120 1503 1169 1549 in
1195 1502 1363 1550 limine
1395 1503 1530 1559 tecti,

146 1673 210 1693 ver.
241 1663 312 1693 118.
336 1664 354 1693 ὃ
376 1665 467 1703 τεῦχε
495 1662 581 1702 βοὴν
611 1662 661 1693 &a
684 1663 809 1700 ἄστεος,

147 1717 207 1742 etc.
255 1712 455 1746 Continuant,
487 1712 552 1741 sine
585 1711 809 1742 intermissione

144 1760 278 1800 jactant,
302 1765 337 1790 ut
360 1760 469 1790 Horat.
492 1760 537 1790 ΙΙ.
560 1760 624 1789 Sat.
649 1760 689 1789 vi.
715 1763 809 1790 conti-

147 1820 244 1839 nuare
259 1811 366 1849 dapesg
392 1808 457 1839 vid.
475 1809 634 1839 Heinsius.

190 1858 265 1887 244.
311 1858 426 1887 Procul
447 1858 516 1887 hinc
540 1859 603 1892 tibi,
632 1856 710 1896 etc.]
759 1857 809 1887 De

148 1904 256 1936 Circes
277 1905 379 1936 insula
398 1905 468 1936 vide
491 1915 584 1946 supra
604 1905 642 1935 ad
668 1915 730 1935 ver.
749 1906 809 1943 103

147 1955 228 1984 conf.
245 1955 399 1984 Homerus
415 1954 488 1984 inde
505 1964 521 1984 a
538 1965 600 1983 ver.
617 1955 684 1984 135.
717 1955 809 1984 Com—

148 2008 250 2033 motus
265 2002 403 2043 periculo
419 2002 461 2033 ibi
478 2008 631 2044 superato,
648 2002 811 2033 commoda

150 2052 350 2083 conversione
393 2053 526 2082 ,lineam
569 2057 722 2082 astantem
764 2052 810 2081 al-

150 2100 298 2142 loquitur,
327 2111 396 2142 quae
427 2101 517 2131 simul
550 2101 635 2135 facit,
664 2107 697 2130 ut
727 2100 810 2130 hunc

150 2154 222 2179 ante
237 2149 342 2179 oculos
357 2155 461 2179 teneat
476 2149 582 2180 lector.
620 2149 733 2189 Neque
749 2149 809 2178 huc

150 2197 339 2238 appulerunt
366 2197 501 2239 Trojani,
531 2198 585 2228 sed
613 2197 809 2238 praetervecti

150 2251 223 2276 sunt
238 2244 294 2276 illa
309 2246 417 2284 litora;
443 2246 558 2286 Virgil.
572 2245 624 2277 vii.
639 2247 777 2276 21-23,

193 2294 270 2324 249.
297 2296 468 2334 Antiphatae
483 2306 629 2330 memores,
646 2295 723 2335 etc.]
744 2296 807 2325 Ho-

151 2352 226 2373 mer.
237 2343 354 2374 Od.K.
373 2343 445 2374 199:
468 2343 696 2384 Μνησαμένοις
707 2344 811 2384 ἔργων

155 2391 396 2433 Λαιστρυγόνος
407 2391 612 2433 Ἀντιφάταο,
633 2392 813 2428 Κυκλωπός

152 2451 186 2470 τε
201 2439 279 2479 βίης
292 2439 520 2482 μεγαλήτορος
533 2439 760 2481 ἀνδροφάγοιο.
775 2440 813 2470 In

151 2490 365 2519 immansuetus
400 2490 512 2520 frustra
552 2489 706 2520 haeseruut
743 2489 812 2520 intt.

153 2537 243 2578 quasi
253 2537 365 2568 leviore
377 2538 468 2568 nimis
480 2549 547 2569 voc.
560 2549 615 2580 pro
626 2538 812 2579 Polyphemi

154 2585 339 2616 crudelitate
353 2598 361 2624 3
382 2586 472 2617 saevis
483 2587 566 2617 enim
582 2586 700 2622 bestiis,
715 2594 748 2617 ut
764 2597 813 2617 xv.

154 2634 207 2664 85.
234 2633 376 2674 tigribus,
406 2635 549 2666 tribuitur
585 2637 811 2665 immansuetum

153 2683 318 2723 ingenium.
343 2682 393 2713 Ire
405 2685 594 2724 negabamus,
607 2690 633 2713 et
649 2689 737 2718 tecla,
749 2691 812 2713 etc.

202 2730 298 2760 VOL.
314 2730 373 2761 IV.

877 1663 1008 1694 Codices
1033 1663 1128 1704 Regii
1156 1664 1260 1698 nostri,
1286 1669 1317 1693 et
1340 1663 1535 1694 Florentinus

876 1713 907 1744 S.
927 1712 1041 1747 Marci,
1059 1712 1174 1742 habent
1194 1714 1242 1742 sed
1268 1718 1369 1748 tecta5
1394 1718 1476 1743 certe
1500 1719 1534 1743 ut

876 1761 1004 1791 tollatur
1030 1760 1137 1790 vitium
1163 1759 1263 1795 metri,
1291 1760 1345 1790 sed
1370 1760 1439 1790 vide
1466 1771 1535 1801 quae

877 1809 917 1839 ad
942 1809 984 1839 ix.
1014 1810 1089 1839 405.
1118 1808 1272 1845 diximus;
1297 1814 1328 1838 et
1353 1815 1463 1849 praeter
1484 1819 1538 1839 ex-

876 1858 981 1899 empla
997 1868 1065 1898 quae
1083 1857 1122 1887 ad
1140 1857 1242 1887 locum
1262 1857 1379 1887 dictum
1400 1867 1436 1887 ex
1454 1857 1535 1887 Nos-

877 1912 922 1936 tro
941 1906 1112 1942 attulimus,
1130 1905 1240 1946 virgil.
1256 1905 1299 1935 ait
1314 1907 1388 1935 sEn.
1404 1905 1446 1936 ix.
1463 1907 1536 1937 609.

877 1966 1015 1994 versaque
1032 1957 1200 1994 juvencum
1242 1954 1337 1995 Terga
1364 1955 1538 1995 fatigamus

877 2004 974 2033 hasta.

919 2053 995 2082 251.
1020 2052 1087 2081 Sors
1109 2062 1152 2080 me
1165 2052 1334 2090 fidumque,
1359 2051 1440 2091 etc.]
1473 2051 1538 2081 Ho-

877 2111 979 2131 merus
1010 2100 1118 2140 viginti
1148 2106 1207 2130 tres
1238 2101 1345 2130 missos
1373 2105 1488 2135 narrat,
1521 2111 1537 2130 e

877 2150 991 2191 quibus
1011 2160 1071 2179 non
1098 2148 1155 2178 nisi
1182 2149 1387 2188 Eurylochum
1410 2148 1535 2183 ducem,

877 2204 908 2228 et
918 2208 980 2228 ver.
996 2199 1072 2228 225.
1094 2197 1213 2226 Politen
1231 2196 1389 2234 nominat3
1405 2196 1458 2227 sed
1476 2197 1539 2226 Od.

878 2250 919 2277 K.
949 2247 1021 2277 552.
1048 2252 1079 2276 et
1102 2249 1140 2276 A.
1161 2246 1201 2275 60
1225 2256 1293 2286 sqq.
1319 2246 1450 2286 Elpenor
1472 2245 1538 2275 ine-

876 2295 995 2326 briatus
1006 2295 1044 2325 de
1060 2294 1166 2325 Circes
1179 2300 1260 2324 tecto
1274 2293 1440 2329 decidisse,
1456 2294 1536 2323 frac-

879 2350 973 2385 taque
999 2343 1120 2374 cervice
1145 2348 1282 2373 mortuus
1307 2352 1373 2373 esse
1398 2342 1537 2373 refertur.

879 2393 962 2423 Hinc
992 2394 1078 2423 nimii
1108 2394 1180 2428 tini,
1210 2391 1294 2432 quod
1328 2391 1477 2421 Heinsius
1509 2400 1540 2422 et

881 2442 1081 2472 Burmannus
1093 2440 1249 2471 illustrant
1263 2450 1300 2470 ex
1316 2439 1456 2474 Horatio,
1473 2439 1538 2469 Od.

880 2490 907 2520 I.
935 2490 1041 2520 xxxvi.
1072 2490 1123 2520 13.
1154 2490 1241 2519 multi
1278 2489 1414 2518 Damalis
1442 2489 1538 2523 meri,

881 2538 945 2569 Od.
976 2538 1008 2568 ii.
1039 2539 1088 2568 12.
1113 2540 1238 2568 *nimium
1266 2548 1345 2567 ¹mero
1371 2537 1538 2577 Hyla’um5

880 2586 1037 2621 Suetonio,
1053 2587 1139 2627 Aug.
1157 2587 1210 2616 76.
1235 2586 1299 2615 Cibi
1317 2588 1432 2616 minimi
1449 2592 1536 2621 e⁷·at;

882 2641 913 2665 et
942 2635 1128 2671 Columella,
1162 2635 1203 2666 vi.
1236 2636 1266 2665 2.
1298 2635 1393 2665 Multi
1421 2636 1478 2665 cibi
1512 2641 1540 2664 et

882 2685 995 2714 edaces.

1013 2732 1078 2761 31)
