1779 3130
218 200 274 240 :26
608 194 658 234 P.
692 190 904 233 OVIDII
938 187 1217 230 NASONIS

224 310 406 357 Rasilis
431 308 543 354 huic
566 321 809 353 summam
834 303 1094 350 mordebat
1117 300 1270 346 fibula
1292 305 1509 351 vestem;

223 386 385 433 Crinis
411 391 517 431 erat
541 383 771 445 simplex,
799 381 985 426 nodum
1011 378 1249 424 collectus
1276 375 1326 421 in
1350 388 1531 419 unum:

226 463 305 509 Ex
330 463 533 507 humero
558 459 781 522 pendens
807 456 1072 503 resonabat
1096 454 1314 500 eburnea
1336 451 1458 496 laevo
1510 451 1607 494 320

224 538 454 584 Telorum
480 542 678 591 custos3
720 549 890 580 arcum
916 546 1115 594 quoque
1140 529 1262 574 laeva
1285 527 1505 574 tenebat.

225 613 359 660 Talis
385 620 490 659 erat
509 612 696 666 cultus3
737 608 904 664 facies,
933 623 1082 669 quam
1107 607 1273 652 dicere
1297 619 1411 651 vere

226 689 511 750 Virgineam
535 687 585 733 in
610 701 779 749 puero,
800 684 1039 747 puerilem
1064 684 1114 729 in
1137 681 1326 743 virgine
1351 679 1529 742 possis.

229 764 374 811 Hanc
399 764 582 827 pariter
608 762 743 816 vidit,
773 760 953 823 pariter
980 758 1286 821 Calydonius
1312 757 1457 802 heros

231 840 451 903 Optavit,
478 845 715 885 renuente
744 837 868 891 Deo,
894 837 1219 897 flammasque
1244 834 1458 879 latentes
1516 832 1612 877 325

230 915 439 962 Hausit:
468 922 533 969 et,
563 920 592 938 “
612 914 654 960 O
683 913 818 968 felix,
847 913 887 959 si
913 929 1063 975 quem
1087 906 1612 972 dignabitur,'’inquit,

231 997 261 1015 “
285 991 390 1037 Ista
403 990 614 1037 virum!”
634 1005 725 1036 nec
751 989 894 1052 plura
913 988 1081 1034 sinunt
1103 983 1613 1049 tempusque,pudor-

232 1067 439 1114 Dicere:
468 1067 628 1129 majus
644 1082 769 1129 opus
786 1066 951 1127 magni
972 1064 1254 1113 certaminis
1283 1068 1438 1124 urget.
1495 1062 1617 1122 [que

300 1143 435 1189 Silva
474 1142 707 1204 frequens
741 1142 980 1196 trabibus,
1012 1157 1161 1204 quam
1197 1140 1333 1186 nulla
1369 1138 1619 1187 ceciderat

235 1218 419 1281 Incipit
444 1234 472 1265 a
495 1219 658 1282 plano,
687 1219 977 1280 devexaque
1003 1218 1244 1281 prospicit
1269 1231 1410 1264 arva:
1457 1216 1615 1276 [aetaS,

234 1294 344 1349 Quo
369 1301 637 1357 postquam
654 1310 832 1342 venere
851 1294 956 1350 viri,
973 1310 1086 1357 pars
1111 1294 1235 1340 retia
1257 1293 1490 1340 tendunt:

236 1453 267 1478 et
295 1447 393 1477 forma
422 1452 489 1477 erat
522 1446 663 1487 insigniS,
693 1454 725 1477 et
756 1447 894 1478 venatrix

237 1495 501 1538 praestantissima.

282 1545 355 1574 318.
373 1544 490 1573 Rasilia
507 1554 609 1585 opera,
627 1555 697 1585 quae
718 1543 749 1575 in
764 1544 897 1575 laminas

239 1592 367 1622 diducta
385 1599 416 1622 et
436 1591 573 1632 levigata
594 1598 675 1628 sunt,
691 1593 723 1623 id
747 1593 831 1633 quod
852 1593 896 1624 sa-

242 1641 368 1672 ciebant
386 1652 507 1676 rasores,
522 1641 561 1671 de
578 1642 691 1682 quibus
702 1641 764 1672 vid.
779 1641 899 1672 Salma-

242 1689 316 1725 sius,
333 1690 472 1720 Exercit.
489 1689 570 1720 Plin.
586 1702 617 1731 p.
631 1691 703 1720 736.
749 1690 900 1721 Summam

240 1745 345 1769 vestem
369 1739 500 1769 Lenzius
524 1738 673 1780 intelligit
693 1739 798 1774 altius,
816 1750 899 1771 more

239 1787 433 1823 venantium,
461 1788 666 1823 subtractam,
691 1798 785 1828 quam
804 1788 901 1818 fibula

240 1835 387 1866 tenuerit.
445 1836 555 1865 Fibula
592 1837 742 1866 mordebat
770 1842 900 1873 vestem,

239 1882 408 1922 eleganter,
419 1883 585 1914 collectam
599 1884 789 1914 continebat.
814 1885 900 1915 Acu-

241 1930 308 1961 leus
323 1931 403 1961 enim
421 1932 523 1962 fibulae
540 1939 586 1962 est
605 1933 694 1973 quasi
717 1933 804 1965 dens.
849 1934 899 1964 Fi-

241 1979 324 2009 bulis
339 1979 432 2010 vestis
456 1980 505 2010 vel
529 1981 561 2011 in
581 1980 727 2017 humeris,
744 1982 795 2012 vel
817 1982 901 2012 circa

242 2032 352 2068 pectus
388 2029 665 2069 constringebatur.
711 2030 778 2060 111ae
816 2031 900 2061 dice·

244 2076 357 2105 bantur
375 2076 522 2117 περόναι,
543 2077 601 2112 bae,
623 2077 759 2118 πόρπαι.
796 2079 898 2109 AElia-

246 2133 316 2159 nus,
336 2123 420 2154 dicto
436 2124 516 2161 loco,
538 2125 565 2156 ei
583 2126 691 2157 tribuit
714 2128 838 2165 στολὴν
865 2127 901 2158 ἀ-

246 2171 422 2214 πράγμονα
431 2174 484 2203 καὶ
498 2174 666 2213 τοιαύτην,
679 2174 752 2207 οἵαν
762 2178 807 2217 μὴ
819 2176 902 2208 ἁπο-

244 2219 310 2251 δεῖν
331 2224 391 2259 τῆς
414 2221 610 2263 Ἀρτέμιδος.
657 2224 757 2254 Crinz's
773 2227 904 2265 simplet,

246 2269 350 2300 cultus
371 2270 555 2311 capillorum
570 2271 712 2313 simplex.
758 2274 826 2314 Ope
843 2274 904 2304 fas-

247 2317 304 2348 ciae
321 2318 547 2359 colligebantur
567 2320 599 2350 in
620 2323 728 2351 nodum
745 2328 837 2363 atque
854 2335 905 2353 no-

246 2368 315 2396 dari
351 2366 545 2399 dicebantur.
605 2369 742 2400 Auctore
779 2371 906 2411 Apollo-

252 2414 337 2450 doro,
353 2415 532 2456 Θηρεύουσα
547 2417 581 2448 ἐν
595 2417 711 2460 ἐρημίᾳ
723 2420 906 2451 καθωπλισ·

248 2462 328 2504 μὲνη
354 2463 492 2496 διετέλει.
531 2466 615 2497 Hinc
639 2478 673 2497 ez
699 2469 829 2505 humero,
846 2475 906 2501 etc.

251 2512 390 2544 Custodes
417 2524 518 2545 rerum
552 2515 695 2546 dicuntur
723 2527 808 2552 vasa,
836 2529 905 2558 quae

248 2559 320 2591 illas
341 2562 524 2601 continent3
549 2563 611 2594 xiii.
629 2565 700 2595 703.
716 2575 822 2596 acerra
841 2577 907 2597 cus*

250 2614 292 2638 tos
309 2611 398 2639 turis.

295 2658 369 2687 322.
395 2658 497 2688 Facies
513 2659 616 2690 media
632 2667 697 2691 erat
712 2661 791 2692 inter
806 2663 906 2703 pueri-

251 2704 313 2735 lem
329 2712 359 2735 et
377 2707 557 2746 virgineam,
578 2709 678 2748 qualis
700 2709 831 2740 decebat
847 2710 906 2739 vir-

961 1447 1065 1488 ginem
1095 1446 1304 1484 venatricem3
1342 1445 1446 1475 confer
1473 1443 1516 1474 ix.
1546 1444 1619 1474 712.

963 1496 1110 1526 AElianus
1134 1496 1162 1526 ei
1184 1495 1292 1525 tribuit
1310 1493 1465 1534 insignem
1479 1493 1619 1534 pulchri-

963 1544 1104 1575 tudinem
1135 1550 1164 1574 et
1192 1544 1345 1583 fulgorem
1368 1542 1539 1577 oculorum,
1566 1540 1621 1582 qui

964 1594 1184 1634 perstringeret
1199 1593 1366 1627 intuentes,
1383 1597 1414 1622 et
1428 1591 1623 1632 perturbaret

965 1641 1094 1682 ignavos
1109 1641 1261 1671 homines.

1010 1691 1084 1720 324.
1102 1690 1191 1720 Hunc
1205 1692 1321 1728 puriter
1338 1690 1425 1724 vidit,
1440 1688 1518 1728 ete.]
1538 1689 1622 1719 Prae-

967 1738 1050 1769 clare
1071 1744 1159 1769 notat
1182 1738 1282 1768 herois
1298 1749 1410 1773 mores,
1428 1738 1477 1768 cui
1493 1739 1592 1779 gloria
1606 1749 1623 1769 e

967 1792 1102 1817 monstro
1124 1787 1287 1818 interfecto
1310 1786 1409 1828 potior
1435 1797 1501 1817 esse
1528 1786 1623 1818 debe-

966 1836 1031 1866 bat.
1077 1836 1188 1877 Neque
1218 1836 1311 1877 plane
1340 1836 1530 1867 omittendus
1560 1842 1627 1867 erat

968 1884 1018 1915 hic
1045 1895 1139 1920 amor,
1167 1891 1291 1927 propter
1320 1896 1370 1920 ea,
1401 1896 1471 1926 quae
1500 1885 1572 1916 inde
1606 1897 1625 1916 a

968 1944 1057 1965 versu
1088 1936 1161 1965 426.
1197 1941 1380 1975 sequuntur.
1429 1935 1528 1965 Simul
1558 1935 1625 1966 haec

968 1982 1072 2013 valent
1101 1983 1140 2013 ad
1163 1983 1442 2014 commendandam
1466 1984 1626 2015 Atalantae

969 2031 1017 2061 vel
1050 2031 1316 2073 pulchritudinem
1346 2034 1394 2063 vel
1427 2033 1627 2074 dignitatem.

971 2080 1052 2118 Opus
1075 2083 1247 2112 certaminis
1271 2081 1333 2112 fere
1356 2082 1485 2118 dictum,
1508 2087 1542 2113 ut
1562 2094 1626 2114 cer-

970 2135 1067 2158 tamen
1081 2140 1202 2170 pugnae,
1222 2129 1278 2160 xii.
1298 2131 1368 2161 180.

1013 2178 1087 2208 329.
1116 2178 1199 2208 Silva
1217 2179 1377 2219 frequens,
1406 2178 1483 2219 etc.]
1514 2179 1626 2216 Locus,

971 2225 1024 2255 ubi
1050 2236 1124 2266 aper
1147 2228 1404 2263 commorabatur,
1420 2234 1451 2257 et
1466 2227 1548 2258 unde
1563 2229 1626 2270 pri-

971 2284 1040 2304 mus
1059 2274 1203 2315 impetus.
1251 2275 1348 2309 Quam
1369 2277 1457 2305 vulla
1482 2278 1628 2307 ceciderat

971 2330 1059 2353 oetas:
1083 2323 1156 2354 alibi
1183 2324 1315 2354 nemoris
1339 2324 1458 2355 indicat
1478 2325 1628 2356 sanctita-

972 2378 1045 2407 tem,
1072 2373 1121 2403 hic
1145 2373 1342 2404 densitatem.
1386 2375 1464 2404 Post
1482 2377 1590 2414 incipit
1610 2387 1629 2405 a

970 2422 1060 2459 plano
1081 2422 1167 2462 sequi
1192 2422 1338 2458 debebat,
1354 2423 1452 2463 surgit
1471 2423 1503 2453 in
1525 2429 1630 2454 monte

974 2476 1028 2499 aut
1056 2469 1136 2500 clivo
1166 2471 1300 2501 molliter
1329 2471 1538 2510 ascendente3
1573 2472 1629 2503 sed

974 2517 1127 2558 exquisite
1139 2529 1192 2559 pro
1202 2530 1251 2555 eo,
1262 2521 1370 2550 decem
1381 2522 1523 2559 prospicit
1535 2532 1608 2551 ανυα
1621 2533 1629 2550 .-

974 2568 1092 2602 decem,
1108 2568 1177 2598 loca
1199 2569 1320 2610 supina,
1336 2569 1486 2609 paulatim
1502 2569 1631 2600 descen-

975 2613 1081 2644 dentia
1106 2615 1144 2645 ad
1170 2616 1315 2655 planum:
1338 2619 1525 2656 prospiciunt
1550 2618 1630 2653 loca,

976 2662 1057 2693 uode
1074 2670 1251 2705 prospectus
1267 2666 1297 2694 in
1314 2665 1467 2696 inferiora.
