1779 3130
383 156 999 199 METAMORPHOSEON
1032 158 1150 200 LIB.
1183 157 1320 200 XIII.

1455 159 1540 200 307

149 269 302 317 Arma
324 271 552 333 neganda
576 272 727 317 mihi?
764 272 1022 334 potiorque
1047 272 1293 319 videbitur
1317 272 1415 327 ille,
1470 276 1533 320 35

153 345 341 394 Ultima
364 347 447 408 qui
475 347 622 409 cepit,
650 347 1044 409 detrectavitque
1069 348 1230 395 furore

151 420 383 469 Militiam
408 423 552 469 ficto:
593 423 750 468 donec
773 423 1015 469 sollertior
1042 422 1152 478 isto,

153 497 251 543 Sed
278 498 367 543 sibi
395 498 625 552 inutilior,
652 498 809 544 timidi
836 507 1116 546 commenta
1142 499 1322 546 retexit

151 572 455 635 Naupliades
481 574 645 629 animi,
672 573 925 636 vitataque
951 575 1102 621 traxit
1128 575 1175 621 in
1201 577 1369 621 arma?

151 647 355 711 Optima
378 666 508 696 nunc
535 656 711 703 sumat,
739 650 822 712 qui
848 666 1041 697 sumere
1067 650 1225 696 noluit
1249 651 1368 698 ulla:

1464 655 1528 698 40

149 724 254 772 Nos
282 726 572 781 inhonorati,
600 733 651 773 et
674 726 815 773 donis
842 727 1147 789 patruelibus
1168 728 1290 782 orbi,

150 800 436 850 Obtulimus
462 803 547 865 qui
573 819 661 849 nos
687 803 747 849 ad
774 803 932 865 prima
956 804 1189 866 pericula,
1218 804 1387 850 simUS.

147 877 313 940 Atque
328 880 515 926 utinam
532 887 767 926 autverus
783 878 914 925 furor
928 879 1024 935 ille,
1039 888 1123 927 aut
1138 880 1355 927 creditus
1368 888 1523 938 esset3

147 1036 201 1056 αν·
221 1032 252 1057 et
277 1027 315 1057 de
336 1028 445 1069 Ajace,
464 1029 501 1065 ὃς
525 1031 652 1068 πρῶτος
677 1027 726 1058 ἀεὶ
749 1030 801 1059 καὶ

145 1075 241 1115 μόνος
258 1076 427 1118 τέταγμαι.
473 1078 568 1107 Nullo
582 1079 634 1107 sub
650 1080 757 1113 indice,
770 1084 803 1108 ut

146 1124 228 1165 apud
258 1126 394 1161 Florum,
423 1126 463 1157 iv.
494 1128 524 1156 8.
549 1128 602 1156 sub
635 1137 803 1165 percussore

144 1176 231 1203 mori.
278 1175 314 1205 In
330 1175 386 1210 his,
402 1177 455 1205 sub
471 1186 597 1205 causam
617 1175 801 1206 efficientem

147 1228 245 1253 notat.
292 1224 341 1254 De
365 1224 510 1254 simulata
536 1224 656 1264 Ulyssis
680 1224 801 1254 insania

149 1270 219 1301 vide
243 1272 360 1313 Hygini
384 1272 523 1303 fabulam
549 1274 609 1303 95:
636 1277 656 1289 “
673 1273 710 1302 Ei
734 1278 801 1303 erat

146 1330 344 1361 responsum:
371 1321 395 1351 si
420 1321 459 1352 ad
479 1322 602 1362 Trojam
624 1320 712 1356 isset,
733 1327 802 1362 post

145 1367 325 1400 vicesimum
351 1379 477 1406 annum,
493 1370 603 1406 solum,
619 1370 710 1400 sociis
732 1381 800 1411 per-

144 1416 229 1453 ditis,
267 1424 410 1457 egentem
453 1419 579 1449 domum
616 1418 800 1449 rediturum.

144 1467 256 1507 Itaque
269 1478 364 1507 quum
379 1468 470 1498 sciret
482 1468 521 1498 ad
536 1479 568 1498 se
582 1473 714 1498 oratores
728 1478 800 1497 ven-

148 1520 242 1552 turos,
282 1516 435 1546 insaniam
480 1516 642 1552 simulans,
684 1516 801 1557 pileum

144 1565 285 1606 sumpsit,
307 1571 339 1595 et
364 1576 477 1606 equum
501 1576 571 1596 cum
595 1565 672 1595 bove
696 1565 800 1605 junxit

144 1613 184 1644 ad
200 1620 347 1645 aratrum.
376 1616 478 1651 Quem
493 1613 678 1644 Palamedes
694 1614 800 1654 (Nau-

143 1662 200 1703 plii
226 1662 324 1702 filius)
352 1669 385 1694 ut
410 1663 495 1699 vidit,
520 1663 615 1693 sensit
640 1663 797 1698 simulare,

147 1717 240 1753 atque
254 1712 476 1743 Telemachum
499 1712 596 1743 filium
618 1712 695 1753 ejus,
712 1711 800 1743 cunis

144 1761 313 1797 sublatum,
335 1767 435 1791 aratro
460 1761 488 1791 ei
513 1761 658 1802 subjecit,
683 1767 714 1791 et
737 1762 798 1792 ait:

143 1809 339 1840 simulatione
361 1809 512 1851 deposita,
527 1810 607 1840 inter
627 1809 802 1850 conjuratos

143 1857 253 1888 veni.'’
297 1860 347 1889 De
361 1858 552 1889 Telemacho
567 1869 615 1888 res
635 1858 729 1899 paulo
744 1858 800 1889 ali-

143 1913 188 1937 ter
203 1907 233 1937 in
248 1908 384 1938 carmine
401 1908 516 1949 Cyprio
532 1913 681 1938 narratur.
703 1909 800 1948 AEgre

143 1962 225 1986 certe
246 1956 363 1998 impelli
383 1957 494 1998 potuit,
509 1962 544 1987 ut
565 1956 713 1986 adversus
726 1956 799 1986 Tro-

138 2004 229 2045 janos
254 2005 515 2046 proficisceretur3
548 2005 712 2039 Homerus,
737 2005 799 2035 Od.

145 2057 184 2084 Ω.
204 2055 273 2084 119.
319 2054 418 2089 Idem,
433 2054 488 2084 sed
505 2053 675 2088 obscurius,
695 2054 799 2094 Ulyssi

144 2101 289 2142 objicitur
310 2102 392 2143 apud
415 2102 566 2139 Quintum
582 2101 708 2132 Calabr.
728 2103 800 2133 193.

142 2150 203 2180 Sed
226 2156 323 2180 totum
339 2150 396 2180 hoc
417 2150 526 2191 tragici
550 2156 617 2191 post
631 2151 801 2181 Homerum

145 2200 309 2233 finxerunt,
343 2205 485 2230 monente
515 2198 608 2229 etiarn
638 2199 800 2236 Cicerone,

144 2248 236 2277 Offic.
258 2246 302 2277 iii.
321 2248 373 2277 26.
389 2247 441 2277 ubi
464 2247 502 2277 de
527 2247 687 2277 honestate
709 2247 800 2288 hujus

143 2296 263 2326 consilii
283 2296 434 2338 disputat.
481 2296 601 2326 Ibidem
626 2296 722 2326 habes
742 2297 799 2328 hoc

143 2344 226 2375 idem
251 2345 367 2375 crimen
387 2355 405 2375 a
426 2351 515 2385 poeta
535 2345 664 2386 antiquo
684 2351 796 2375 tracta-

145 2401 221 2423 tum.
267 2394 432 2429 Sollertioffi
463 2393 624 2429 callidior;
663 2393 799 2430 Quintus

145 2441 257 2471 Calab.
280 2443 348 2472 199.
362 2443 397 2478 ὃς
419 2441 471 2471 σέο
492 2441 636 2482 φέρτερος
657 2442 725 2473 ἔσκε
742 2442 799 2483 βίῃ

143 2490 195 2520 καὶ
209 2489 339 2531 ἐύφρονι
350 2490 467 2531 βουλῇ.
496 2491 556 2520 Siln'
574 2491 723 2525 inutilior,
735 2501 798 2520 suae

144 2538 235 2568 saluti
259 2540 358 2569 [ninus
382 2539 564 2577 consulens;
588 2539 657 2569 vide
679 2540 718 2569 ad
734 2550 798 2569 ver.

146 2588 198 2617 59.
244 2588 280 2617 In
301 2600 385 2618 arma
401 2588 467 2628 (vel
491 2590 530 2617 ad
549 2588 653 2627 arma)
672 2590 800 2624 trahere,

147 2646 262 2671 vocare,
285 2640 394 2672 venire,
418 2638 535 2667 mittere
561 2642 667 2667 amant
691 2642 801 2678 poetae.

149 2684 315 2716 Commode
340 2687 369 2716 in
386 2696 449 2716 rem
469 2696 555 2716 suam
577 2686 672 2717 utitur
694 2685 748 2716 illa
764 2685 802 2716 si-

870 1029 1048 1065 mulatione,
1076 1031 1195 1069 Optima
1224 1042 1305 1059 nunc
1330 1035 1439 1065 sumat,
1462 1035 1525 1060 etc.

870 1078 983 1118 quibus
1012 1079 1112 1109 verbis
1147 1078 1316 1118 indignitas
1354 1077 1395 1107 rei
1425 1088 1528 1107 rursus

869 1126 1060 1167 exprimitur.
1107 1126 1293 1161 Inlionomti,
1305 1126 1389 1155 nullo
1402 1126 1528 1167 praemio

869 1175 984 1206 affecti.
1031 1176 1078 1205 Ad
1095 1177 1193 1214 prima
1206 1176 1341 1214 pericula
1358 1185 1422 1214 pro,
1438 1174 1526 1215 primi

867 1223 905 1254 ad
935 1223 1087 1264 pericula,
1115 1229 1147 1253 ut
1171 1234 1234 1253 ver.
1260 1223 1312 1253 36.
1342 1224 1450 1252 ultima
1474 1225 1525 1262 qui

866 1273 942 1311 cepit
958 1282 1022 1312 pro,
1036 1270 1173 1301 ultimus.

909 1321 961 1350 43.
986 1320 1086 1350 Furor
1099 1321 1171 1356 ille3
1196 1330 1276 1349 unus
1292 1319 1412 1349 Heinsii
1426 1320 1525 1359 fici-or

869 1370 926 1404 illi,
951 1368 1033 1409 quod
1057 1379 1117 1398 non
1140 1369 1292 1409 improbat
1315 1368 1525 1405 Burmannus,

869 1417 960 1447 modo
976 1416 1149 1457 distinguas
1163 1421 1231 1457 post
1244 1417 1353 1457 farma
1398 1416 1462 1447 Nec
1478 1429 1525 1447 co-

869 1478 936 1501 mes,
962 1472 1023 1496 etc.
1081 1465 1192 1502 Quint.
1215 1465 1360 1500 Calaber,
1387 1466 1458 1496 194.
1484 1465 1526 1503 ὡς

867 1517 912 1555 μὴ
926 1514 1052 1556 ὤφειλες
1067 1513 1196 1545 ἱκέσθαι.
1228 1514 1308 1543 Tum
1323 1513 1444 1549 eadem,
1455 1525 1525 1555 quae

868 1563 930 1599 hic,
944 1564 1088 1604 exempla
1102 1567 1390 1597 commemorantur,
1402 1562 1527 1592 Philoc-

868 1619 938 1643 tetae
963 1618 995 1643 et
1009 1612 1195 1647 Palamedis,
1211 1611 1265 1641 sed
1286 1611 1370 1652 justo
1390 1611 1526 1645 brevius.

866 1668 898 1692 ct
917 1661 982 1692 sine
998 1662 1167 1692 affectuum
1182 1660 1397 1690 commotione.
1444 1660 1526 1689 Hor-

867 1717 945 1741 tator
956 1712 1108 1746 scelerum,
1121 1709 1260 1750 Ulysses,
1273 1719 1310 1738 ex
1323 1707 1437 1748 virgil.
1450 1709 1525 1738 AEn.

867 1761 907 1789 vi.
928 1760 1001 1790 529.
1048 1759 1186 1789 Poeantia
1207 1758 1314 1797 proles,
1337 1756 1524 1793 Philocteta,

867 1808 1008 1839 Poeantis
1037 1807 1130 1843 filius,
1159 1806 1289 1847 sagittas
1321 1806 1360 1835 ab
1387 1805 1526 1836 Hercule

867 1863 1030 1899 acceperat
1044 1856 1104 1897 (ix.
1119 1857 1211 1893 232.)
1228 1854 1342 1896 quibus
1356 1853 1525 1884 instructus

867 1905 1004 1936 interfuit
1016 1905 1098 1936 bello
1108 1904 1251 1945 Trojano.
1279 1902 1382 1933 sedin
1395 1902 1527 1933 intinere

868 1965 905 1985 ex
927 1954 1044 1985 colubri
1069 1964 1170 1984 morsu
1195 1952 1227 1983 in
1246 1951 1399 1982 insaniam
1418 1961 1524 1981 versus

866 2003 897 2033 in
912 2003 1013 2033 insula
1027 2003 1143 2033 Lemno
1158 2012 1176 2032 a
1191 2000 1311 2032 Graecis
1325 2006 1372 2030 est
1386 1999 1525 2030 relictus.

869 2053 971 2094 Hujus
986 2052 1029 2083 rei
1049 2052 1172 2093 culpam
1193 2051 1225 2081 in
1241 2050 1388 2090 Ulyssem
1408 2049 1527 2080 confert

868 2101 962 2143 Ajax.
1006 2100 1251 2142 Agamemnonis
1282 2100 1371 2141 jussu
1406 2098 1524 2129 factum

868 2161 933 2180 esse
958 2150 1051 2180 tradit
1067 2150 1220 2191 Hyginus,
1237 2148 1336 2178 fabul.
1356 2148 1434 2185 102;
1458 2147 1524 2177 sine

867 2198 962 2229 dubio
985 2204 1122 2229 suaserat
1144 2197 1272 2239 Ulysses
1287 2196 1527 2237 Agamemnoni,

868 2253 902 2279 ut
920 2248 1055 2289 juberet.
1100 2247 1172 2277 Jau]
1190 2245 1265 2286 quid
1289 2245 1321 2275 in
1343 2244 1401 2274 liac
1422 2244 1525 2274 insula

866 2307 920 2338 per
929 2296 1082 2336 integrum
1096 2305 1190 2336 prope
1203 2293 1386 2324 decennium
1399 2302 1526 2333 perege-

866 2346 916 2380 rit,
949 2350 1142 2386 quantosque
1173 2341 1327 2372 cruciatus
1355 2339 1526 2382 pertulerit,

865 2394 1000 2424 breviter
1015 2393 1066 2422 hic
1088 2392 1235 2432 tangitur,
1252 2390 1326 2431 quia
1341 2389 1380 2419 ad
1397 2390 1525 2419 Graecos

866 2443 1056 2483 loquebatur,
1077 2440 1189 2482 quibus
1210 2439 1263 2469 illa
1285 2444 1378 2474 uota5
1401 2436 1525 2477 singula

867 2497 970 2521 tamen
985 2491 1089 2520 valent
1112 2489 1150 2519 ad
1166 2485 1461 2518 commiserationem
1479 2485 1523 2515 fa-

867 2538 1019 2574 ciendam,
1049 2537 1258 2577 invidiamque
1286 2533 1449 2565 creandam
1481 2533 1524 2563 U—

867 2587 951 2628 lyssi.
1003 2585 1153 2626 Longiore
1201 2582 1387 2618 narratione,
1424 2592 1523 2622 eaque

870 2637 956 2667 luctu
979 2634 1158 2676 plenissima
1184 2632 1346 2675 exponitur
1371 2642 1387 2662 a
1414 2631 1525 2668 Quint.

871 2685 1018 2720 Calabro,
1033 2684 1076 2714 ix.
1092 2683 1271 2714 352—396.
1288 2681 1340 2712 ubi
1357 2680 1526 2712 Diomedes
