1779 3130
1457 153 1542 194 235

427 152 1048 194 METAMORPHOSEON
1082 152 1200 193 LIB.
1231 152 1322 193 XL

155 265 411 313 Undarum
435 267 633 314 incursu
660 267 820 329 gravis
848 267 994 321 unda,
1021 266 1284 313 tonitribus
1310 267 1478 313 aether.

152 340 407 389 Fluctibus
432 342 652 403 erigitur,
680 343 962 404 coelumque
990 358 1189 404 aequare
1213 342 1405 388 videtur

149 416 358 473 Pontus,
386 425 436 465 et
460 418 687 464 inductas
714 418 975 480 aspergine
1001 419 1225 479 tinguere
1251 419 1436 465 nubes:

150 492 217 540 Et
240 494 403 549 mod0‚
432 509 586 556 quum
611 493 768 540 fulvas
794 509 857 540 ex
883 494 981 540 imo
1005 494 1155 541 verrit
1178 510 1367 549 arenas,

151 569 397 616 Concolor
420 577 496 616 est
519 569 644 626 illis;
677 569 856 631 Stygia
880 570 1026 616 modo
1053 570 1234 631 nigrior
1258 571 1412 627 unda;
1440 573 1535 616 500

149 644 395 692 Sternitur
420 645 685 699 interdum,
713 644 1004 707 spumisque
1030 645 1320 691 sonantibus
1347 646 1496 692 albet.

149 720 268 783 Ipsa
294 736 495 783 quoque
521 721 595 767 his
628 721 790 782 agitur
814 721 1002 767 vicibus
1029 720 1294 768 Trachinia
1321 722 1530 784 puppis:

148 796 214 844 Et
237 798 383 844 modo
409 797 650 852 sublimis,
678 797 829 844 veluti
856 797 918 843 de
943 797 1126 844 vertice
1151 798 1348 854 montis,

148 873 422 936 Despicere
451 875 500 920 in
524 874 693 929 valles,
722 873 978 935 imumque
1003 872 1289 919 Acheronta
1310 873 1529 919 videtur:

148 949 313 1005 Nunc,
341 951 425 996 ubi
451 950 719 997 demissam
745 965 948 995 curvum
974 948 1302 995 circumstetit
1326 963 1509 1010 aequor,

149 1026 414 1089 Suspicere
434 1027 621 1074 inferno
648 1042 897 1072 summum
916 1026 978 1073 de
998 1025 1192 1087 gurgite
1211 1025 1412 1071 coelum:
1436 1027 1530 1071 506

148 1102 293 1166 Saepe
319 1105 405 1150 dat
429 1104 680 1165 ingentem
705 1104 861 1150 fluctu
887 1103 1015 1149 latus
1041 1103 1138 1149 icta
1160 1101 1430 1163 fragorem3

147 1178 254 1226 Nec
280 1180 435 1227 levius
461 1181 657 1242 pulsata
683 1187 840 1233 sonat,
869 1195 1018 1242 quam
1042 1179 1226 1225 ferreus
1252 1178 1368 1224 olim

144 1253 310 1308 Quum
335 1256 524 1302 laceras
550 1256 674 1302 aries
700 1255 958 1303 ballistave
983 1255 1204 1301 concutit
1229 1269 1393 1309 arces3

145 1330 316 1394 thue
342 1333 519 1388 solent,
548 1333 758 1396 sumptis
784 1333 834 1378 in
859 1348 1007 1378 cursu
1031 1331 1234 1385 viribus,
1261 1329 1329 1376 ire

142 1462 304 1504 Virgilius,
330 1465 406 1494 [En.
430 1464 474 1494 iii.
491 1465 567 1494 557.
583 1471 655 1495 aestu
673 1467 797 1496 miscen-

140 1517 192 1542 tur
206 1523 323 1543 ανεηιει
346 1513 402 1543 sed
418 1513 494 1543 talia
510 1513 662 1544 debentur
677 1514 801 1555 ingenio

140 1567 312 1602 poetarum.
348 1563 456 1592 Motus
471 1562 552 1592 enim
569 1562 621 1592 ille
638 1573 801 1603 aquarum,

142 1620 233 1650 quem
256 1611 376 1641 faciunt
393 1611 488 1647 venti,
505 1622 565 1642 non
583 1611 727 1653 pertinet,
743 1611 801 1642 nisi

140 1659 219 1688 forte
239 1659 271 1689 in
293 1660 379 1690 litore
401 1666 455 1690 aut
470 1660 502 1689 iu
520 1660 595 1690 locis
607 1660 743 1696 vadosis,
761 1660 801 1690 ad

138 1706 268 1738 fundum
286 1709 390 1739 maris.
413 1709 525 1742 Sterni.
542 1710 735 1749 στορεῖσθαι,
752 1720 800 1738 so-

139 1756 230 1787 lenne
250 1757 289 1787 dc
309 1757 385 1787 mari
402 1757 532 1793 tumido,
550 1767 648 1798 quum
663 1757 800 1793 sedatur,

138 1809 168 1834 et
184 1804 296 1834 fluctus
313 1805 489 1845 quiescunt.

182 1853 254 1883 503.
280 1853 321 1882 Et
335 1855 418 1883 modo
433 1854 578 1888 sublimis,
596 1853 676 1893 etc.]
704 1853 798 1884 Conf.

140 1901 301 1942 Virgilius,
327 1903 402 1932 AEn.
428 1902 449 1932 i.
478 1904 557 1940 105;
592 1907 624 1932 et
650 1902 696 1932 iii.
725 1904 798 1933 564.

137 1950 302 1981 Demissam
318 1962 455 1981 curuum.
483 1951 630 1981 Menard.
645 1953 798 1982 demissam

136 2001 250 2038 pinum.
296 2000 389 2041 Regii
406 2000 529 2030 codices
544 2011 689 2038 curvum3
705 2007 797 2031 caete-

137 2048 247 2089 roquin
276 2048 361 2079 haud
392 2048 514 2089 ingrata
544 2049 622 2079 foret
651 2048 798 2079 Menardi

136 2096 324 2133 emendatio,
353 2096 380 2127 si
415 2097 576 2128 codicibus
611 2097 797 2128 firmaretur.

139 2145 275 2176 Curcum
302 2157 409 2186 oequor,
436 2147 469 2176 in
499 2147 597 2177 altum
627 2147 797 2183 sublatum,

138 2194 251 2225 montis
279 2195 394 2231 instar;
424 2195 586 2236 Virgilius,
615 2196 731 2237 Georg.
755 2195 797 2226 iv.

137 2244 210 2273 361.
228 2245 365 2274 Curvata
381 2248 412 2274 in
428 2245 657 2285 montisfucz'em
669 2247 797 2275 circum-

136 2294 219 2321 stetit
236 2294 340 2328 unda;
366 2291 435 2323 vide
452 2299 483 2322 et
497 2292 577 2323 infra
591 2304 644 2323 xv.
661 2293 744 2330 5073
768 2300 800 2324 et

137 2339 182 2370 ita
200 2339 316 2380 ubique
335 2351 462 2370 curvum
482 2345 514 2372 et
535 2347 694 2371 curvatum
716 2351 798 2371 mare

137 2387 220 2429 apud
250 2393 378 2429 poetas;
410 2389 564 2419 Homerus
591 2390 714 2430 κυρτὸν
745 2395 799 2419 aut

139 2437 311 2477 κυρτωθήν
324 2438 427 2478 νεῦμαι
454 2437 524 2468 vide
541 2437 604 2468 Od.
621 2440 662 2468 A.
680 2438 754 2468 242.

180 2486 254 2516 508.
279 2484 342 2515 Nec
363 2487 456 2516 levius
476 2487 609 2524 pulsatu,
627 2485 703 2526 etc.]
729 2487 794 2527 Op-

138 2540 293 2575 pugnatur
317 2533 405 2564 navis
423 2544 442 2564 a
460 2534 606 2565 fluctibus
625 2545 687 2564 non
706 2534 795 2564 aliter

139 2592 175 2612 ac
196 2583 267 2613 urbs
283 2593 301 2613 a
321 2582 482 2619 militibus,
500 2594 595 2624 quam
618 2583 794 2613 similitudi-

139 2640 209 2661 nem
225 2636 327 2662 servat
342 2642 439 2673 usque
454 2632 493 2662 ad
510 2643 572 2663 ver.
585 2632 658 2664 535.
705 2632 795 2668 Olim,

142 2678 222 2716 t'ere3
245 2679 315 2710 vide
341 2680 379 2710 ad
404 2681 445 2710 ix.
464 2681 534 2710 170.
582 2682 682 2717 Aroes,
699 2686 796 2711 turres

1433 1331 1529 1375 510

870 1473 1038 1494 murorum.
1085 1463 1225 1497 Laceras,
1247 1467 1281 1492 ut
1304 1470 1356 1491 eas
1379 1459 1527 1493 lucerent,

869 1511 1071 1553 perfringunt.
1091 1510 1211 1540 Eadem
1224 1509 1393 1540 similitudo
1405 1508 1530 1539 LTrist.

869 1561 901 1591 ii.
917 1561 974 1590 47:
994 1560 1058 1590 Nec
1075 1561 1168 1590 levius
1184 1560 1292 1589 tabulae
1309 1558 1526 1598 Iaterumseri-

868 1616 967 1639 untur
987 1610 1023 1638 ab
1046 1610 1147 1644 undis,
1172 1608 1268 1642 Quam
1289 1618 1383 1648 graue
1406 1608 1529 1637 ballista:

868 1660 974 1688 maenia
987 1658 1088 1696 pulsat
1104 1668 1189 1687 onus.

911 1708 984 1737 510.
1012 1707 1048 1736 In
1064 1718 1165 1737 cursu.
1199 1707 1340 1741 Quatuor
1357 1706 1387 1735 in
1402 1714 1527 1740 cursus,-

868 1766 948 1785 unus
963 1766 1030 1785 cum
1045 1765 1148 1785 cursu.
1174 1753 1267 1794 Regii
1284 1753 1377 1783 nostri
1393 1756 1527 1782 incursu.

868 1803 939 1833 Non
956 1803 1018 1833 vim
1036 1802 1189 1833 undarum
1210 1801 1364 1831 illustrare
1382 1800 1457 1835 vult,
1472 1799 1528 1830 sed

865 1862 992 1882 causam
1009 1856 1109 1882 auctae
1126 1850 1299 1881 violentiae:
1317 1851 1439 1888 sumptis
1454 1850 1529 1879 viri-

866 1903 937 1938 bus;
962 1901 1032 1932 vide
1049 1900 1088 1931 ad
1105 1912 1138 1930 x.
1154 1901 1228 1930 373.
1265 1899 1341 1929 Mox
1358 1898 1524 1939 conjunge,

855 1950 924 1991 seri
948 1951 1051 1985 leones,
1071 1949 1124 1990 qui
1145 1956 1230 1985 eunt,
1254 1954 1356 1983 ruunt,
1377 1948 1526 1982 feruntur,

868 2001 899 2029 in
914 2011 1010 2035 arma,
1024 2009 1135 2040 nempe
1147 1998 1177 2028 in
1190 2004 1337 2037 praetentu
1351 1998 1420 2030 tela.
1434 2006 1528 2026 vena-

864 2047 952 2083 bula,
969 2058 1038 2089 quae
1063 2046 1183 2088 proprie
1207 2046 1352 2076 dicuntur
1367 2046 1524 2084 proetendi,

866 2106 962 2137 quum
978 2096 1016 2126 iis
1036 2095 1189 2137 excipitur
1204 2094 1304 2125 bestia
1318 2094 1457 2132 irruens3
1481 2093 1526 2123 iii.

866 2146 928 2183 83;
953 2144 1018 2175 viii.
1039 2145 1113 2175 341.
1158 2144 1226 2174 Hoc
1250 2143 1317 2174 loco
1341 2143 1433 2182 vulgo
1453 2153 1523 2181 pro-

865 2200 958 2224 tenta.
1005 2193 1055 2223 Ire
1079 2195 1110 2223 in
1133 2193 1260 2232 aliquem
1280 2191 1320 2221 de
1342 2190 1445 2221 hostili
1466 2190 1522 2219 im-

866 2247 940 2283 petu
952 2253 960 2280 3
974 2241 1044 2272 vide
1059 2240 1099 2271 ad
1115 2240 1181 2270 viii.
1196 2241 1271 2270 403.
1302 2240 1338 2269 Se
1352 2240 1523 2273 admiserat,

866 2290 1021 2321 concitato
1053 2299 1145 2320 cursu
1175 2289 1355 2326 ferebatur3
1384 2288 1523 2317 Admissae

867 2351 961 2380 aquae,
987 2338 1094 2369 Amor.
1118 2338 1145 2368 I.
1168 2338 1232 2368 viii.
1248 2339 1300 2368 50.
1324 2343 1359 2367 ut
1381 2338 1523 2366 admissus

867 2399 956 2428 equus
971 2387 1106 2429 passim:
1124 2387 1283 2428 Virgilius,
1300 2387 1375 2416 AEn.
1392 2385 1433 2415 xi.
1448 2386 1522 2416 272.

867 2439 999 2467 admissis
1010 2438 1164 2476 petierunt
1178 2436 1288 2465 oethera
1300 2436 1416 2474 pennis.
1440 2434 1519 2465 Vul-

867 2496 906 2526 go
925 2497 953 2516 se
974 2487 1069 2515 ventis
1089 2485 1282 2519 commiserat,
1299 2493 1391 2522 quam
1411 2481 1520 2512 lectio·

863 2544 931 2564 nem
962 2544 1022 2563 non
1050 2532 1234 2563 movendam
1263 2537 1370 2561 censet
1397 2530 1520 2561 Schira-

863 2583 961 2613 chius.
1006 2582 1050 2612 At
1065 2592 1147 2611 nunc
1162 2581 1201 2612 de
1216 2580 1315 2611 auctis
1328 2579 1443 2610 viribus
1458 2589 1520 2610 ser-

865 2642 913 2661 mo
930 2637 997 2667 est;
1023 2631 1128 2671 itaque
1148 2635 1273 2670 praestat
1293 2628 1402 2670 utique
1422 2630 1517 2658 admi-

865 2686 942 2710 serat
953 2679 1051 2720 (quod
1066 2679 1182 2709 habent
1191 2678 1281 2708 ambo
1294 2678 1387 2708 nostri
1399 2676 1520 2717 Regii.)
