1779 3130
353 164 972 206 METAMORPHOSEON
1006 165 1125 206 LIB.
1158 165 1224 205 X.
1399 165 1483 205 137

98 279 329 341 Carpitur
353 279 568 325 acclivus
592 294 681 341 per
706 286 842 326 muta
867 279 1063 326 silentia
1086 286 1286 333 trames,

96 353 309 409 Arduus,
337 355 592 408 obscurus,
619 354 829 415 caligine
854 356 1039 402 densus
1066 371 1250 417 opaca:

98 429 204 476 Nec
225 430 396 492 procul
415 429 673 475 abfuerant
697 430 885 476 telluris
912 432 1131 492 margine
1158 445 1391 486 summae3
1415 432 1476 476 55

97 504 208 560 Hic,
236 520 297 551 ne
321 505 570 558 deficeret,
599 512 843 559 metuenS‚
872 506 1146 567 avidusque
1170 505 1386 561 videndi,

97 579 260 626 Flexit
283 595 453 626 amans
479 580 674 626 oculos:
715 586 764 626 et
789 580 1014 642 protinus
1041 581 1125 627 illa
1148 582 1343 644 relapsa
1367 586 1474 636 est3

97 654 410 718 Brachiaque
429 655 710 710 intendens,
734 656 1011 719 prendique
1031 663 1081 703 et
1099 657 1341 720 prendere
1362 671 1478 718 cap—

96 730 180 776 Nil
205 731 297 777 nisi
323 732 558 778 cedentes
584 731 755 778 infelix
781 733 950 795 arripit
975 749 1135 779 auras,
1345 733 1478 793 [tans

93 805 309 869 Jamque
334 808 512 854 iterum
538 807 751 853 moriens
777 823 874 854 non
907 816 984 854 est
1008 809 1069 855 de
1095 810 1307 870 conjuge
1334 807 1479 870 quid-

297 900 447 946 quam
1419 885 1482 929 60

98 959 289 1012 Questa
306 976 395 1006 suo
417 977 426 1007 :
456 960 575 1022 quid
595 960 726 1006 enim
742 960 835 1006 nisi
856 976 908 1007 se
924 967 1215 1022 quereretur
1235 958 1477 1006 amatam?

99 1035 500 1098 Supremumque
524 1037 649 1091 vale,
675 1036 807 1097 quod
828 1037 933 1097 jam
958 1036 1040 1081 vix
1066 1036 1264 1082 auribus
1290 1036 1373 1082 ille

98 1111 380 1173 Acciperet,
407 1111 562 1167 dixit;
604 1112 923 1173 revolutaque
949 1127 1115 1158 rursus
1142 1113 1318 1158 eodem
1343 1118 1435 1158 est.

100 1186 215 1233 Non
234 1187 375 1234 aliter
400 1188 592 1250 stupuit
612 1187 811 1249 gemina
834 1204 956 1234 nece
981 1189 1206 1250 conjugis
1230 1187 1479 1249 Orpheus,

99 1262 261 1317 Quam
281 1264 375 1310 tria
393 1264 478 1326 qui
499 1264 717 1319 timidus,
740 1265 903 1311 medio
923 1271 1152 1327 portante
1171 1270 1389 1319 catenas,
1417 1265 1480 1309 65

141 1366 193 1396 53.
219 1365 365 1405 Carpitur
379 1366 562 1407 exquisitius
579 1377 674 1407 quam
690 1367 759 1397 vul-

98 1423 169 1454 gare
184 1421 225 1444 est
241 1420 366 1444 trames.-
391 1415 493 1445 confer
509 1414 550 1445 iv.
566 1416 639 1445 432.
667 1415 758 1445 Muta

99 1468 130 1493 et
152 1473 223 1492 mox
242 1474 334 1502 opaca
354 1463 448 1493 otiose
471 1463 600 1493 addita:
625 1463 696 1494 vide
719 1463 759 1494 ad

101 1511 134 1541 ii.
159 1512 212 1542 66.
234 1513 365 1552 caligine
383 1514 500 1547 densus,
522 1518 558 1542 ut
578 1512 651 1542 alibi
677 1523 759 1553 saepe

101 1562 193 1596 silvis,
209 1562 301 1600 virgis
316 1562 422 1590 densus
438 1562 527 1590 locus.

144 1611 198 1639 55.
229 1609 373 1649 Margine
402 1609 509 1639 abesse
541 1614 655 1648 posset,
686 1609 759 1649 quia

98 1658 165 1698 jam
195 1659 283 1687 tellus
311 1669 422 1686 summa
448 1657 643 1698 superficiem
672 1663 758 1687 terrae

102 1706 267 1746 significat.
312 1706 410 1736 Juvat
431 1715 503 1735 cum
525 1705 572 1735 his
594 1705 759 1746 Virgilium

101 1754 256 1784 conferre:
293 1754 462 1793 “Jamque
487 1753 597 1794 pedem
625 1754 760 1783 referens

102 1812 192 1833 casus
228 1807 368 1832 evaserat
404 1811 520 1836 omneS‚
560 1800 760 1842 Redditaque

102 1850 257 1891 Eurydice
284 1859 410 1891 superas
437 1849 582 1879 veniebat
607 1849 646 1879 ad
671 1860 762 1880 auras

107 1900 192 1930 Pone
207 1909 361 1940 sequens;
384 1908 518 1939 namque
535 1898 615 1928 hanc
634 1899 763 1930 dederat

106 1948 290 1989 Proserpina.
311 1948 434 1989 legem;
465 1948 571 1983 Quum
590 1947 693 1978 subita
716 1947 763 1978 in-

104 2002 231 2027 cautum
247 1996 404 2027 dementia
425 1995 508 2036 cepit
524 2002 692 2031 amantem,
707 1996 762 2037 Ig-

106 2045 261 2076 noscenda
276 2044 415 2085 quidem,
434 2044 548 2074 scirent
563 2044 587 2074 si
605 2044 763 2084 ignoscere

106 2096 234 2125 Manes.
264 2093 404 2129 Restitit,
420 2093 660 2134 Eurydicenque
677 2104 763 2124 suam

102 2144 168 2184 jam
197 2143 267 2174 luce
293 2143 349 2172 sub
381 2143 448 2184 ipsa
476 2142 654 2177 Immemor,
684 2142 762 2173 heu!

108 2192 269 2232 victusque
295 2191 389 2221 animi
412 2191 565 2232 respexit:
600 2191 643 2221 ibi
668 2191 766 2221 omnis

107 2241 233 2271 Effusus
248 2241 346 2275 labor,
362 2240 447 2270 etc-’⁵
487 2240 647 2279 Deficeret,
663 2250 694 2270 se
712 2239 766 2270 de-

109 2296 234 2325 sereret,
260 2288 494 2329 relinqueretur.
540 2288 671 2319 Lenzius
694 2289 767 2318 sub-

108 2337 255 2378 intelligit
271 2337 398 2367 viribus.

154 2388 206 2417 58.
232 2386 383 2416 Prenclere
395 2384 543 2424 captans]
568 2384 634 2415 Aut
646 2391 769 2423 captans

112 2439 159 2465 est
178 2444 305 2468 conans,
326 2439 450 2464 tentans
474 2432 615 2473 (Phaedr.
636 2433 695 2463 IV.
718 2432 769 2463 vii.

113 2483 143 2514 6.
168 2485 240 2522 quid
264 2494 308 2513 me
329 2490 430 2522 captas
455 2483 582 2512 laerlere?
608 2482 650 2512 V.
672 2480 714 2510 iii.
738 2482 769 2511 2.

113 2542 200 2570 quam
223 2534 386 2571 opprimere
408 2530 560 2570 captans‚)
586 2535 639 2560 aut
663 2531 770 2569 prendi

114 2585 143 2609 et
177 2582 321 2618 prendere
347 2590 414 2621 pro,
446 2585 480 2610 ut
510 2579 712 2620 prenderetur
741 2584 772 2609 et

116 2628 291 2668 prenderet.
335 2628 430 2670 Apud
459 2628 627 2669 Virgilium
653 2629 772 2667 nequic-

117 2687 204 2716 quam
227 2684 348 2715 prensat
369 2679 503 2708 umbras.-
527 2676 696 2718 pleniorem
718 2686 772 2706 au-

160 2725 260 2756 VOL.
276 2726 336 2756 IV.

828 1373 890 1397 tem
907 1366 1074 1407 imaginem
1089 1366 1217 1397 exhibet
1229 1368 1338 1405 prendi
1353 1372 1381 1396 et
1397 1376 1485 1405 pren-

827 1418 895 1446 dere
923 1426 1018 1457 quam
1049 1426 1144 1445 unum
1173 1417 1329 1454 prendere.
1374 1416 1486 1449 Aures,

827 1464 988 1504 Virgilius,
1004 1464 1129 1505 aufugit
1146 1475 1200 1494 ceu
1212 1464 1322 1504 fiamus
1343 1465 1375 1493 in
1394 1474 1486 1494 auras

827 1515 1007 1548 comminus,
1033 1513 1182 1554 praeclare
1203 1513 1243 1542 de
1270 1523 1393 1554 corpore
1416 1522 1485 1542 um-

826 1561 946 1592 bratico
962 1561 1188 1591 defunctorum.

870 1611 922 1640 61.
946 1610 1015 1639 Non
1031 1616 1070 1639 est
1083 1609 1211 1649 questa]
1231 1609 1334 1639 Multa
1349 1607 1488 1649 queritur

828 1658 911 1698 apud
928 1657 1095 1698 Virgilium
1118 1667 1180 1688 ver.
1197 1658 1260 1687 494
1280 1667 1351 1697 sqq.
1368 1656 1406 1687 de
1430 1655 1486 1686 fati

828 1706 1024 1741 crudelitate,
1049 1711 1080 1735 et
1100 1705 1249 1735 relabitur
1271 1715 1342 1735 cum
1367 1705 1486 1745 fragore

828 1754 1055 1795 indignabundi
1072 1754 1156 1784 Orci.

873 1804 926 1833 63.
954 1804 1101 1833 Revoluta
1123 1809 1177 1838 est,
1202 1802 1325 1844 relapsa
1347 1806 1393 1831 est
1416 1811 1487 1832 cum

830 1853 955 1882 notione
972 1851 1152 1882 celeritatis.
1184 1851 1253 1882 Cic.
1268 1850 1335 1880 Att.
1350 1850 1416 1881 xiii.
1430 1851 1486 1880 26.

830 1902 964 1931 revolvor
977 1902 1140 1930 identidem
1155 1903 1188 1930 in
1206 1900 1421 1935 Tusculanum,
1435 1898 1488 1929 ubi

830 1949 937 1990 simpl.
954 1948 1059 1978 redeo.

875 1998 927 2027 64.
953 1997 1022 2026 Non
1037 1997 1127 2026 aliter
1142 1996 1287 2035 stupuit]
1317 1995 1489 2036 Vulgarem

832 2044 1096 2085 comparationem
1113 2043 1236 2074 attoniti
1252 2054 1324 2073 cum
1346 2054 1421 2074 saxo
1435 2055 1488 2074 ex-

832 2094 951 2123 ornavit
976 2093 1102 2128 fabulis,
1130 2103 1212 2133 quae,
1237 2103 1334 2133 quum
1359 2099 1389 2123 et
1415 2094 1490 2134 ipsae

833 2141 1116 2172 transformationes
1149 2141 1297 2177 habeant,
1326 2141 1489 2172 commode

832 2190 958 2221 incertae
971 2196 1053 2221 sunt.
1090 2189 1166 2220 Viso
1182 2189 1295 2230 aliquis
1311 2190 1446 2220 Cerbero
1461 2189 1494 2220 in

833 2249 941 2269 saxum
958 2248 1124 2268 conversus
1140 2237 1179 2268 sit
1196 2247 1321 2269 necesse
1335 2243 1398 2268 est:
1424 2237 1494 2278 quis

834 2292 937 2318 autem
962 2287 1015 2318 ille
1031 2286 1135 2322 fuerit,
1159 2297 1221 2316 non
1245 2291 1375 2317 constat.
1419 2286 1493 2317 Sine

835 2335 930 2366 dubio
952 2336 985 2366 id
1008 2337 1125 2366 factum
1148 2340 1206 2371 est,
1220 2345 1315 2376 quum
1339 2334 1493 2366 Hercules

834 2394 904 2415 eum
939 2384 975 2415 ad
1009 2394 1138 2425 superas
1174 2394 1264 2414 auras
1300 2383 1495 2414 extraxisset.

836 2434 958 2464 Confer.
980 2433 1091 2463 Suidas
1112 2433 1144 2462 in
1164 2433 1303 2474 proverb.
1318 2431 1495 2472 δειλότερος

837 2484 894 2513 τοῦ
925 2481 1211 2523 παρακύπτουτος,
1241 2481 1291 2511 cui
1326 2481 1393 2511 haec
1429 2481 1493 2512 fab.

837 2530 985 2572 originem
1006 2530 1128 2561 dedisse
1148 2530 1281 2560 videtur.
1326 2529 1415 2560 Idem
1440 2529 1493 2560 ad-

839 2579 895 2614 dit,
920 2589 975 2609 suo
997 2578 1100 2609 adhuc
1121 2583 1259 2619 tempore
1279 2578 1416 2620 conspici
1436 2578 1494 2609 hoc

839 2637 959 2658 saxum.

884 2676 935 2706 65.
960 2675 1082 2713 Medio,-
1107 2675 1187 2705 collo
1203 2675 1408 2714 subauditum
1424 2685 1496 2706 nam

971 2723 998 2754 T
