1779 3130
369 159 982 201 METAMORPHOSEON
1015 159 1133 200 LIB.
1167 160 1253 201 XI.
1419 162 1504 203 245

130 271 332 319 Excitat
352 273 607 327 artificem,
635 274 1071 335 simulatoremque
1096 273 1280 334 figurae,

128 347 399 410 Morphea:
428 366 524 396 non
550 349 631 396 illo
650 351 817 411 jussos
844 350 1069 396 solertius
1095 350 1218 398 alter
1406 353 1502 398 635

128 422 376 486 Exprimit
390 424 628 480 inceSSUS,
639 424 929 487 vultumque
946 441 1223 489 sonumque
1239 426 1474 490 loquendi
1487 445 1497 483 ;

126 498 313 560 Adjicit
336 506 386 546 et
404 507 582 555 vestes,
610 507 660 546 et
685 501 1062 547 consuetissima
1086 502 1266 564 cuique

125 573 318 631 Verba;
349 576 437 621 sed
458 576 536 622 hic
562 576 692 622 solos
719 576 941 624 homines
967 577 1213 625 imitatur:
1238 586 1289 625 at
1313 580 1437 626 alter

127 649 206 696 Fit
228 650 346 706 fera,
373 651 428 698 fit
448 652 673 707 volucris,
699 651 755 697 fit
780 652 926 713 longo
951 669 1156 715 corpore
1181 670 1400 717 serpens.

124 724 271 773 Hunc
288 726 457 774 Icelon
475 727 669 790 Superi,
687 729 891 775 mortale
908 729 1192 777 Phobetora
1205 731 1380 793 vulgus
1405 735 1501 778 640

125 801 390 851 Nominat:
431 811 508 851 est
532 804 682 851 etiam
707 805 914 851 diversae
936 806 1110 852 tertius
1133 806 1249 853 artis

126 878 430 928 Phantasos:
472 881 553 928 ille
587 881 636 927 in
669 881 873 927 humum
908 897 1185 945 saxumque
1217 883 1501 946 undamque

320 957 627 1019 trabemque,

125 1030 349 1094 Quaeque
372 1041 548 1080 vacant
573 1032 749 1088 anima,
772 1031 980 1080 feliciter
1004 1034 1168 1082 omnia
1193 1035 1385 1082 transit.

126 1106 348 1168 Regibus
374 1109 439 1164 hi,
466 1109 779 1171 ducibusque
805 1125 920 1157 suos
945 1112 1207 1159 ostendere
1222 1112 1385 1159 vultus
1405 1115 1498 1159 644

126 1184 288 1232 Nocte
315 1186 500 1233 solent:
531 1187 739 1249 populos
766 1187 846 1233 alii
873 1188 1171 1251 plebemque
1197 1196 1464 1251 pererrant.

123 1261 351 1309 Praeterit
374 1263 462 1310 hos
488 1263 675 1319 senior3
705 1263 999 1326 cunctisque
1024 1280 1051 1311 e
1076 1264 1305 1311 fratribus
1326 1281 1478 1311 unum

124 1337 381 1402 Morphea,
396 1339 480 1401 qui
496 1340 1102 1403 peragatThaumantidos
1120 1341 1268 1396 edita,
1283 1341 1498 1388 Somnus

163 1525 236 1555 640.
247 1524 389 1554 Icelon—
395 1525 584 1566 Phobetora]
595 1525 775 1557 Admodum

122 1573 241 1604 variant
255 1574 345 1604 MSS.
357 1574 388 1604 in
401 1574 447 1604 his
462 1574 649 1606 nominibus.
674 1575 774 1606 Etiam

123 1621 205 1662 apud
221 1622 390 1652 Homerum
409 1621 516 1652 iisdem
534 1623 669 1663 personis
683 1630 713 1654 et
729 1634 775 1654 re-

121 1671 179 1700 bus
214 1670 300 1701 aliud
336 1680 448 1701 nornen
474 1681 492 1701 a
521 1671 591 1701 Diis
621 1671 776 1708 tribuitur,

121 1719 205 1749 aliud
237 1721 275 1749 ab
302 1719 486 1750 hominibus.
525 1720 575 1750 Sic
603 1731 694 1761 quem
722 1721 775 1751 Dii

122 1767 282 1798 Briareum
296 1774 419 1803 vocant,
435 1778 505 1797 eum
517 1768 656 1799 homines
669 1770 774 1809 AEgae-

123 1826 183 1846 ona
199 1816 328 1853 ‹licunt3
350 1816 390 1846 Il.
406 1821 446 1847 A.
459 1817 531 1847 403.
566 1816 652 1846 Idem
667 1817 777 1847 fluvius

122 1865 192 1894 Diis
216 1865 371 1900 Xanthus,
391 1864 567 1895 hominibus
588 1865 777 1895 Scamander

120 1913 346 1951 dicitur-3115.
359 1914 411 1943 74.
438 1913 522 1949 Quid
540 1914 597 1944 hoc
615 1913 673 1944 sibi
690 1913 775 1950 velit,

119 1963 278 2003 quaeritur.
324 1962 430 1992 Schol.
454 1963 492 1992 ad
516 1963 646 2004 priorem
673 1962 775 1992 locum

119 2010 220 2047 docet,
237 2010 376 2041 divinum
400 2021 510 2041 nomen
530 2011 568 2041 de
588 2010 775 2051 antiquiore,

119 2058 288 2089 humanum
315 2059 354 2089 de
378 2059 547 2090 recentiore
571 2070 636 2090 esse
660 2058 775 2090 intelli-

118 2107 268 2148 gendum.
304 2107 448 2138 Clarkius
463 2107 562 2143 malit,
575 2107 644 2137 Diis
658 2107 774 2137 tributa

119 2156 253 2192 nomina,
269 2167 338 2197 quae
355 2157 571 2187 eruditioribus
591 2156 705 2186 usitata
728 2157 774 2186 fu-

118 2204 219 2241 erint3
245 2215 314 2245 quae
335 2205 426 2245 vulgo
452 2205 552 2245 magis
575 2205 657 2239 trita,
676 2204 773 2234 homi-

118 2254 218 2284 nibus.
244 2253 344 2289 Icelos,
355 2254 459 2290 ἰ’κελος
471 2259 501 2284 et
513 2253 644 2290 εἴκελος,
655 2252 774 2289 similis,

118 2301 192 2343 quia
207 2301 331 2333 simulat
347 2302 469 2343 figuras.
502 2303 654 2337 lebetor,
670 2301 771 2342 φοβή-

117 2362 193 2391 τωρ,
210 2351 284 2391 quia
298 2350 506 2392 perterrefacit
521 2350 671 2381 homines.
710 2351 771 2380 Lu-

118 2399 237 2435 cianus,
259 2401 418 2436 Tui-arion,
435 2400 515 2441 quod
540 2400 645 2430 eodem
671 2399 768 2430 redit:

117 2449 208 2478 etiam
230 2450 413 2479 Phantusinn
431 2449 468 2479 ab
484 2459 521 2478 eo
536 2454 732 2480 memoratur.

159 2497 234 2527 645.
263 2498 399 2536 Populos,
428 2497 638 2538 imprimisque
667 2507 771 2527 eorum

117 2550 234 2585 partem
245 2555 325 2582 eam,
342 2557 411 2587 quae
425 2548 503 2586 plebs
518 2546 642 2576 dicitur.
668 2546 770 2576 Crete-

120 2603 185 2622 rum
201 2593 244 2624 ita
260 2594 351 2625 etiam
365 2595 513 2625 Amorum
530 2605 657 2625 munera
672 2594 771 2625 divisa

118 2647 201 2672 sunt.
240 2643 445 2679 Claudianus,
474 2655 503 2674 x.
527 2644 586 2674 75:
614 2644 670 2673 Ille
696 2647 771 2676 Deos

120 2692 279 2731 salumque
298 2699 323 2723 et
343 2695 439 2723 sidem
455 2703 547 2723 cornu
566 2692 728 2731 Temperat,
743 2699 770 2722 ec

844 1534 965 1554 summos
980 1524 1127 1563 dignatur
1138 1522 1238 1562 figere
1250 1531 1354 1562 <regem
1381 1521 1424 1551 Hi
1438 1524 1500 1560 ple-

843 1572 1043 1613 bemferiunt.
1074 1570 1175 1600 Aliter
1187 1575 1291 1600 autem
1307 1569 1499 1601 Somniorum

844 1620 1065 1662 mythologiam
1093 1619 1220 1660 exponit
1248 1618 1412 1654 Homerus,
1438 1619 1500 1650 Od.

844 1674 879 1701 T.
895 1670 957 1701 562
980 1679 1047 1710 sqq.
1067 1678 1159 1709 quem
1184 1672 1309 1698 secutus
1332 1673 1379 1698 est
1396 1667 1498 1708 Virgi-

843 1719 912 1754 lius,
939 1719 1015 1748 AEn.
1041 1717 1080 1747 vi.
1105 1718 1179 1747 893.
1202 1722 1234 1747 et
1257 1716 1338 1746 unde
1362 1717 1499 1757 pendent

844 1766 933 1797 multi
947 1766 998 1796 alii
1014 1765 1187 1806 scriptores.

887 1816 959 1845 647.
977 1814 1130 1853 Morphea,
1148 1817 1208 1853 qni,
1225 1813 1307 1852 etc.]
1325 1813 1417 1843 Hunc
1432 1824 1499 1843 ver«

842 1875 909 1895 sum
934 1864 1070 1905 spurium
1094 1862 1259 1904 judicabat
1283 1861 1430 1892 Barthius
1458 1863 1497 1893 ad

842 1912 1096 1947 Statium,'l¹heb.
1116 1922 1145 1940 x.
1165 1911 1236 1940 131.
1254 1910 1328 1951 quia
1348 1912 1426 1940 edica
1444 1922 1497 1952 pro

842 1960 997 1991 mandatis
1026 1970 1134 2001 parum
1166 1958 1277 1989 Latine
1304 1958 1366 1988 dici
1396 1965 1497 2000 putat.

841 2010 958 2040 Tamen
981 2008 1119 2043 curtim,
1143 2019 1171 2037 x.
1189 2008 1218 2037 8.
1239 2009 1323 2037 edere
1344 2009 1498 2037 mundata.

841 2059 881 2088 Et
907 2059 1052 2098 frequens
1075 2056 1166 2098 hujus
1186 2055 1269 2086 verbi
1293 2065 1365 2085 usus
1388 2055 1427 2085 de
1451 2066 1497 2086 re-

841 2106 961 2148 sponsis
998 2106 1146 2140 Deorum,
1184 2114 1254 2145 quae
1287 2103 1495 2144 proferuntur.

841 2156 986 2187 Pluribus
1021 2154 1171 2195 exemplis
1208 2152 1239 2182 id
1267 2152 1358 2182 docet
1388 2153 1496 2183 Burm.

841 2209 948 2234 contra
968 2202 1142 2234 Barthium.
1189 2202 1338 2241 Peragere
1358 2202 1437 2231 edita
1462 2207 1495 2231 ut

839 2263 980 2293 peragere
1005 2254 1104 2291 jassa,
1144 2249 1303 2280 mandata.
1364 2250 1494 2290 Insuper

840 2302 1008 2331 Homerum
1029 2300 1144 2335 confer,
1162 2298 1201 2330 Il.
1218 2301 1255 2329 B.
1276 2297 1343 2328 init.
1364 2297 1414 2327 ubi
1436 2299 1492 2328 Ju-

839 2349 918 2391 piter
933 2348 1137 2390 perniciosum
1159 2346 1310 2377 somnium
1325 2346 1492 2386 Agamem-

839 2398 910 2428 noni
947 2398 1054 2428 mittit.
1111 2397 1201 2425 Molli
1227 2397 1381 2435 languore.
1411 2395 1492 2427 Rod.

840 2447 929 2478 vertit
948 2450 980 2477 in
1004 2450 1098 2477 sitsser
1122 2446 1304 2485 Mndigkeit.
1348 2444 1398 2473 Sic
1418 2455 1492 2474 sane

838 2497 932 2525 mollis
960 2505 1084 2525 somnus
1116 2493 1199 2534 apud
1227 2498 1344 2533 poetas,
1373 2493 1426 2522 secl
1456 2504 1492 2523 eo

837 2555 928 2575 sensu
950 2555 1010 2574 non
1027 2542 1173 2574 convenit
1192 2542 1344 2582 languori.
1390 2542 1490 2572 Immo

839 2595 943 2629 mollis,
961 2598 1113 2634 quatenus
1128 2590 1253 2621 resolvit
1264 2600 1385 2631 corpuS,
1402 2590 1489 2631 agili<

837 2650 932 2674 tatem
959 2643 1025 2683 ejus
1053 2640 1176 2681 frangit.
1220 2641 1372 2678 Depnnere
1400 2647 1490 2679 caput

838 2692 931 2723 etiam
957 2692 1063 2722 Amor.
1082 2690 1146 2720 ΙΙΙ.
1164 2700 1192 2719 ν.
1213 2690 1266 2719 20.
1291 2699 1345 2729 pro
1370 2699 1489 2719 recum-
