1779 3130
231 162 316 203 468
622 159 671 199 P.
707 157 919 200 OVIDlI
955 158 1234 201 NASONIS

238 276 455 322 Oravere
483 273 664 329 Deum,
692 273 778 336 qui
804 288 1022 335 praesens
1046 272 1221 320 funera
1245 274 1406 335 gentis

239 352 402 399 Finiat
427 351 688 397 Ausoniae:
727 358 889 397 certas
915 350 983 397 ita
1007 350 1173 397 dicere
1198 357 1374 396 sortes.

241 428 483 483 Dissidet,
511 434 562 474 et
584 427 741 473 variat
765 427 1042 482 sententia3
1082 442 1300 489 parsque
1326 425 1611 487 negandum

239 504 356 551 Non
380 511 526 567 putat
550 504 790 550 auxilium
811 520 819 550 :
861 503 1002 549 multi
1028 519 1251 559 renuere,
1279 518 1521 564 suamque

235 581 351 627 Non
377 581 604 628 emittere
631 596 795 643 opem,
823 595 915 626 nec
944 579 1148 625 numina
1174 579 1369 626 tradere
1398 578 1626 625 suadent.

243 657 379 705 Dum
404 657 651 711 dubitant,
681 671 841 702 seram
866 656 1104 718 pepulere
1136 656 1430 718 crepuscula
1452 655 1633 708 lucem,

244 735 540 797 Umbraque
565 734 756 781 telluris
782 734 1014 780 tenebras
1040 732 1306 779 induxerat
1331 732 1466 778 orbi:

1540 733 1635 777 652

243 811 411 867 Quum
439 812 578 859 Deus
604 811 655 856 in
680 811 867 857 somnis
893 809 1049 873 opifer
1073 810 1345 856 consistere
1369 809 1504 855 visus

240 888 374 935 Ante
399 895 556 943 tuum,
588 887 830 941 Romane,
857 894 1046 933 torum:
1087 886 1177 932 sed
1202 885 1364 948 qualis
1390 885 1440 931 in
1464 884 1571 931 aede

245 964 371 1012 Esse
398 965 552 1021 solet3
595 964 934 1025 baculumque
958 971 1135 1010 tenens
1161 969 1355 1023 agreste
1382 961 1581 1008 sinistra

246 1042 517 1089 Caesariern
542 1042 703 1103 longae
730 1041 908 1088 dextra
931 1040 1181 1086 deducere
1206 1040 1388 1095 barbae,

246 1117 312 1165 Et
332 1119 528 1182 placido
547 1119 672 1165 tales
700 1118 926 1165 emittere
947 1124 1148 1181 pectore
1167 1132 1314 1163 voces
1334 1133 1344 1163 ε

1543 1038 1638 1083 656

1439 1116 1636 1178 [quamt

245 1200 275 1219 “
294 1195 433 1242 Pone
453 1202 645 1252 metus3
674 1195 896 1252 veniam3
927 1195 1290 1257 simulacraque
1306 1200 1474 1240 nostra
1491 1192 1637 1239 relin-

245 1270 395 1319 Hunc
449 1272 595 1318 modo
650 1279 951 1334 serpentem,
1002 1272 1234 1318 baculum
1291 1270 1376 1333 qui
1426 1269 1639 1316 nexibus

447 1350 617 1404 ambit,

1545 1347 1641 1392 659

247 1425 504 1488 Perspice,
523 1433 573 1472 et
593 1442 753 1487 usque
780 1434 897 1472 nota
916 1426 1040 1480 visu,
1059 1433 1113 1471 ut
1137 1440 1436 1487 cognoscere
1458 1422 1638 1486 possis.

247 1578 389 1609 Heinsio.
456 1579 528 1610 Non
566 1586 670 1610 tamen
708 1581 911 1610 Burmannus

246 1627 363 1668 spernit
387 1627 552 1658 lectionem
578 1629 795 1659 nonnullorum
819 1629 912 1658 MSS.

247 1684 344 1708 certas
371 1679 510 1708 addicere
538 1685 643 1716 sortes3
674 1689 746 1709 nam
774 1680 913 1709 addicere

248 1727 377 1757 verbum
392 1727 423 1757 in
439 1727 498 1758 hac
516 1738 546 1758 re
561 1728 732 1769 proprium.

292 1777 366 1807 648.
400 1777 533 1807 Dissidet
560 1779 731 1814 sementum
771 1777 841 1807 vide
874 1777 913 1808 ad

249 1836 313 1856 ver.
328 1826 380 1855 27.
426 1825 498 1856 Sera
523 1827 586 1861 lux,
610 1826 723 1856 ultima
746 1826 808 1857 diei
832 1837 914 1868 pars.

250 1875 355 1905 Etiam
396 1885 519 1905 versum
564 1881 746 1916 sequentem
788 1875 914 1916 jugulat

249 1923 408 1959 Heinsius,
425 1931 519 1964 atque
535 1923 706 1965 frigiditate
727 1934 783 1954 sua
799 1923 914 1954 Ovidio

248 1972 412 2013 indignum
428 1973 620 2014 pronuntiat.
647 1973 709 2003 Sed
725 1973 834 2004 abesse
851 1983 912 2003 non

250 2026 370 2063 potest3
400 2021 653 2062 quandoquidem
686 2021 825 2052 homines
849 2032 912 2051 cre-

248 2071 368 2108 pusculi
404 2076 542 2111 tempor-e
575 2070 712 2100 nondum
745 2069 913 2100 dormiunt.

252 2117 385 2149 Ovidius
415 2118 474 2149 tria
503 2125 643 2160 tempora
670 2129 702 2149 se
728 2119 915 2160 excipientia

252 2167 389 2198 indicare
410 2167 520 2203 voluit,
536 2177 634 2198 serani
657 2168 770 2204 lucem,
788 2178 913 2208 crepus-

252 2215 334 2251 cula,
351 2215 450 2256 ipsam
474 2222 616 2253 noctem3
640 2217 690 2246 cui
714 2216 823 2246 similis
847 2227 912 2246 ver.

252 2265 313 2295 663
326 2276 350 2295 s.
395 2265 508 2306 Neque
523 2265 633 2306 frigide
650 2271 771 2295 noctem
790 2276 912 2306 expres-

254 2313 305 2343 sit.
365 2313 411 2343 Ea
442 2315 545 2343 umbra
573 2313 689 2354 passim
718 2313 781 2344 dici
810 2314 911 2351 solet3

253 2361 383 2391 Hz‘neid„
396 2362 440 2391 iii.
451 2362 526 2392 589.
541 2362 778 2402 Humentemque
791 2364 913 2392 Aurora

249 2412 316 2448 polo
330 2411 491 2440 dimoverat
509 2412 655 2441 umbram.
679 2412 760 2441 Tum
773 2412 914 2441 inducere

255 2461 387 2489 tenebras
416 2461 500 2490 rebus
526 2460 610 2500 apud
635 2460 737 2502 ipsum
764 2460 914 2490 Nostrum

253 2508 375 2548 legitur,
391 2508 423 2538 ii.
439 2509 512 2539 395.

298 2557 373 2587 655.
400 2557 551 2587 Rufulum
570 2565 702 2598 agreste:
729 2557 799 2588 vide
819 2557 857 2587 ad
879 2557 913 2587 ii.

254 2605 327 2635 681.
388 2605 542 2635 Bacillum
580 2605 716 2636 habebat
753 2605 913 2642 nodosum,

255 2653 338 2693 quod
362 2653 578 2685 difficultatem
602 2654 676 2685 artis
700 2654 910 2696 significabat.

257 2701 395 2733 Coesuries
410 2704 514 2739 barbae,
527 2703 633 2734 barba.
678 2703 796 2735 Minut.
812 2704 911 2739 felix,

980 1586 998 1597 “
1014 1580 1216 1621 *Esculapius
1231 1581 1310 1610 bene
1321 1580 1480 1614 barbatus,
1492 1577 1548 1608 etsi
1561 1587 1639 1608 sem-

979 1640 1033 1671 per
1050 1629 1258 1660 adolescentis
1273 1629 1428 1671 Apollinis
1443 1628 1556 1658 filius.''
1586 1627 1639 1657 In-

980 1679 1102 1709 terdum
1127 1684 1231 1708 tamen
1255 1686 1286 1708 et
1304 1678 1452 1708 imberbis
1470 1677 1640 1707 exhibeba-

982 1736 1049 1765 tur3
1066 1727 1234 1768 Spanhem.
1249 1727 1288 1757 de
1305 1727 1371 1757 Usu
1386 1734 1417 1757 et
1430 1727 1543 1756 Praest.
1555 1736 1641 1756 num.

981 1788 1012 1817 p.
1036 1777 1106 1806 181.
1151 1777 1192 1806 Et
1207 1775 1331 1806 omnino
1347 1775 1431 1805 varie
1452 1774 1640 1815 fingebatur.

982 1824 1186 1866 Epidauriam
1209 1825 1277 1866 ejus
1300 1823 1467 1864 imaginem
1494 1822 1644 1854 describit

982 1874 1166 1909 Pausanias,
1197 1873 1231 1903 ii.
1262 1874 1314 1903 27.
1359 1873 1397 1903 In
1426 1873 1502 1903 solio
1531 1871 1643 1902 sedens

982 1924 1080 1955 altera
1102 1934 1197 1953 manu
1220 1922 1369 1953 baculum
1390 1922 1530 1956 tenebat,
1545 1921 1644 1952 altera

981 1973 1130 2014 serpentis
1162 1977 1256 2012 caput
1290 1971 1461 2012 premebat,
1493 1981 1570 2000 cane
1603 1970 1643 2001 ad

980 2023 1077 2064 pedes
1109 2023 1245 2063 jacente.
1297 2021 1433 2050 Barbam
1470 2019 1643 2050 secundum

982 2071 1158 2106 Albricum,
1191 2070 1229 2100 de
1265 2069 1403 2099 Deorum
1439 2069 1560 2109 Imagg.
1590 2070 1644 2099 20.

984 2120 1093 2151 dextra
1122 2121 1262 2156 tenebat,-
1299 2118 1353 2149 sed
1392 2117 1505 2148 Noster
1534 2117 1645 2148 maluit

984 2171 1103 2199 barbam
1133 2169 1277 2198 deducere
1305 2179 1397 2197 manu
1425 2177 1490 2208 pro,
1516 2176 1643 2197 manum

983 2218 1137 2249 deducere
1168 2217 1199 2247 in
1228 2217 1326 2247 barba
1354 2215 1566 2258 apprehensa:
1599 2215 1642 2247 iv.

983 2268 1057 2298 311.
1072 2268 1217 2296 deducere
1229 2269 1347 2305 pectine
1361 2267 1468 2296 crines.

1034 2317 1107 2346 659.
1153 2316 1277 2354 Serpens
1312 2314 1404 2344 datus
1440 2313 1640 2355 AEsculapio,

981 2364 1064 2405 quod
1079 2363 1351 2405 vigilantissimum
1367 2369 1413 2393 est
1429 2363 1555 2399 animal,
1569 2373 1640 2404 quae

981 2423 1028 2443 res
1055 2413 1094 2443 ad
1121 2412 1267 2442 tuendam
1293 2411 1506 2442 valetudinem
1533 2411 1641 2451 aegroti

981 2461 1117 2492 maxime
1141 2467 1213 2502 apta
1237 2466 1302 2498 est;
1324 2460 1388 2491 vid.
1403 2461 1522 2496 Festus,
1540 2460 1595 2490 lib.
1610 2462 1642 2491 9.

983 2511 1099 2540 Nature
1122 2511 1198 2545 risu,
1215 2514 1248 2539 ut
1263 2509 1305 2540 xi.
1321 2509 1396 2539 714.
1412 2516 1516 2539 notare
1536 2510 1642 2540 oculis.

986 2560 1086 2598 Major·
1101 2570 1167 2595 ero,-
1184 2568 1255 2588 nam
1271 2558 1396 2588 omnino
1413 2568 1539 2599 corpora
1555 2558 1640 2589 Deo-

983 2619 1050 2638 rum
1067 2609 1184 2648 majora
1204 2614 1293 2637 erant
1307 2606 1468 2645 humanis;
1492 2606 1563 2638 vide
1581 2617 1639 2638 nos

979 2657 1018 2688 ad
1035 2655 1183 2692 Plinium,
1199 2656 1276 2687 VII.
1292 2656 1350 2697 Ep.
1365 2655 1459 2686 xxvii.
1476 2656 1510 2686 2.
