1779 3130
265 170 350 211 114

658 169 709 210 Ρ.
743 168 956 210 OVIDII
991 168 1268 211 NASONIS

269 283 361 331 Ille
385 283 513 345 fugit
537 282 762 345 pavidus,
789 283 1105 345 dominaeque
1128 282 1312 330 ferocia
1337 282 1497 329 Cauni

270 360 423 406 Dicta
446 358 624 406 refert:
664 359 821 421 palles
848 359 1034 414 audita,
1064 358 1232 422 Bybli,
1260 359 1484 422 repulsa3

1559 361 1655 406 580

269 435 336 482 Et
360 442 508 498 pavet
531 435 793 481 obsessum
819 435 1013 496 glaciali
1035 434 1214 497 frigore
1240 444 1433 498 pectus.

269 511 419 559 Mens
444 518 611 559 tamen
639 518 693 559 ut
717 511 877 568 rediit,
905 511 1088 575 pariter
1112 512 1301 559 rediere
1326 511 1539 568 furores3

270 587 562 651 Linguaque
587 587 670 635 vix
696 589 821 635 tales
848 588 948 635 icto
973 588 1113 635 dedit
1137 604 1250 636 aere
1275 604 1451 636 voces:

271 670 301 688 “
325 665 391 712 Et
414 665 589 712 merito
609 683 618 713 :
660 665 781 728 quid
807 666 939 713 enim
963 665 1226 713 temeraria
1248 665 1462 712 vulneris
1488 665 1635 727 hujus

269 741 517 789 Indicium
540 741 670 789 feci?
709 742 848 804 quid,
876 758 988 804 quae
1015 742 1225 789 celanda
1248 742 1463 797 fuerunt,

1561 744 1658 788 585

269 817 393 865 Tam
420 819 519 865 cito
545 819 771 865 commisi
796 819 1072 882 properatis
1096 820 1248 866 verba
1271 819 1502 866 tabellis?

270 894 401 942 Ante
427 902 532 942 erat
556 896 801 957 ambiguis
828 896 978 942 31111111
1005 896 1254 942 sententia
1277 895 1424 943 dictis

270 971 624 1019 Praetentanda
648 972 788 1019 mihi:
829 988 891 1019 ne
916 989 1014 1019 non
1035 980 1327 1035 sequeretur
1351 979 1568 1028 euntem,

270 1047 421 1095 Parte
447 1049 616 1112 aliqua
638 1050 750 1104 veli,
779 1049 939 1112 qualis
961 1049 1086 1097 foret
1110 1066 1245 1106 aura,
1272 1058 1442 1097 notare

270 1124 572 1181 Debueram,
591 1133 803 1188 tutoque
823 1125 943 1173 mari
960 1126 1220 1174 decurrere
1238 1145 1248 1184 3
1276 1143 1388 1190 quae
1410 1142 1541 1173 nunc
1562 1127 1659 1173 590

312 1285 388 1315 581.
413 1285 454 1316 Et
469 1294 554 1325 paret
577 1287 728 1322 obsessum,
741 1287 820 1327 etc.]
840 1288 929 1318 Sum·

269 1342 352 1363 mam
374 1334 468 1364 animi
490 1335 755 1375 perturbationem
776 1336 932 1377 exprimit.

269 1382 316 1413 Ea
342 1383 426 1413 enim
452 1384 540 1416 facit.
568 1391 601 1414 ut
624 1384 727 1416 vitalis
752 1385 836 1416 calor
860 1396 931 1416 cum

269 1432 421 1472 sanguine
436 1433 602 1464 exteriores
617 1433 752 1476 corporis
766 1440 870 1475 partes
885 1446 933 1466 re-

269 1480 402 1521 linquat.
436 1482 518 1513 Vide
534 1483 686 1519 Gellium,
701 1483 767 1514 xix.
785 1485 816 1514 6.
848 1485 933 1515 Hinc

269 1530 368 1570 pallor
389 1531 631 1572 trepidantium3
660 1532 817 1573 Frigidius
835 1535 934 1574 glacie

268 1585 384 1616 pectus,
408 1580 538 1611 Heroid.
561 1580 581 1610 i.
602 1582 665 1618 22¹.
687 1581 805 1612 Statius
828 1582 931 1613 Theb.

270 1638 302 1658 Χ.
324 1629 395 1659 617.
412 1632 501 1660 corda
518 1637 596 1660 metu
609 1632 788 1672 glaciante3
813 1631 932 1662 Lucan.

271 1675 328 1707 vii.
345 1678 421 1708 339.
438 1686 497 1709 stat
515 1682 601 1710 carde
613 1681 712 1721 gelato
729 1681 896 1710 Attonitus.

313 1726 387 1756 583.
396 1726 491 1768 Icta]
508 1728 740 1769 Neapolitanus
752 1734 783 1759 et
794 1728 855 1759 duo
867 1728 932 1765 alii,

269 1780 364 1804 secto:
390 1778 460 1812 icto,
475 1783 573 1815 moto;
590 1777 633 1807 iii.
647 1777 720 1808 706.
737 1779 812 1808 ictus
827 1778 932 1807 ulula-

270 1824 346 1854 tibus
364 1826 478 1862 aether;
503 1825 545 1856 iv.
564 1827 638 1856 124.
663 1826 702 1857 de
718 1836 811 1867 aqua,
828 1827 933 1857 ictibus

270 1883 341 1902 uera
365 1876 479 1912 rumpit
493 1886 501 1909 ,·
530 1874 723 1905 Claudianus
738 1875 769 1905 in
785 1875 895 1905 Rufin.
911 1874 932 1906 i.

273 1921 343 1952 130.
360 1924 483 1954 ululatu
502 1924 611 1954 (ethera
637 1926 731 1964 rupit.
777 1925 932 1955 Burman—

270 1978 329 1999 nus
344 1970 402 2001 hoc
424 1982 462 2002 ex
486 1978 596 2012 arguta
620 1973 792 2003 Stoicorum
807 1979 932 2003 senten-

271 2018 315 2049 tia
338 2019 455 2050 dictum
478 2021 622 2062 putabat,
643 2021 697 2062 qui
713 2031 821 2052 vocem
841 2024 934 2052 ictum

271 2081 343 2100 aera
358 2079 424 2100 esse
440 2069 668 2100 contenderint.
706 2069 767 2100 Sed
787 2069 830 2100 nil
847 2070 933 2101 aliud

271 2123 328 2153 est,
344 2116 403 2148 nisi
419 2117 503 2159 quod
527 2117 603 2148 alibi
622 2118 767 2154 occurrit,
785 2129 864 2149 voces
888 2119 932 2161 ef-

261 2165 401 2207 fundere
418 2169 450 2196 in
465 2177 546 2196 aera.

315 2216 389 2245 584.
421 2215 462 2245 Et
491 2215 622 2255 merim]
647 2214 764 2257 Incipit
791 2216 934 2258 abrupte,

271 2268 305 2294 ut
322 2263 364 2294 vi.
381 2264 455 2294 687.
498 2264 620 2305 Nempe
643 2269 809 2305 postquam
833 2265 933 2296 multa

271 2321 377 2342 secum
403 2312 595 2353 cogitaverat
615 2312 654 2342 de
679 2312 814 2354 repulsa,
838 2324 933 2354 quam

270 2359 397 2397 tulerat,
422 2361 508 2392 dolor
529 2360 562 2391 in
586 2361 652 2391 haec
669 2362 764 2392 verba
784 2362 932 2404 erumpit,

275 2409 315 2440 Et
336 2412 452 2440 merito.
497 2411 604 2446 Quum
627 2420 676 2441 res
699 2421 759 2440 non
783 2411 935 2443 successit

272 2466 311 2487 ex
335 2458 430 2488 animi
451 2458 617 2497 sententia,
640 2458 773 2500 singula,
795 2470 864 2500 quae
889 2459 932 2491 fe-

273 2507 383 2543 cimus,
408 2513 576 2538 retractare
595 2508 730 2539 solemus
751 2508 876 2547 anirn03
901 2515 933 2540 et

271 2555 393 2592 incerti,
408 2567 479 2587 mox
494 2557 526 2587 in
541 2557 610 2593 hoc,
623 2568 694 2588 mox
710 2558 743 2589 in
754 2558 808 2589 1110
823 2569 934 2590 causas

272 2605 338 2646 spei
353 2604 505 2635 frustratae
522 2606 700 2646 quaerimus.
744 2607 833 2637 Idem
849 2618 932 2638 nunc

272 2653 347 2684 facit
358 2654 467 2695 Byblis
480 2666 488 2692 3
504 2655 557 2685 sed
569 2656 653 2697 justo
668 2656 788 2698 longior
803 2662 850 2687 est
862 2656 932 2688 haec

272 2701 460 2740 retractatio,
490 2714 559 2744 quae
593 2704 726 2746 pertinet
763 2716 861 2746 usque
891 2705 931 2737 ad

999 1297 1061 1317 ver.
1079 1287 1155 1317 614.
1195 1287 1299 1323 Quid,·
1316 1297 1412 1328 quum
1429 1285 1569 1316 nonnulli
1583 1286 1660 1326 quod

999 1335 1149 1371 habeant,
1167 1335 1316 1366 Heinsius
1331 1335 1462 1377 putabat
1477 1347 1542 1376 quo,
1558 1334 1590 1364 id
1602 1340 1661 1370 est,

999 1395 1064 1415 cur.
1121 1385 1195 1416 Sine
1223 1395 1339 1422 causa;
1372 1395 1445 1415 nam
1474 1386 1545 1425 qnid
1574 1383 1658 1415 idem

999 1434 1154 1475 significat
1183 1441 1213 1465 et
1242 1434 1282 1465 de
1313 1433 1466 1464 industria
1493 1432 1660 1475 repetitum

1000 1488 1047 1512 est
1068 1493 1087 1513 a
1110 1488 1212 1525 poeta.
1258 1482 1443 1522 Properatis.
1465 1482 1549 1514 Vide
1567 1481 1608 1512 ad
1628 1492 1662 1512 x.

1001 1533 1053 1562 31.

1044 1583 1117 1612 588.
1132 1581 1359 1617 Praetentanda‚
1375 1586 1447 1611 ante
1463 1578 1660 1611 manifestam

1000 1630 1243 1662 declarationem
1276 1629 1489 1672 experienda:
1529 1635 1659 1668 praeten-

1001 1687 1066 1710 tare
1080 1679 1186 1716 etiam,
1203 1679 1270 1712 viii.
1287 1681 1316 1710 7.
1353 1680 1428 1711 Jam
1443 1684 1574 1709 conatus
1589 1688 1662 1708 suos

1000 1739 1073 1759 cum
1093 1728 1291 1770 navigatione
1312 1734 1486 1770 comparat,
1502 1727 1534 1758 in
1558 1738 1660 1769 eaque

1000 1777 1182 1819 metaphora
1196 1777 1249 1808 diu
1265 1778 1412 1820 persistit.
1457 1776 1518 1808 Sed
1536 1776 1585 1807 vix
1602 1777 1659 1807 do-

1000 1827 1075 1858 lenti
1106 1826 1210 1857 anitno
1237 1826 1384 1858 convenit
1406 1825 1478 1857 talis
1499 1825 1660 1866 allegoria.

1000 1875 1115 1905 Sensus
1130 1880 1235 1905 autem
1247 1875 1314 1916 ejus
1324 1875 1416 1906 facile
1427 1879 1530 1917 potest
1545 1884 1564 1904 a
1579 1884 1658 1915 quo-

1001 1925 1046 1954 vis
1075 1924 1189 1954 lectore
1225 1923 1362 1965 reperiri.
1416 1923 1572 1954 Lascivior
1601 1923 1661 1953 ali-

1001 1979 1111 2013 quanto
1145 1979 1187 2003 est
1221 1973 1358 2008 Ouidius,
1394 1972 1497 2014 inquit
1533 1971 1662 2008 Fabius,

1001 2022 1107 2052 Instit.
1132 2022 1220 2053 Orat.
1244 2033 1275 2053 x.
1299 2023 1330 2053 2.
1353 2029 1381 2053 et
1407 2024 1516 2052 nimius
1545 2027 1661 2052 amator

1000 2072 1116 2112 ingenii
1142 2073 1213 2108 sui;
1247 2076 1279 2100 et
1305 2080 1394 2100 mox:
1423 2071 1525 2101 Ovidii
1551 2070 1660 2100 Medea

1001 2121 1121 2150 ridetur
1148 2121 1220 2149 mihi
1257 2122 1409 2150 ostendere
1437 2126 1585 2160 quantum
1612 2121 1663 2149 vir

1000 2170 1053 2198 ille
1075 2175 1216 2208 praestare
1241 2171 1386 2208 potuerit,
1410 2170 1434 2199 si
1465 2170 1584 2210 ingenio
1608 2179 1661 2198 suo

1002 2225 1164 2258 temperare
1192 2230 1279 2258 quam
1308 2219 1467 2259 indulgere
1494 2219 1659 2248 maluisset.

1002 2267 1042 2297 Et
1072 2267 1122 2298 hic
1151 2277 1226 2298 sane
1255 2267 1416 2298 fatendum
1442 2272 1487 2297 est
1517 2266 1660 2298 lascivire

1001 2316 1098 2357 ipsius
1118 2316 1291 2357 ingenium,
1306 2322 1435 2347 nactum
1456 2315 1577 2346 scilicet
1593 2325 1661 2346 ma-

1001 2365 1109 2395 teriam
1124 2375 1292 2406 sequacem
1307 2370 1338 2395 et
1352 2364 1445 2406 genio
1459 2374 1514 2394 suo
1525 2364 1661 2396 affinem.

1003 2413 1050 2443 Ne
1073 2425 1132 2444 non
1156 2420 1328 2454 sequeretur
1347 2420 1478 2449 euntem,
1494 2418 1528 2443 ut
1547 2422 1661 2444 secun-

1001 2461 1089 2492 daret
1113 2472 1238 2493 cursum
1262 2472 1384 2493 meum:
1411 2468 1540 2497 euntem,
1570 2460 1660 2492 navi-

999 2516 1136 2551 gantem.
1181 2511 1212 2540 A
1231 2512 1374 2551 sequendo
1388 2518 1498 2541 ventus
1513 2511 1662 2541 secundus

999 2559 1114 2591 dictus.
1162 2560 1288 2596 Notare,
1317 2560 1490 2590 observare.
1538 2560 1658 2590 Decur-

998 2610 1081 2638 ritur
1094 2608 1216 2650 proprie
1236 2608 1268 2639 in
1283 2609 1383 2639 stadio
1400 2608 1440 2639 ad
1453 2608 1585 2644 calcem,
1601 2608 1657 2639 sed

998 2656 1071 2687 inde
1086 2657 1144 2688 hoc
1161 2657 1348 2689 vocabulum
1367 2657 1407 2688 ad
1424 2656 1657 2699 navigationem

998 2706 1194 2738 translatum.
