1779 3130
362 153 981 194 METAMORPHOSEON
1016 153 1135 194 LIB.
1166 152 1283 193 XII.

82 255 88 260 ’
133 266 452 313 Thestorides
471 285 480 322 ;

332 344 474 405 lasgi.

547 273 576 291 “
593 267 913 323 Vincemus,''
953 268 1046 314 ait:

1437 154 1522 192 259

1114 267 1388 329 “gaudete‚
1424 265 1519 312 Pe-

1463 345 1520 388 19

133 418 280 481 Troja
303 420 476 475 cadet3
522 419 609 465 sed
643 419 735 465 erit
760 419 910 465 nostri
938 434 1073 465 mora
1100 419 1248 479 longa
1276 417 1456 463 laboris
1476 416 1520 464 :''

132 494 299 557 Atque
325 511 502 541 novem
526 495 750 540 volucres
777 494 824 539 in
852 495 966 541 belli
993 493 1172 556 digerit
1197 509 1369 539 annos.

134 570 242 625 Ille,
269 577 324 616 ut
349 578 469 626 erat,
497 570 679 616 virides
706 571 965 632 amplexus
992 571 1040 616 in
1067 570 1239 616 arbore
1266 585 1444 623 ramos,

137 646 217 693 Fit
242 647 382 710 lapis,
410 654 460 693 et
485 654 645 693 servat
670 646 914 708 serpentis
941 646 1155 707 imagine
1182 661 1375 690 saxum.

200 723 470 770 Permanet
494 723 666 770 Aoniis
694 722 887 769 Nereus
912 722 1157 768 violentus
1183 721 1231 766 in
1257 720 1430 776 undis3

136 800 380 862 Bellaque
401 817 497 846 non
517 800 774 847 transfert:
805 807 856 846 et
876 806 1006 854 sunt,
1031 799 1115 861 qui
1136 813 1338 861 parcere
1361 797 1522 858 Tro-jae

137 876 427 939 Neptunum
453 877 672 930 credant,
701 875 818 939 quia
844 876 1024 922 moenia
1047 875 1234 921 fecerat
1259 873 1385 920 urbi.
1458 875 1520 919 26

133 952 200 998 At
225 969 322 998 non
348 953 694 1000 Thestorides:
734 969 824 999 nec
852 953 983 1000 enim
1009 952 1246 1005 nescitve,
1273 957 1465 996 tacetve

139 1028 390 1091 Sanguine
415 1029 634 1091 virgineo
658 1029 954 1092 placandam
978 1027 1180 1090 virginis
1206 1027 1328 1073 iram

183 1171 231 1201 19.
272 1170 482 1210 Thestorides]
523 1170 573 1200 De
612 1169 797 1207 Calchante,

135 1218 294 1249 Thestoris
321 1218 395 1254 filio,
425 1229 541 1258 augure
570 1218 662 1258 longe
692 1219 796 1249 excel-

137 1267 319 1302 lentissimo,
334 1267 386 1307 qui
403 1267 528 1297 monitis
540 1267 602 1297 suis
614 1267 742 1297 Graecos
757 1267 796 1297 ad

137 1316 262 1357 Trojam
281 1316 461 1358 adjuvabat,
477 1315 547 1345 vide
569 1316 738 1346 Homerum
757 1316 796 1347 Il.

140 1368 181 1395 A.
199 1365 238 1395 68
255 1376 324 1406 sqq.
351 1365 418 1395 Veri
433 1366 586 1404 providus,
602 1370 637 1394 ut
654 1366 714 1395 [afli
728 1377 795 1404 pro-

140 1415 227 1443 vidus
251 1425 352 1454 augur
377 1414 451 1443 Sab.
477 1413 497 1443 i.
517 1413 569 1443 93.
614 1415 690 1443 Mox
718 1414 796 1444 Bur-

139 1472 253 1491 manno
274 1462 377 1503 placet
392 1461 482 1492 Leid.
496 1462 566 1492 MS.
582 1461 687 1497 lectio,
708 1462 798 1501 Trqja

129 1513 227 1549 jacet,
253 1510 327 1551 quia
352 1516 438 1541 vates
465 1511 568 1540 futura
589 1509 697 1540 vident
719 1516 796 1541 tam·

139 1569 233 1600 quam
249 1559 423 1600 praesentia.
458 1558 519 1589 Sed
536 1558 561 1589 si
577 1559 634 1588 hoc
651 1558 800 1589 voluisset

140 1608 265 1644 Noster,
280 1608 410 1639 dixisset
420 1608 526 1643 etiam,
542 1608 672 1638 Vicimus
683 1608 798 1649 etfuit.

142 1658 191 1688 De
214 1669 295 1687 mora
317 1659 386 1688 belli
402 1657 473 1687 vide
496 1657 535 1687 ad
557 1656 600 1687 ix.
621 1658 695 1687 134.
743 1658 800 1687 Di-

139 1717 252 1746 gerere,
272 1706 384 1747 cuique
406 1706 450 1735 rei
470 1716 560 1736 suum
576 1705 679 1735 locum
701 1706 798 1746 assig-

141 1766 224 1786 nare.
269 1756 352 1785 Hinc
380 1756 514 1785 volucres
543 1766 643 1784 novem¹
669 1757 699 1785 in
733 1756 801 1784 belli

142 1815 234 1834 annos
262 1806 406 1846 digerere,
436 1803 549 1844 cuique
588 1813 670 1833 anno
707 1813 800 1833 unam

142 1863 230 1884 avem
252 1853 420 1894 assignare,
437 1860 530 1894 atque
548 1852 592 1883 ita
609 1852 730 1888 docere,
747 1863 801 1882 no-

142 1913 211 1932 vem
229 1913 324 1932 annos
339 1902 520 1932 duraturum
537 1901 655 1931 bellum
673 1912 726 1942 pro
743 1911 800 1931 nu-

141 1961 225 1981 mero
244 1949 360 1981 avium.
406 1949 490 1980 Hinc
509 1951 644 1991 digerere
664 1949 800 1985 omnino,

143 1999 349 2040 interpretari.
393 1998 555 2038 VirgiliuS,
576 1999 651 2028 AEn.
673 1998 707 2028 ii.
732 1999 802 2029 182.

144 2047 194 2078 Ita
228 2049 339 2089 digerit
367 2048 465 2076 omina
492 2046 631 2076 Calchas.
680 2045 802 2076 Clarius

142 2095 210 2126 haec
234 2095 376 2126 elocutus
398 2102 445 2125 est
468 2095 595 2125 Homer.
619 2094 702 2124 dicto
725 2095 803 2125 loco.

143 2144 292 2185 Exagitat
306 2143 496 2174 'l'hestoridae
515 2143 801 2185 interpretationem

145 2193 256 2224 Cicero
271 2192 310 2222 de
326 2193 401 2222 Div.
415 2192 449 2222 ii.
467 2193 519 2222 30.
543 2192 666 2227 Sinum,
677 2202 802 2222 saxeam

145 2247 287 2271 naturam
302 2248 415 2276 servat,
431 2246 537 2271 manet
553 2251 674 2270 saxum.
721 2241 802 2270 Len-

145 2290 210 2320 zius
234 2296 335 2331 putat,
360 2290 420 2320 vim
444 2289 536 2319 fontis
560 2289 718 2319 saxificam
743 2290 803 2319 sor-

145 2349 227 2368 mam
246 2339 398 2380 serpentis
414 2348 541 2368 saxeam
564 2337 721 2368 addidisse
739 2348 804 2368 cor-

145 2387 197 2419 tici
214 2387 333 2429 platani
351 2399 358 2424 ;
383 2387 456 2417 inde
474 2387 610 2417 fabulam
625 2392 762 2417 enatam.

189 2436 327 2466 24—38.
352 2435 515 2476 Iphigeniae
529 2441 672 2465 mactatae
690 2434 805 2470 fabula,

147 2491 215 2526 post
237 2486 406 2515 Homerum
433 2484 558 2514 demum
584 2485 693 2519 ascita,
721 2483 805 2514 varie

147 2540 299 2564 narratur.
343 2534 518 2563 Mactatam
555 2543 621 2563 esse
656 2532 807 2573 virginem

150 2584 258 2614 volunt
284 2583 459 2618 Lucretius,
481 2582 502 2612 i.
526 2583 567 2612 85
590 2592 672 2622 sqq3
696 2582 807 2612 Cicero

152 2634 244 2664 Offic.
260 2633 302 2664 iii.
321 2635 380 2671 253
404 2633 567 2673 Virgilius,
586 2634 659 2662 AEn.
677 2632 710 2662 ii.
731 2633 808 2668 1163

152 2683 311 2718 Horatius,
334 2682 367 2713 ii.
386 2684 450 2714 Sat.
470 2684 510 2720 33
534 2681 725 2723 Propertius,
747 2681 809 2711 111.

865 1183 894 1201 v.
905 1171 956 1201 64.
980 1171 1020 1200 Et
1031 1170 1138 1200 solitos
1151 1169 1306 1199 interdum
1319 1179 1385 1198 esse
1399 1167 1528 1198 Graecos

865 1219 1038 1250 sacrificare
1063 1218 1202 1248 homines
1224 1217 1360 1248 ostendit
1384 1217 1526 1246 Potterus

867 1267 1023 1298 Archaeol.
1046 1273 1120 1297 tom.
1140 1266 1160 1296 i.
1178 1278 1209 1308 p.
1225 1267 1298 1297 520.
1318 1265 1394 1296 edit.
1413 1264 1530 1294 Ramb.

865 1318 998 1348 Cervam
1011 1326 1076 1347 esse
1089 1315 1290 1357 suppositam,
1303 1314 1455 1355 virginem
1469 1324 1524 1343 au-

864 1371 927 1396 tem
950 1376 968 1395 a
985 1364 1092 1395 Diana
1110 1364 1142 1394 in
1163 1365 1293 1399 Tauros,
1314 1361 1451 1404 Scythiae
1474 1372 1526 1392 ur-

864 1416 949 1450 bem,
980 1413 1176 1449 translatam,
1206 1419 1239 1443 ut
1278 1412 1321 1443 ibi
1351 1421 1440 1441 sacra
1469 1410 1527 1440 sibi

866 1462 994 1497 faceret,
1009 1468 1167 1504 praeeunte
1190 1461 1339 1503 Euripide
1359 1460 1432 1502 Iph.
1449 1459 1526 1490 Aul.

868 1517 899 1541 et
914 1512 945 1542 in
960 1512 1054 1542 Taur.
1072 1511 1199 1543 tradunt
1222 1511 1356 1541 Pausan.
1379 1510 1483 1540 Boeot.
1498 1520 1531 1551 p.

869 1561 944 1591 748.
961 1561 1014 1591 ubi
1035 1566 1067 1591 et
1087 1560 1156 1591 aliae
1181 1559 1385 1597 traditiones3
1408 1558 1528 1588 Anton.

868 1609 1030 1644 Liberalis,
1050 1620 1119 1650 cap.
1141 1610 1181 1639 27
1201 1620 1209 1646 3
1233 1608 1388 1649 Hyginus,
1408 1607 1471 1637 sab.
1488 1607 1530 1636 98

869 1665 901 1689 et
917 1659 977 1689 261
995 1670 1003 1696 ;
1026 1658 1149 1689 Servius
1169 1657 1209 1687 ad
1225 1657 1314 1698 Virg.
1335 1656 1368 1687 d.
1393 1656 1416 1686 1.
1438 1654 1528 1685 Nihil

868 1707 918 1737 hie
937 1705 1226 1737 transformationis.

910 1757 961 1787 25.
987 1755 1074 1785 Bella
1104 1766 1163 1784 uon
1192 1753 1338 1794 transfert
1353 1764 1363 1790 ,-
1397 1752 1530 1792 bellige—

867 1811 970 1834 rantes
991 1803 1120 1834 transire
1141 1813 1201 1832 non
1219 1801 1347 1843 patitur.
1391 1800 1528 1836 Plinius,

867 1863 939 1895 pan.
962 1851 1016 1882 xii.
1035 1853 1066 1882 3.
1085 1853 1214 1881 duratus
1232 1852 1331 1891 glacie
1353 1856 1435 1889 tergo
1454 1849 1531 1878 bella

872 1908 1079 1942 ῑναηερονῑαΐς
1105 1900 1215 1931 Cicero
1227 1909 1281 1940 pro
1297 1899 1366 1939 lege
1377 1899 1468 1928 Man.
1485 1899 1533 1928 12.

870 1951 939 1981 belli
957 1954 1084 1989 impetus
1099 1950 1274 1989 navigavit,-
1306 1947 1425 1981 Florus,
1442 1946 1486 1976 11.
1502 1945 1535 1976 ii.

873 2000 923 2030 17.
937 2000 1045 2029 bellum
1062 2000 1093 2028 in
1110 1997 1247 2037 Africam
1263 1996 1434 2036 navigabat.
1480 1995 1531 2025 De

870 2050 1010 2079 moenibus
1025 2047 1166 2089 Trojanis
1182 2046 1253 2075 vide
1270 2044 1310 2075 xi.
1327 2045 1389 2074 202
1407 2054 1476 2084 sqq.

913 2097 966 2127 27.
991 2096 1054 2126 Nec
1068 2097 1145 2125 enim
1161 2096 1301 2128 nescitve,
1313 2093 1389 2132 etc.]
1418 2092 1531 2122 Dianae

870 2146 947 2176 iram
975 2145 1148 2175 irritaverat
1177 2144 1408 2183 Agamemnon,
1439 2141 1533 2171 inter-

872 2195 955 2224 fecta
973 2203 1064 2224 cerva
1085 2192 1144 2234 ipsi
1165 2201 1263 2222 sacra.
1308 2190 1410 2220 Aliter
1426 2194 1531 2219 tamen

872 2243 982 2274 Cicero
1009 2242 1102 2272 Offic.
1124 2240 1168 2272 iii.
1194 2242 1252 2271 25:
1284 2239 1533 2280 “Agamemnon

872 2301 969 2332 quum
985 2289 1161 2321 devovisset
1180 2289 1306 2323 Dianae,
1321 2287 1404 2328 quod
1428 2286 1460 2316 in
1479 2296 1534 2316 suo

873 2350 966 2381 regno
985 2338 1227 2381 pulcherrimum
1250 2343 1355 2367 natum
1378 2341 1458 2366 esset
1480 2334 1534 2365 illo

874 2398 965 2424 anno,
974 2386 1149 2417 immolavit
1158 2384 1365 2427 Iphigeniam,
1375 2382 1536 2423 (adeoque

876 2437 924 2467 vix
955 2435 1165 2473 anniculam)
1197 2445 1260 2475 qua
1294 2432 1371 2463 nihil
1401 2439 1469 2462 erat
1498 2441 1535 2462 eo

875 2485 1001 2526 quidem
1018 2494 1099 2514 anno
1115 2488 1222 2513 natum
1245 2480 1413 2523 pulchrius.
1458 2481 1534 2511 Pro-

875 2534 1001 2564 missum
1025 2532 1127 2574 potius
1146 2542 1206 2562 non
1230 2529 1421 2562 faciendum.
1439 2539 1533 2570 quam

876 2589 938 2612 tam
948 2588 1059 2613 tetrum
1069 2581 1188 2611 facinus
1200 2578 1427 2610 admittendum
1436 2577 1532 2608 fuit.''

878 2632 959 2661 llinc
972 2631 1064 2662 etiam
1078 2641 1095 2660 a
1107 2629 1370 2660 declamatoribus
1381 2627 1455 2658 olim
1467 2627 1534 2658 haec

878 2680 984 2710 fabula
999 2678 1126 2710 tractari
1143 2677 1274 2709 solebat.
