1779 3130
371 156 992 202 METAMORPHOSEON
1026 162 1145 204 LIB.
1183 163 1292 206 XV.

1442 168 1525 208 471

137 267 331 315 Italiam
353 272 543 327 tenuit;
585 280 864 336 praeterque
893 274 1096 323 Lacinia
1120 279 1307 341 templo

137 343 414 393 Nobilitata
441 347 580 402 Deae,
600 348 946 412 Scylaceaque
972 352 1116 399 litora
1139 353 1309 402 fertur.

137 419 341 483 Linquit
367 422 644 486 Iapygiam,
668 425 889 488 laevaque
915 427 1204 490 Amphissia
1230 431 1376 477 remis

139 495 274 543 Saxa
298 497 450 560 fugit3
493 500 672 546 dextra
696 510 949 565 praerupta
975 505 1225 553 Ceraunia
1251 514 1407 569 parte,

137 570 571 636 Romechiumque
598 576 734 636 legit,
764 577 1105 641 Caulonaque,
1136 581 1524 646 Naryciamque,

138 647 438 711 Evincitque
462 649 659 707 fretum,
682 652 941 715 Siculique
968 664 1182 717 angusta
1199 658 1380 713 Pelori,
1433 663 1528 707 706

138 724 543 789 Hippotadaeque
570 728 743 775 domos
769 730 915 790 regis,
944 731 1283 795 Temesesque
1309 736 1526 791 metalla,

138 801 532 866 Leucosiamque
560 806 700 867 petit,
729 807 987 870 tepidique
1013 811 1197 856 rosaria
1224 810 1393 858 Paesti.

138 877 262 925 Inde
289 879 409 940 legit
431 880 670 943 Capreas,
699 885 1189 947 promontoriumque
1216 886 1472 942 Minervae,

136 953 203 1000 Et
230 954 523 1003 Surrentino
549 973 815 1018 generosos
841 961 1046 1022 palmite
1072 962 1244 1016 colles,

1429 966 1524 1010 710

137 1029 541 1094 Herculeamque
558 1035 748 1090 urbem,
774 1036 1090 1099 Stabiasque,
1113 1047 1163 1085 et
1178 1038 1226 1084 in
1242 1039 1342 1085 otia
1359 1047 1528 1086 natam

139 1106 508 1171 Parthenopen,
537 1117 587 1156 et
612 1112 674 1158 ab
700 1112 791 1158 hac
820 1113 1037 1160 Cumaeae
1063 1116 1253 1178 templa
1280 1116 1503 1179 Sibyllae.

140 1183 270 1230 Hinc
297 1185 444 1231 calidi
471 1185 649 1242 fontes,
677 1188 1138 1253 lentisciferumque
1163 1199 1396 1238 tenentur

140 1259 411 1316 Liternum,
434 1263 744 1326 multamque
768 1266 968 1313 trahens
995 1268 1088 1314 sub
1114 1268 1307 1330 gurgite
1329 1284 1527 1315 arenam

138 1419 345 1456 Adversarfis,
361 1420 382 1450 i.
399 1422 439 1450 22
453 1432 459 1450 :
484 1420 539 1451 sed
555 1421 636 1452 male
651 1421 682 1451 id
696 1422 726 1452 in
743 1422 800 1453 hoc

137 1469 246 1499 itinere
271 1477 541 1500 commemoratur.
566 1470 643 1501 Isid.
659 1471 800 1507 Vossius,

138 1517 286 1558 quoniam
311 1528 389 1548 unus
416 1518 514 1548 codex
542 1520 681 1559 Arangia
705 1519 799 1550 habe-

137 1566 202 1602 bat,
232 1565 310 1607 legit
339 1568 508 1608 Argennia‚
548 1573 583 1597 ut
618 1568 800 1608 Argennum

139 1616 382 1656 promontorium
393 1616 508 1646 Siciliae
520 1615 722 1658 intelligatur.
740 1617 801 1648 Sed

138 1664 196 1695 hoc
216 1665 308 1706 longe
332 1676 350 1696 a
370 1666 448 1696 freto
471 1671 550 1696 erat.
591 1666 736 1706 Laeraque
755 1677 801 1697 re-

139 1713 208 1755 cepi
225 1725 241 1744 e
258 1714 350 1744 MSS.
366 1713 501 1750 Ciofimi,
518 1725 578 1744 uno
594 1714 702 1745 Vatic.
718 1716 801 1756 Cap.

137 1769 169 1793 et
184 1774 245 1793 uno
263 1763 371 1793 Maffei
387 1775 394 1800 ;
422 1763 562 1804 sequitur
583 1763 666 1794 enim
685 1766 802 1794 desti-n.

138 1812 328 1843 Probaverat
351 1812 447 1843 etiam
463 1812 543 1843 Cios.
560 1813 674 1843 Caeteri
693 1813 741 1843 vel
761 1814 802 1843 ie-

136 1862 276 1902 vibusqne
307 1862 357 1892 vel
385 1863 522 1902 [erisque.
580 1861 618 1891 In
651 1862 802 1892 Ceraunia

140 1910 231 1941 valde
246 1911 368 1941 variant
379 1912 490 1941 MSS:
508 1912 732 1941 Acroceraunia
748 1911 803 1942 illa

142 1959 228 2001 Epiri
245 1959 279 1990 h.
292 1960 313 1990 1.
327 1959 460 2000 intelligi
472 1965 642 2001 nequeunt.
667 1960 708 1990 Is.
723 1960 802 1990 vos-

137 2009 201 2039 sius
221 2009 347 2051 conjicit
373 2010 511 2040 Cocintia
533 2019 550 2039 a
575 2009 708 2040 Cocinto
732 2020 801 2049 pro-

140 2058 303 2088 montorio.
351 2058 501 2088 Heinsius
529 2068 545 2088 e
573 2058 666 2088 Mss.
696 2057 803 2088 multis

141 2106 283 2136 Celennia
309 2106 411 2147 (quod
438 2105 533 2147 Regii
558 2107 654 2137 nostri
680 2105 803 2137 codices

136 2156 270 2191 habent)
290 2155 447 2186 defendit.
494 2155 637 2191 Lenzius,
653 2155 678 2186 si
696 2165 802 2186 versus

138 2204 328 2241 admitteret,
366 2205 494 2245 legeret,
528 2203 612 2246 quod
649 2203 801 2245 Micyllus

138 2253 248 2290 suasit,
274 2254 409 2294 Caenyia‚
431 2264 447 2284 a
470 2253 678 2295 promontorio
700 2253 801 2284 Italiae

140 2304 258 2343 Canus.
296 2304 488 2333 Romechium
499 2303 581 2344 apud
595 2303 714 2332 nullum
730 2313 802 2343 geo-

139 2352 292 2394 graphum
319 2352 480 2393 reperitur.
517 2353 559 2382 Is.
584 2352 726 2386 Vossius,
753 2351 803 2381 cui

139 2401 307 2431 assentitur
329 2400 486 2436 Heinsius,
515 2400 602 2441 legit,
629 2400 802 2430 Lametum-

139 2461 205 2490 qne.
239 2449 375 2480 Lenzius
389 2460 406 2480 e
421 2449 600 2490 conjectura
615 2448 706 2489 Regii
722 2459 800 2489 praa-

140 2498 199 2529 fert
221 2499 402 2539 Rheginum.
443 2498 559 2528 Caulon
575 2497 624 2527 vel
654 2497 804 2527 Caulonia

139 2547 328 2577 Acbaeorum
349 2547 483 2583 colonia,
499 2547 531 2577 iu
547 2546 610 2577 alto
626 2546 713 2576 litore
729 2556 802 2576 con-

138 2595 218 2626 dita.
266 2596 375 2636 Naryx
390 2596 439 2626 vel
457 2596 620 2626 Naricium
636 2596 802 2625 Locrorum

139 2644 289 2685 oppidum
303 2657 308 2674 :
333 2644 388 2675 sed
404 2645 462 2676 hoc
477 2645 563 2686 prius
579 2644 729 2675 nominari
745 2643 800 2674 de-

139 2693 268 2725 buisset.
314 2694 448 2730 Evincz't,
465 2693 641 2734 navigando
657 2698 802 2734 superat3

868 1424 976 1456 Horat.
1005 1425 1048 1456 iii.
1077 1425 1139 1456 Od.
1164 1426 1216 1456 40.
1250 1426 1382 1457 Vincunt
1414 1437 1530 1466 aequora

868 1475 987 1504 navitis.

911 1523 983 1553 707.
1006 1523 1056 1552 De
1086 1523 1214 1553 Temeses
1241 1524 1371 1552 metallis
1391 1522 1462 1553 vide
1489 1522 1529 1554 ad

869 1571 920 1602 vii.
936 1572 1011 1601 207.
1047 1571 1202 1606 Leucosia,
1218 1571 1320 1601 insula
1335 1576 1442 1602 eontra
1459 1572 1528 1602 Pae-

868 1625 990 1649 stanum
1006 1619 1125 1657 sinum3
1149 1619 1284 1654 Plinius,
1304 1618 1349 1649 iii.
1362 1620 1392 1649 6.
1429 1619 1530 1650 Hein-

869 1668 932 1699 sius
958 1668 1066 1698 mallet
1091 1668 1248 1704 Leuc-asia,
1273 1667 1347 1709 quia
1374 1667 1530 1704 Leucosia,

871 1717 1051 1752 Λευκωσία,
1070 1717 1153 1758 apud
1169 1717 1296 1747 Graecos
1313 1716 1466 1757 syllabam
1482 1727 1528 1747 se·

870 1765 1005 1796 cundam
1021 1765 1174 1807 producit.
1212 1765 1273 1795 Sed
1289 1771 1319 1795 et
1333 1765 1387 1795 alii
1402 1764 1532 1796 licentia

870 1813 991 1855 poetica
1020 1814 1190 1844 secundam
1220 1814 1345 1844 brevem
1371 1814 1530 1852 fecerunt3

872 1863 934 1894 vid.
965 1863 1124 1893 Drakenb.
1154 1863 1193 1893 ad
1223 1863 1345 1898 Silium,
1367 1862 1431 1892 viii.
1456 1863 1530 1894 580.

872 1912 1016 1948 Paestum,
1032 1913 1104 1943 urbs
1121 1913 1328 1947 Lucanorum,
1344 1918 1375 1941 et
1396 1911 1531 1942 clemen-

872 1960 989 1991 tissimo
1001 1961 1082 1992 coelo
1097 1967 1198 1996 utens,
1209 1967 1240 1990 et
1255 1960 1331 1990 rosis
1346 1959 1510 1990 abundans
1522 1972 1533 2000 ;

871 2009 941 2040 vide
958 2009 1086 2041 Cluver.
1098 2010 1175 2040 Ital.
1193 2008 1302 2049 Antiq.
1317 2009 1358 2039 iv.
1375 2010 1422 2038 l4.

914 2059 987 2088 710.
1016 2059 1192 2089 Surrentini
1230 2059 1317 2088 colles
1351 2057 1390 2088 ad
1427 2057 1531 2088 sinum

871 2107 1052 2148 Campaniae
1082 2107 1288 2138 abundabant
1312 2117 1459 2147 generoso
1487 2106 1532 2137 vi·

869 2167 908 2186 uo
923 2169 930 2194 3
953 2156 1036 2186 Plin.
1052 2156 1116 2186 xiv.
1133 2158 1164 2187 2.
1210 2156 1392 2186 Herculeam
1413 2157 1530 2190 urbem,

870 2205 1098 2236 Herculanum.
1134 2205 1172 2235 In
1189 2206 1248 2234 otia
1265 2210 1379 2240 mitam,
1397 2202 1449 2234 ubi
1465 2209 1532 2234 stu-

869 2254 922 2284 dia
937 2255 986 2284 vel
1002 2255 1135 2283 maxime
1151 2253 1294 2283 coluntur
1308 2264 1316 2290 ;
1340 2255 1431 2282 otiosa
1447 2252 1530 2282 Nea-

869 2305 943 2342 polis
967 2302 1050 2344 apud
1074 2303 1187 2332 Horat.
1210 2301 1311 2342 Epod.
1327 2312 1356 2330 ν.
1372 2302 1424 2331 43.
1440 2300 1532 2331 docta

871 2353 1021 2393 Neapolis
1047 2351 1131 2393 apud
1156 2350 1296 2381 Martial.
1312 2362 1342 2381 ν.
1358 2351 1463 2391 Epigr.
1480 2351 1532 2380 78.

873 2402 999 2438 Hospilu
1014 2402 1110 2431 Musis
1123 2403 1182 2431 otia
1195 2400 1223 2431 ei
1240 2400 1347 2430 tribuit
1361 2399 1465 2434 Silius,
1478 2399 1531 2430 xii.

871 2452 922 2481 31.
964 2451 1014 2481 De
1032 2451 1132 2479 cumis
1148 2448 1218 2479 vide
1234 2448 1273 2478 ad
1290 2448 1351 2478 xiv.
1370 2449 1443 2478 104.

915 2494 987 2523 714.
1012 2494 1171 2523 Liternum
1188 2491 1300 2532 (vulgo
1331 2490 1529 2520 Linternum:

871 2543 934 2573 vid.
957 2542 1104 2573 Heinsius
1128 2546 1158 2570 et
1179 2539 1355 2574 Cluverius,
1372 2538 1445 2569 Ital.
1460 2539 1529 2569 An-

870 2591 924 2631 tiq.
941 2591 982 2621 iv.
998 2590 1045 2630 2.)
1069 2589 1216 2631 oppidum
1246 2586 1438 2628 Campaniae,
1462 2586 1528 2617 exi-

869 2640 910 2670 lio
931 2645 964 2670 et
985 2638 1125 2680 sepulcro
1146 2635 1300 2678 Scipionis
1319 2635 1433 2666 nobile.
1478 2634 1529 2665 Ibi

870 2689 1015 2730 frequens
1053 2689 1201 2721 lentiscus,
1234 2686 1323 2716 arbor
1356 2683 1530 2715 mastichen
