1779 3130
358 149 980 193 METAMORPHOSEON
1013 149 1132 189 LIB.
1167 149 1302 191 VIII.
1465 152 1522 193 23

139 265 204 312 Et
228 273 347 313 setae
373 266 542 313 densis
562 265 748 311 similes
774 264 1035 310 hastilibus
1062 264 1283 322 horrent;

1424 269 1521 312 285

139 342 386 405 Stantque
409 343 545 390 velut
568 343 767 396 vallum,
794 341 928 387 velut
954 341 1053 387 alta
1078 341 1291 396 hastilia,
1320 347 1467 388 setae:

137 419 348 467 Fervida
371 436 486 466 cum
511 435 658 466 rauco
685 419 811 464 latos
838 416 1045 464 stridore
1073 434 1159 480 per
1184 434 1346 465 armos

141 495 331 558 Spuma
355 496 490 543 fluit:
531 496 706 542 dentes
732 500 993 556 aequantur
1017 493 1249 540 dentibus
1277 493 1444 540 Indis:

140 571 347 618 Fulmen
374 573 435 618 ab
462 587 544 618 ore
569 570 730 627 venit;
772 569 970 615 frondes
997 570 1243 616 afflatibus
1266 571 1456 617 ardent.

139 646 190 693 Is
212 649 359 694 modo
384 647 627 695 crescenti
649 653 847 708 segetes
873 647 1131 709 proculcat
1154 647 1203 692 in
1221 647 1397 694 herba:
1426 650 1525 694 290

142 723 289 770 Nunc
315 732 508 771 matura
531 724 674 771 metit
698 722 861 770 fleturi
886 730 1001 769 vota
1026 723 1214 781 coloni;

138 883 250 919 praeter
268 888 362 907 unum
378 878 470 908 MSS.
485 888 590 909 omnes
609 877 736 913 habent,
754 879 796 906 ri-

141 932 190 966 get
211 926 344 961 horrida,
360 932 395 956 ut
411 925 499 962 dura,
513 926 680 957 immobilis
694 926 797 956 cervix

141 974 306 1010 indicetur,
321 975 395 1005 setis
409 975 629 1006 eminentibus.
676 975 741 1005 Aut
756 977 799 1004 ri-

140 1034 210 1063 gere
227 1029 369 1053 naturam
392 1030 527 1054 setarum
544 1023 689 1065 exprimit
703 1035 708 1052 :
736 1034 800 1054 ver.

142 1072 218 1102 428.
228 1073 334 1113 rigidis
345 1073 497 1103 horrentia
507 1074 584 1103 setis.
613 1073 680 1103 Hoc
694 1083 798 1114 sump-

141 1125 172 1150 to
187 1131 294 1150 versus
307 1120 464 1162 proximus
478 1120 642 1151 delendus.

185 1171 260 1200 285.
286 1171 326 1200 Et
344 1177 409 1201 setzr
428 1172 535 1206 densis,
551 1171 629 1210 etc.]
651 1169 753 1210 Hujus
768 1175 800 1200 et

142 1218 301 1259 sequentis
327 1219 510 1250 alterutrum
538 1230 662 1250 versum
691 1219 799 1249 delen-

141 1266 216 1297 dum
239 1277 316 1303 esse,
339 1273 480 1309 apparet.
529 1268 664 1298 Priorem
688 1267 800 1309 impro-

142 1316 196 1345 bat
211 1316 370 1352 Heinsius,
386 1316 583 1357 posteriorem
599 1318 705 1347 Burm.
722 1318 801 1347 Gro-

144 1375 216 1394 nov.
229 1365 305 1396 Obs.
318 1364 363 1395 iii.
380 1367 429 1395 18.
444 1366 528 1407 conj.
544 1367 643 1395 *vallus
654 1365 702 1395 vel
717 1367 803 1396 valli.

145 1413 255 1451 Spuma
272 1424 354 1455 saepe
371 1413 441 1444 feris
452 1413 536 1444 iratis
551 1413 705 1444 tribuitur.
741 1413 804 1444 Sed

146 1462 260 1492 Noster
284 1473 353 1493 eam
381 1462 456 1492 facit
474 1463 629 1504 fervidam
656 1468 688 1493 et
712 1474 804 1493 rauco

145 1513 271 1541 stridore.
283 1511 485 1542 defluentem.
520 1511 601 1542 Satis
616 1511 805 1542 terribiliter.

145 1560 332 1599 Aiquantur,
361 1571 421 1590 non
447 1560 582 1591 candore
607 1561 804 1601 (quanquam

147 1609 302 1640 Homerus
323 1611 463 1639 candidos
478 1609 545 1651 ejus
559 1609 668 1640 dentes
688 1619 805 1639 memo-

146 1658 223 1693 rat)
236 1658 291 1688 sed
307 1657 521 1699 magnitudine
534 1670 542 1697 ;
567 1669 628 1688 non
643 1658 724 1688 enim
738 1658 806 1688 lau-

147 1706 221 1738 dare
244 1708 312 1737 vult
334 1707 443 1743 ferum,
467 1707 520 1738 sed
545 1706 722 1738 horribilem
751 1706 806 1736 de-

147 1756 292 1787 scribere.
347 1756 443 1792 Infra,
472 1767 562 1787 versu
591 1757 665 1786 429.
693 1757 808 1798 magnis

148 1807 281 1847 insignia
291 1807 427 1837 dentibus
438 1817 503 1836 ora.
550 1805 656 1840 Indus.
667 1805 807 1841 Indicus,

150 1859 184 1884 ut
210 1855 351 1890 Maurus,
366 1854 539 1890 Mauricus,
562 1860 623 1885 etc.
669 1855 719 1884 De
733 1854 808 1894 ful·

150 1905 228 1933 mine
250 1904 315 1946 apri
330 1903 401 1934 vide
423 1903 463 1934 ad
484 1903 504 1934 i.
519 1905 598 1941 305;
617 1904 809 1943 fulmineum

150 1964 180 1983 os
195 1959 241 1983 est
254 1953 286 1983 ii.
302 1954 386 1984 Fast.
401 1954 476 1984 232.
498 1953 592 1984 Nunc
609 1952 705 1995 possis
720 1952 808 1982 flam-

150 2012 232 2032 mam
249 2013 265 2032 e
281 2008 403 2044 pectore
418 2002 586 2043 spirantem
602 2001 775 2042 intelligere
792 2012 808 2032 e

149 2062 239 2082 versu
251 2053 325 2082 356.
354 2052 400 2082 Ea
414 2052 701 2093 ardebantfrondes.
725 2051 810 2082 Ante

152 2099 258 2130 oculos
284 2100 398 2131 Noster
426 2100 527 2130 locum
554 2100 680 2141 Apuleii
706 2100 810 2130 Meta-

150 2148 270 2190 morph.
285 2148 350 2178 viii.
374 2149 404 2179 in
428 2148 635 2190 descriptione
659 2148 736 2190 apri,
754 2147 810 2178 ha-

151 2197 256 2228 buisse
272 2197 404 2229 videtur.

196 2248 272 2277 290.
299 2246 328 2277 Is
352 2249 434 2277 modo
457 2246 629 2287 crescenti]
658 2246 813 2276 Homerus

153 2306 214 2326 non
238 2295 296 2326 nisi
318 2296 441 2326 arbores
462 2297 541 2326 altas
561 2305 633 2325 cum
656 2294 814 2325 radicibus

153 2351 185 2375 et
200 2345 324 2375 floribus
337 2344 467 2380 excisas,
480 2344 684 2385 hominesque
700 2342 814 2373 multos

155 2393 324 2424 trucidatos
339 2393 474 2424 breviter
494 2398 653 2424 memorat.
701 2392 814 2422 Confer

154 2442 388 2483 Apollodorum,
412 2442 466 2472 ubi
489 2443 552 2480 τὴν
576 2444 642 2483 γῆν
666 2441 815 2482 ἄσπορον

155 2491 260 2527 ἐτίθει,
278 2497 340 2522 etc.
389 2492 540 2521 Crescenti
562 2493 594 2521 in
614 2492 713 2526 herba,
728 2496 813 2520 tene-

156 2551 221 2571 ram
249 2547 397 2581 segetem.
441 2540 492 2571 Sic
523 2547 625 2570 tenera
653 2542 685 2570 in
716 2541 815 2575 herba,

156 2588 319 2630 Virgilius,
337 2589 452 2630 Georg.
465 2589 486 2619 i.
503 2590 583 2627 1123
607 2595 638 2619 et
656 2590 760 2628 primis
783 2591 814 2619 in

158 2639 263 2674 herbis,
294 2639 417 2674 Noster,
447 2650 479 2669 v.
511 2639 584 2669 482.
635 2638 707 2668 Non
736 2638 816 2667 bene

158 2687 305 2718 Heinsius
319 2687 514 2729 praeferebat,
531 2688 598 2718 Non
616 2686 665 2718 vel
683 2698 734 2717 nec
754 2698 815 2716 ma-

869 884 951 912 tura,
976 886 1045 907 eam
1070 876 1196 918 quidem
1221 877 1260 906 ob
1281 886 1421 912 causam,
1446 876 1528 917 quod

866 924 934 955 leve
949 925 1039 955 fuerit
1055 925 1214 959 damnum,
1226 925 1250 955 si
1266 930 1398 955 matura.
1445 926 1529 956 Rec-

867 974 929 1004 tius
952 973 1050 1004 multo
1067 974 1286 1004 Burmannus:
1311 979 1332 990 ‘¹
1349 974 1441 1004 Nunc
1465 986 1527 1004 ma-

869 1030 939 1053 tura
956 1022 1080 1058 retinui,
1097 1023 1172 1064 quia
1188 1023 1284 1064 major
1300 1028 1331 1053 et
1351 1022 1530 1064 praesentior

867 1071 964 1107 dolor,
980 1072 1004 1102 si
1015 1071 1082 1112 jam
1098 1077 1229 1106 matura,
1246 1082 1316 1112 qua:
1330 1076 1532 1112 tempestates

868 1127 899 1151 et
921 1120 1118 1151 calamitates
1141 1121 1277 1151 evasisse
1293 1120 1448 1156 videntur,
1464 1120 1526 1151 fru—

867 1177 974 1201 menta
997 1175 1098 1200 vastet
1126 1175 1158 1200 et
1187 1176 1283 1200 metat
1316 1180 1399 1211 aper,
1424 1175 1454 1200 et
1486 1170 1531 1200 ita

866 1218 951 1260 longi
967 1219 1054 1249 labor
1073 1218 1176 1249 irritus
1191 1218 1263 1249 anni
1285 1224 1400 1260 pereat.
1445 1219 1532 1249 Prae-

868 1273 953 1298 terea
975 1267 1024 1297 bis
1048 1267 1132 1297 idem
1155 1266 1294 1305 diceret;
1329 1277 1401 1297 nam
1424 1278 1532 1298 versus

868 1316 1050 1359 praecedens
1066 1317 1130 1357 agit
1145 1316 1183 1347 de
1199 1315 1410 1347 crescentibus
1430 1323 1461 1347 et
1476 1317 1532 1347 ad-

870 1366 931 1397 huc
943 1365 1127 1402 immaturis,
1141 1377 1224 1397 nunc
1239 1365 1279 1396 de
1294 1366 1451 1406 segetibus
1465 1376 1531 1397 ma-

872 1416 959 1451 turis,
975 1420 1006 1446 et
1017 1415 1083 1456 jam
1100 1415 1202 1457 spicas
1216 1415 1325 1457 plenas
1342 1414 1533 1445 ostendenti-

872 1464 942 1500 bus,
957 1469 991 1494 ut
1005 1464 1067 1494 fere
1083 1464 1229 1499 Cererem,
1243 1463 1275 1493 id
1286 1468 1343 1499 est,
1358 1473 1472 1504 panem
1488 1463 1534 1494 fe-

872 1518 953 1543 rant.
996 1513 1081 1543 Nam
1100 1512 1160 1542 hoc
1177 1512 1285 1542 volunt
1300 1512 1366 1548 illa,
1384 1512 1425 1542 Et
1444 1512 1533 1542 Cere-

873 1573 935 1592 rem
963 1564 995 1592 in
1028 1563 1114 1601 spicis
1146 1561 1342 1601 inte1·cz'pit.''
1404 1561 1534 1591 DIatura

874 1613 969 1647 metit,
981 1610 1063 1652 quod
1081 1611 1208 1641 verbum
1224 1620 1295 1640 curn
1311 1610 1436 1641 delectu
1451 1610 1535 1652 posi-

875 1666 940 1691 tum
955 1666 987 1691 et
1000 1660 1080 1690 bene
1096 1660 1242 1690 convenit
1262 1659 1351 1690 alteri
1368 1661 1535 1698 intercipit.

875 1710 990 1739 Meiere
1024 1714 1128 1739 autem
1163 1708 1258 1739 etiam
1290 1718 1344 1749 pro
1373 1713 1536 1749 amputare

874 1758 1009 1799 ponitur.
1054 1757 1127 1787 Vota
1147 1758 1252 1792 coloni,
1268 1762 1303 1787 ut
1322 1756 1343 1786 i.
1361 1757 1436 1787 272.
1481 1756 1536 1787 In·

875 1808 1004 1844 tercipit.
1040 1806 1241 1836 Burmannus
1264 1805 1346 1835 hunc
1368 1804 1471 1835 locum
1492 1804 1538 1836 ita

875 1854 1030 1896 explicat:
1056 1858 1076 1871 “
1094 1855 1173 1891 Quae
1196 1853 1317 1884 scilicet
1340 1853 1537 1884 debebantur

876 1914 966 1939 areae,
981 1910 1012 1934 et
1027 1903 1134 1934 horreo
1154 1908 1186 1933 et
1205 1902 1323 1944 pistori,
1339 1903 1392 1943 qui
1413 1902 1444 1933 in
1465 1903 1536 1933 fari-

876 1964 947 1983 nam
962 1952 1125 1993 redigeret,
1137 1963 1189 1983 sus
1204 1951 1263 1982 sibi
1276 1951 1454 1982 vindicat.'’
1483 1952 1538 1982 Ιη-

878 2004 1021 2041 ter-cipere
1032 2002 1161 2031 verbum
1176 2001 1314 2041 elegans,
1327 2006 1398 2031 ante
1414 2011 1538 2042 capere,

877 2061 972 2092 quam
994 2050 1033 2080 ad
1055 2049 1225 2085 dominum,
1241 2050 1356 2085 locum,
1374 2060 1464 2080 usum
1484 2049 1538 2080 de-

877 2099 1027 2131 stinatum
1050 2099 1164 2130 veniat.
1208 2099 1333 2129 Terent.
1357 2099 1437 2129 Eun.
1461 2098 1490 2129 Ι.
1515 2098 1540 2129 i.

879 2150 936 2179 35:
964 2148 1044 2178 Nam
1064 2150 1140 2188 quod
1156 2159 1206 2178 nos
1221 2158 1325 2186 capere
1341 2153 1463 2187 oportet,
1479 2148 1540 2178 Ῐιιεσ

878 2200 1046 2238 intercipit.
1093 2197 1154 2227 Hic
1176 2207 1300 2238 quoque
1324 2196 1451 2227 modum
1476 2207 1539 2227 ser-

880 2258 951 2278 vare
981 2246 1134 2284 nescivit3
1167 2246 1275 2287 itaque
1304 2245 1437 2286 subjecit
1469 2246 1538 2282 illa,

879 2307 962 2331 area,
989 2300 1051 2326 etc.
1110 2296 1300 2336 Quanquam
1325 2293 1413 2324 suavi
1442 2300 1542 2325 meta-

881 2344 977 2386 phora
987 2355 1065 2375 areae
1080 2344 1243 2383 espec-tatio
1255 2349 1286 2373 et
1302 2342 1383 2382 agris
1393 2345 1543 2381 promissio

880 2393 1043 2424 tribuitur:
1069 2391 1100 2423 in
1116 2398 1204 2423 tanta
1218 2390 1397 2422 calamitate
1412 2400 1472 2421 non
1488 2402 1543 2422 cu-

881 2448 928 2472 rat
943 2442 1040 2472 lector
1055 2441 1144 2476 scire,
1163 2440 1216 2482 qui
1236 2450 1345 2471 sensus
1365 2439 1542 2471 horreorum

882 2491 1009 2522 fuerint.
1057 2489 1191 2526 Plinius,
1213 2491 1368 2530 Panegyr.
1389 2489 1440 2519 81.
1461 2488 1542 2520 hanc

883 2540 982 2582 ipsam
1020 2539 1097 2570 forte
1126 2539 1323 2570 venationem
1359 2537 1541 2579 respiciens,

881 2590 1041 2618 submotam
1062 2589 1171 2627 campis
1190 2588 1387 2627 irruptionem
1403 2586 1543 2628 ferarum

883 2644 911 2668 et
929 2639 1074 2668 obsidione
1098 2638 1257 2667 liberatum
1276 2637 1441 2677 agrestium
1463 2636 1543 2666 labo-

884 2698 945 2717 rem
961 2691 1120 2717 memorat.
