1779 3130
241 180 325 221 182

236 293 306 340 At
330 309 480 355 quam
504 292 752 353 virgineus
779 292 955 354 puerili
979 292 1146 337 vultus
1172 292 1221 337 in
1247 306 1330 338 ore
1356 292 1457 337 est!

633 178 683 218 P.
717 177 931 218 OVIDII
964 177 1244 218 NASONIS

1530 295 1621 338 631

235 369 340 415 Ah!
380 368 529 414 miser
554 366 889 430 Hippomene,
917 368 1100 414 nollem
1125 367 1215 413 tibi
1241 367 1345 413 visa
1368 367 1600 414 fuissem!

234 445 413 490 Vivere
439 444 619 505 dignus
645 459 781 490 eras:
824 444 958 506 quod
983 444 1023 490 si
1049 444 1238 490 felicior
1263 459 1441 498 essem,

236 519 345 567 Nec
371 519 490 565 mihi
516 520 802 582 conjugium
827 519 928 566 fata
952 520 1234 583 importuna
1258 528 1511 581 negarent,

236 596 379 642 Unus
406 611 529 650 eras,
557 611 670 642 cum
696 611 795 657 quo
818 596 1008 646 sociare
1035 596 1218 642 cubilia
1244 596 1491 658 posse1n.'’
1531 599 1625 642 635

236 672 473 719 Dixerat:
515 678 670 733 utque
697 671 849 726 rudis,
877 672 1137 734 primoque
1166 672 1417 734 Cupidine
1442 679 1591 726 tacta,

236 748 384 802 Quod
409 747 526 794 facit
551 748 799 808 ignorans,
829 755 976 803 amat,
1004 756 1054 794 et
1078 764 1175 794 non
1201 748 1353 795 sentit
1378 763 1611 794 amorem.

233 823 263 869 J
268 840 346 870 am
369 824 539 870 solitos
567 831 779 885 poscunt
803 839 977 870 cursus
1003 825 1321 887 populusque
1346 832 1605 887 paterque,

234 899 401 953 Quum
426 915 505 945 me
532 899 743 945 sollicita
768 900 932 962 proles
961 899 1219 962 Neptunia
1243 915 1362 946 voce

1530 902 1625 946 639

235 975 441 1022 Invocat
460 975 826 1037 Hippomenes:
855 981 885 998 “
900 976 1171 1038 Cythereia
1190 992 1476 1038 comprecor
1492 975 1624 1021 ausis

233 1050 428 1105 Adsit,’'
447 1051 528 1105 ait,
550 1056 580 1073 “
594 1051 796 1106 nostris3
823 1059 886 1106 et,
907 1067 1031 1113 quos
1048 1052 1202 1108 dedit,
1215 1053 1416 1114 adjuvet
1431 1052 1622 1114 ignes.''

235 1127 431 1174 Detulit
455 1143 572 1174 aura
598 1143 769 1190 preces
797 1127 858 1173 ad
885 1144 963 1174 ine
989 1144 1086 1174 non
1112 1128 1279 1175 invida
1302 1129 1539 1184 blandas3

234 1203 476 1266 Motaque
493 1220 618 1258 sum,
636 1203 812 1261 fateor;
838 1219 928 1250 nec
951 1204 1059 1267 opis
1081 1220 1217 1251 mora
1230 1205 1378 1266 longa
1393 1205 1618 1251 dabatur.

300 1280 393 1327 Est
417 1297 549 1343 ager,
573 1281 818 1342 indigenae
844 1281 1143 1328 Tainaseum
1168 1282 1367 1329 nomine
1393 1281 1581 1335 dicunt,

274 1437 349 1467 631.
377 1437 474 1470 Quam
496 1438 648 1477 virgineus
665 1437 790 1476 puerili,
810 1436 888 1475 etc.]

231 1486 407 1521 Anacreon,
432 1485 515 1527 apud
540 1486 581 1514 H.
602 1485 709 1526 Steph.
733 1485 764 1514 in
789 1485 892 1525 Lyric.

230 1546 261 1576 p.
278 1535 350 1565 530.
369 1535 392 1565 ὦ
412 1535 472 1564 παῖ
488 1533 666 1574 παρθένιον
681 1532 828 1572 βλέπων.

274 1584 348 1613 634.
374 1583 437 1613 Nec
453 1584 536 1618 mihi,
552 1583 629 1622 etc.]
653 1582 735 1612 Vide
753 1593 814 1612 ver.
831 1582 892 1612 564

229 1644 254 1663 s.
301 1633 391 1663 Conf.
422 1633 613 1667 Lactantius,
644 1632 777 1672 Argum.
831 1631 891 1662 Sed

231 1681 316 1722 apud
339 1681 498 1722 Hyginum
522 1691 540 1711 a
562 1687 648 1722 patre
668 1680 735 1721 ipsa
755 1680 842 1721 petit,
859 1686 893 1710 ut

233 1741 266 1760 se
282 1730 433 1769 virginem
449 1740 571 1760 servare
586 1730 672 1760 velit.
710 1730 828 1759 Socim-e
843 1740 891 1759 so-

230 1779 323 1809 lenne
336 1778 375 1809 de
388 1779 574 1820 conjugibus
588 1791 595 1816 ;
612 1779 633 1809 i.
645 1780 718 1809 620.
732 1780 807 1808 socia
824 1781 892 1808 tori.

273 1828 347 1858 636.
382 1829 529 1858 Diierat:
562 1834 654 1867 utque
684 1829 777 1862 rudzs,
806 1828 887 1867 etc.]

230 1877 325 1919 Apud
348 1876 559 1912 Theocritum,
583 1876 667 1917 Idyl.
692 1876 736 1906 iii.
761 1877 815 1906 42.
838 1875 889 1906 vix

230 1931 398 1966 conspecto
423 1925 618 1966 Hippomene
642 1923 752 1965 incipit
779 1923 889 1959 furere,

230 1980 261 2005 et
275 1975 307 2004 in
323 1973 511 2016 profundum
528 1984 665 2004 amorem
680 1973 830 2004 incidere.

273 2025 346 2054 638.
372 2024 479 2058 Pater,
497 2030 611 2064 patres,
626 2023 760 2053 seniores
783 2028 814 2053 et
836 2022 889 2052 ho-

230 2072 415 2103 noratiores:
440 2072 566 2111 populus
584 2078 742 2111 patresque
758 2071 890 2101 formula

228 2121 364 2152 solennis
385 2126 416 2151 et
430 2120 546 2162 passim
567 2121 659 2150 obvia
680 2120 718 2150 de
738 2120 890 2150 universis

229 2169 350 2200 civibus
365 2169 528 2205 Romanis,
545 2174 608 2199 tarn
629 2169 767 2210 patriciis
790 2176 821 2199 et
841 2180 889 2199 se-

229 2217 399 2253 natoribus,
416 2227 510 2258 quam
525 2217 668 2258 plebeiis.
714 2217 889 2247 Maximam

231 2267 444 2308 exemplorum
460 2267 575 2297 nubem
587 2266 713 2308 collegit
726 2267 889 2298 Bentleius

229 2316 270 2346 ad
286 2317 396 2347 Horat.
411 2316 475 2346 III.
491 2316 553 2346 Od.
569 2316 672 2346 vif-³0.
696 2316 778 2346 Hinc
795 2315 889 2346 etiam

230 2366 269 2396 de
285 2365 353 2395 aliis
368 2365 491 2407 populis
503 2371 533 2396 et
548 2366 682 2396 coetibus
695 2371 887 2406 usurpatum.

231 2415 354 2445 Poscere
382 2415 444 2445 fere
471 2420 506 2445 ut
532 2414 690 2449 Horatius,
713 2414 781 2444 Art.
799 2414 887 2444 Poet.

232 2465 302 2494 190.
320 2463 447 2504 fabula,
476 2475 538 2503 quae
569 2465 649 2502 posci
684 2465 761 2498 vult,
793 2473 887 2504 quam

228 2513 339 2543 iterum
368 2518 507 2553 spectare
536 2512 666 2553 cupiunt
688 2518 887 2553 spectatores.

232 2562 331 2596 Quum
344 2572 387 2590 me
397 2563 535 2596 sollicita,
551 2567 609 2591 etc.
649 2561 699 2591 Me
714 2562 886 2598 Venerem3

230 2616 332 2641 narrat
347 2610 428 2640 enim
443 2612 510 2640 haec
527 2610 665 2640 Adonidi
681 2611 800 2640 Venus.
823 2611 885 2640 Sol-

229 2660 314 2690 licita
326 2670 388 2694 vor,
398 2669 490 2699 quam
502 2658 617 2690 emittit
628 2660 717 2690 homo
727 2659 887 2690 sollicitus.

233 2707 388 2747 Neptunia
412 2709 519 2746 proles,
547 2708 772 2749 Hippomenes,
799 2707 885 2748 Nep-

960 1435 1027 1465 tuni
1043 1446 1204 1477 pronepos.
1230 1435 1406 1474 Compreeor
1417 1445 1472 1477 pro
1488 1434 1622 1475 simplici

959 1495 1077 1525 precor,
1102 1491 1136 1514 ut
1159 1484 1243 1525 apud
1268 1484 1440 1525 Hyginum,
1466 1484 1528 1513 fab.
1550 1483 1570 1513 i.
1591 1490 1621 1514 et

960 1535 998 1564 P.
1014 1535 1055 1564 A.
1073 1534 1105 1564 ii.
1122 1537 1154 1565 5.

1005 1584 1077 1613 642.
1107 1585 1194 1613 Aura
1220 1595 1278 1613 ¹non
1304 1584 1437 1623 invida]
1479 1582 1621 1612 Suaviter

962 1642 1009 1662 res
1034 1632 1225 1667 inanimatae,
1252 1643 1347 1672 quum
1375 1631 1540 1673 prohibent
1565 1631 1622 1661 ali-

961 1681 1037 1721 quid
1062 1681 1140 1716 fieri,
1168 1683 1302 1711 inridere
1330 1680 1496 1718 dicuntur3
1530 1691 1621 1721 supra

961 1729 1001 1759 iv.
1029 1731 1080 1760 73.
1112 1732 1232 1760 invidus
1258 1732 1366 1769 paries,
1396 1729 1449 1770 qui
1478 1729 1621 1759 obstabat

961 1780 1155 1815 amantibus;
1171 1779 1214 1809 ix.
1232 1780 1305 1809 485.
1318 1791 1372 1809 ⁷101
1385 1780 1485 1818 ccrptis
1497 1780 1618 1813 invida,-

960 1839 990 1858 Χ.
1007 1829 1082 1858 332.
1100 1831 1129 1857 1'11
1137 1830 1202 1858 rida
1212 1830 1303 1867 jura.
1349 1828 1389 1857 Et
1405 1827 1461 1857 hoc
1477 1828 1544 1856 loco
1560 1838 1617 1856 non

960 1878 1063 1906 invida
1088 1888 1178 1911 aura,
1197 1886 1265 1917 quae
1290 1886 1396 1917 preces
1417 1875 1549 1905 fideliter
1565 1875 1620 1905 de-

959 1925 1078 1955 ferebat
1094 1925 1132 1954 ad
1150 1925 1319 1954 Venerem.
1367 1925 1494 1954 Blanda>
1510 1934 1619 1962 preces,

959 1980 993 2004 ut
1008 1975 1117 2004 blanda
1132 1981 1202 2004 tura
1218 1979 1249 2004 et
1265 1975 1380 2003 blandae
1396 1976 1532 2008 victima,
1547 1983 1616 2013 quae

959 2023 1129 2053 offeruntur
1145 2023 1246 2053 animo
1262 2022 1391 2053 blando.

1001 2073 1075 2102 644.
1103 2072 1305 2111 Tamaseum.]
1343 2072 1448 2112 Vulgo
1473 2072 1616 2102 Damase-

958 2121 1131 2161 num,quod
1144 2120 1227 2151 varie
1243 2120 1449 2150 emend-<irunt
1465 2120 1614 2151 editores:

957 2180 1063 2199 verum
1075 2169 1220 2199 viderunt
1232 2168 1405 2199 Farnabius
1418 2174 1449 2198 et
1459 2168 1617 2199 Heinsius.

957 2219 1068 2249 Codic.
1084 2218 1178 2249 nostri
1196 2218 1289 2259 Regii
1307 2219 1520 2248 Damasenum.
1557 2218 1613 2248 Ta-

956 2279 1053 2298 masus
1076 2274 1129 2298 aut
1150 2268 1305 2297 Tamaseus
1325 2266 1473 2308 oppidum
1497 2266 1612 2308 Cypri3

956 2316 1089 2351 Plinius,
1105 2328 1134 2347 v.
1151 2317 1203 2347 31.
1226 2315 1402 2357 Stephanus
1414 2315 1444 2346 h.
1461 2327 1490 2345 ν.
1503 2315 1613 2356 Ταμά-

956 2377 1028 2402 σεος
1050 2365 1148 2402 πόλις
1165 2365 1318 2406 Κύπρου.
1342 2366 1386 2395 Τὸ
1407 2364 1534 2395 ἑθνικὸν
1550 2368 1612 2395 Ta-

954 2414 1094 2454 μασὶτης
1109 2415 1161 2444 καὶ
1172 2415 1362 2455 Ταμασεῖος.
1386 2414 1525 2448 Sacrure,
1539 2423 1615 2443 con-

955 2473 1084 2493 secrare.
1129 2463 1179 2493 Sic
1202 2473 1320 2493 sacrare
1344 2462 1462 2501 templa,
1479 2462 1613 2492 delubra.

956 2512 1039 2542 Fast.
1054 2513 1074 2542 i.
1090 2512 1164 2542 290.
1180 2517 1211 2542 et
1233 2511 1319 2552 apud
1338 2510 1516 2551 Virgilium,
1532 2512 1611 2541 AEn.

955 2560 1018 2590 viii.
1035 2561 1113 2590 715:
1132 2571 1225 2602 supra
1239 2560 1281 2590 ix.
1297 2561 1349 2590 88.
1363 2570 1482 2589 sacrare
1497 2570 1611 2589 cornu:

955 2609 1024 2639 vide
1049 2609 1185 2639 Bentlei.
1205 2609 1245 2639 ad
1268 2608 1377 2639 Horat.
1400 2608 1498 2649 Epist.
1516 2608 1560 2637 H.
1581 2608 1612 2637 ii.

955 2659 1006 2688 92.
1051 2656 1228 2688 Secundum
1259 2656 1414 2686 Philetam
1443 2656 1475 2686 in
1503 2656 1609 2686 Schol.

954 2705 1109 2737 Theocrit.
1136 2705 1167 2736 ii.
1194 2707 1264 2736 118.
1291 2707 1398 2736 Venus
1423 2704 1607 2746 Hippomeni
