1779 3130
247 167 303 208 52
632 165 683 204 Ρ.
718 162 930 204 OVIDII
963 161 1243 202 NASONIS

249 281 429 342 Digna,
449 278 571 341 quid
592 277 825 341 optetiS.’'

247 355 501 402 Judicium
524 354 730 416 Superis
751 353 910 416 aperit
929 368 1191 399 commune
1214 350 1477 397 Philemon
1495 367 1505 397 :

856 276 987 322 Cum
1006 275 1229 322 Baucide
1249 289 1410 337 pauca
1423 273 1637 328 locutus,

1543 352 1637 396 706

249 438 279 455 “
296 431 420 477 Esse
449 430 753 484 sacerdotes,
781 429 1089 490 delubraque
1114 434 1278 474 vestra
1303 426 1429 473 tueri

251 507 514 553 Poscimus
535 525 545 562 ;

585 513 635 553 et
661 505 896 567 quoniam
923 505 1192 551 concordes
1220 503 1411 564 egimus
1438 517 1609 556 annos,

250 582 455 628 Auferat
479 581 599 627 hora
623 582 748 627 duos
775 581 967 636 eadem,
995 596 1086 626 nec
1114 578 1339 641 conjugis
1365 594 1586 640 unquam

250 658 410 704 Busta
428 673 549 704 meae
571 657 764 703 videam
783 675 792 714 ;

247 733 377 780 Vota
400 733 523 780 fides
549 732 772 795 sequitur
797 749 806 779 :

251 809 423 855 Donec
449 808 548 854 vita
573 809 690 854 data
714 814 819 854 est:

834 673 930 703 neu
951 656 1043 702 sim
1064 655 1386 701 tumulandus
1414 655 1475 700 ab
1502 653 1636 700 illa.”

846 731 1020 793 templi
1046 732 1203 778 tutela
1228 730 1378 786 fuere,

860 806 1002 853 annis
1030 822 1234 868 aevoque
1261 806 1407 852 soluti

1548 733 1638 777 711

248 884 379 930 Ante
404 883 585 945 gradus
612 899 777 930 sacros
805 899 959 945 quum
986 890 1173 928 starent
1197 881 1337 936 forte,
1365 882 1562 944 locique

254 959 541 1022 Inciperent
562 975 723 1015 casus,
752 959 978 1005 frondere
1006 958 1301 1005 Philemona
1329 958 1530 1013 Baucis,

256 1035 481 1082 Baucida
505 1036 770 1099 conspexit
796 1036 958 1083 senior
982 1035 1210 1082 frondere
1234 1034 1519 1082 Philemon:
1550 1038 1644 1081 715

251 1111 465 1174 Jamque
491 1128 639 1174 super
664 1112 852 1173 gelidos
877 1119 1134 1158 crescente
1159 1111 1417 1158 cacumine
1441 1112 1622 1166 vultus,

252 1187 448 1242 Mutua,
476 1188 594 1234 dum
620 1188 775 1242 licuit,
803 1188 1080 1234 reddebant
1103 1187 1264 1242 dicta3

1308 1192 1338 1210 “
1361 1187 1605 1250 Valeque,

255 1263 298 1309 O
327 1263 559 1325 conjux‚”
584 1263 756 1310 dixere
783 1264 944 1319 simul,
973 1265 1119 1310 simul
1145 1264 1314 1310 abdita
1340 1264 1470 1311 texit

257 1339 359 1386 Ora
378 1339 569 1386 frutex:
609 1340 828 1387 ostendit
852 1340 1012 1387 adhuc
1035 1340 1285 1403 Tyanei'us
1312 1340 1410 1386 illic

258 1528 378 1563 stituta,
406 1528 450 1557 fit.
508 1528 605 1558 Multi
633 1529 725 1559 MSS.
760 1531 917 1566 indicium,

258 1575 344 1606 facili
372 1577 474 1617 lapsu.
518 1577 622 1606 Etiam
653 1577 683 1607 in
713 1578 838 1608 .Ὲ1101(1.
866 1578 918 1608 vii.

259 1625 333 1654 443.
358 1625 456 1654 Deum.
475 1624 586 1666 effigies
609 1633 635 1656 et
653 1627 759 1666 templu
781 1629 860 1656 tueri
880 1627 918 1658 de

259 1672 386 1708 aedituo,
416 1673 572 1713 νεωκόρῳ.
631 1674 702 1704 Non
736 1680 844 1715 optant
873 1675 919 1705 illi

259 1731 333 1761 opes
356 1720 535 1757 immensas,
564 1722 619 1752 sed
646 1722 805 1753 moderata
835 1724 919 1759 satis,

259 1779 297 1798 ex
326 1768 442 1809 pietate
471 1779 528 1799 sua
557 1776 620 1800 tam
651 1770 680 1800 in
711 1771 796 1802 Deos
825 1783 918 1813 quam

260 1823 379 1847 mutua.
428 1818 562 1853 Poscere,
578 1819 706 1859 precari.

305 1866 378 1897 710.
403 1866 624 1902 Tumulwzdus,
651 1867 861 1909 sepelienduS‚
887 1875 921 1899 ut

261 1924 354 1955 supra
368 1915 420 1945 vii.
465 1915 554 1956 Saepe
567 1926 602 1945 eo
618 1917 713 1946 verbo
729 1917 844 1947 Noster
858 1917 919 1947 uti-

262 1968 331 1992 tur:
361 1974 432 1994 usus
458 1973 494 1993 eo
519 1970 566 1993 est
587 1964 652 2005 jam
679 1965 835 2001 Catullus,
858 1966 920 1996 lxv.

267 2011 338 2041 153.

307 2060 379 2090 711.
403 2060 490 2090 Fides
511 2063 656 2101 sequitur,
679 2061 754 2102 quia
774 2061 819 2097 fit,
839 2062 922 2103 qnod

263 2107 467 2148 promiserant
482 2109 550 2140 Dii.
586 2110 705 2145 Tutela,
724 2116 851 2146 tutores,
867 2121 921 2141 an-

263 2155 375 2186 tistites
391 2157 513 2198 templi.
544 2158 654 2198 Supra,
671 2158 715 2188 iii.
732 2159 806 2188 617.
827 2161 921 2189 tutela

259 2215 365 2243 prome.
411 2206 519 2240 Saluti,
544 2206 646 2236 fracti.
691 2208 788 2237 Annis
809 2219 923 2248 estoque

263 2263 338 2284 sane
347 2254 455 2284 eodem
466 2254 596 2285 redeunt
608 2267 616 2293 3
630 2255 684 2286 sed
698 2256 740 2286 nil
754 2257 921 2294 lucramur,

263 2301 289 2331 si
319 2312 390 2332 curn
417 2302 546 2333 Heinsio
570 2305 705 2343 senioque
732 2304 924 2345 corrigimus.

268 2350 392 2381 Gradus
417 2351 536 2392 templi,
552 2351 591 2382 de
617 2353 731 2392 quibus
752 2353 822 2383 vide
844 2354 883 2384 ad
904 2354 925 2384 i.

265 2399 338 2429 375.
387 2398 560 2438 Inciperent
579 2412 673 2436 casus,
689 2411 772 2431 more
795 2402 923 2432 aedituo-

264 2457 344 2482 rum,
362 2447 415 2488 qui
438 2448 606 2488 peregrinis
627 2449 792 2480 tradebant
813 2451 921 2492 templi

264 2495 427 2535 originem,
444 2505 541 2532 saera,
555 2503 615 2528 etc.
662 2498 823 2533 Frondere,
841 2499 921 2529 fron-

265 2542 405 2578 descere,
423 2549 457 2574 ut
476 2555 568 2586 supra
580 2553 684 2584 putere
698 2557 751 2587 pro
764 2554 922 2586 patescere.

265 2591 414 2622 fronduit
428 2598 531 2622 autem
546 2593 709 2625 Philemon
725 2594 756 2625 in
771 2607 921 2636 quercum,

267 2639 382 2670 Baucis
396 2639 428 2670 in
445 2642 552 2677 tiliam,
569 2653 657 2673 versu
674 2644 747 2674 620.

310 2688 383 2719 716.
408 2689 527 2721 Gelidos
541 2701 556 2721 e
568 2691 704 2722 Juniano
715 2703 767 2733 pro
780 2696 919 2733 geminos,

986 1529 1069 1570 quod
1103 1539 1171 1559 mox
1205 1528 1367 1570 reperitur,
1399 1528 1565 1570 amplexus
1601 1535 1648 1560 est

986 1579 1198 1607 Burmannus,

1029 1627 1103 1656 719.
1129 1626 1299 1665 Tyaneizw5
1329 1624 1395 1660 alii,
1419 1626 1553 1661 Firmius,
1579 1625 1647 1655 Tri-

987 1677 1082 1710 nefus,
1106 1675 1268 1714 Thffleyus,
1293 1674 1473 1709 Tit-inthius,
1496 1674 1649 1711 Chineius,

990 1724 1153 1764 Tyreneus.
1201 1722 1307 1752 Nostri
1338 1723 1445 1763 Regii,
1481 1723 1650 1754 TMrneins.

990 1772 1140 1812 Tyaneius
1163 1771 1248 1801 haud
1273 1771 1366 1801 dubie
1390 1778 1566 1812 corruptum
1589 1779 1649 1803 est.

986 1821 1096 1861 Tyana
1108 1820 1200 1855 enim,
1212 1821 1284 1850 urbs
1301 1820 1522 1861 Cappadociae,
1532 1826 1650 1851 remota

989 1869 1080 1899 nimis
1096 1874 1154 1904 est,
1165 1879 1260 1909 quam
1276 1875 1310 1898 ut
1327 1868 1431 1898 incola
1445 1869 1511 1909 ejus
1529 1870 1650 1900 arbores

989 1917 1140 1958 Phrygias
1151 1916 1312 1947 ostendere
1328 1916 1473 1957 potuerit.
1517 1918 1650 1948 Lenzius

989 1970 1089 2006 putat,
1105 1975 1168 1995 rem
1185 1964 1336 1995 accidisse
1356 1964 1387 1994 in
1403 1965 1536 1996 confinio
1552 1966 1651 2007 Phry-

989 2014 1047 2054 giae
1063 2021 1094 2044 et
1111 2013 1333 2054 Cappadociae,
1350 2013 1489 2054 adeoque
1509 2025 1649 2045 commu-

990 2073 1059 2093 nem
1082 2063 1174 2092 fuisse
1197 2062 1319 2102 utrique
1341 2068 1440 2092 terrae.
1486 2064 1555 2094 Hoc
1580 2064 1651 2094 ferri

989 2116 1103 2152 posset,
1133 2110 1157 2140 si
1188 2110 1283 2140 modo
1317 2116 1473 2141 constaret
1501 2111 1652 2142 Ovidium

993 2159 1144 2199 Tyancius
1170 2158 1303 2189 dedisse.
1348 2159 1409 2189 Sed
1431 2160 1523 2190 MSS.
1540 2161 1651 2191 mirum

988 2206 1020 2237 in
1044 2207 1171 2237 modum
1195 2207 1244 2237 hic
1269 2207 1399 2243 variant,
1425 2215 1455 2238 et
1478 2208 1532 2243 ita,
1555 2215 1589 2238 nt
1612 2220 1650 2240 ex

988 2255 1049 2286 ista
1064 2255 1212 2286 varietate
1228 2256 1278 2286 vix
1295 2256 1466 2297 quidquam
1488 2258 1562 2287 certi
1579 2258 1650 2288 elici

989 2305 1097 2345 possit.
1152 2306 1228 2335 Mox
1267 2305 1408 2335 revocavi
1444 2306 1650 2347 antiquiorem

990 2353 1153 2384 lectionem
1174 2356 1291 2394 gemino
1310 2365 1440 2393 corpore,
1461 2365 1554 2396 quam
1578 2356 1649 2386 Cio-

991 2400 1080 2432 fanus
1095 2412 1132 2432 ex
1147 2403 1174 2432 X
1179 2402 1301 2432 aticano
1319 2402 1410 2433 Statii
1427 2409 1457 2433 et
1473 2414 1534 2434 uno
1549 2415 1603 2434 suo
1617 2404 1650 2434 in

989 2452 1105 2489 gemina
1128 2451 1197 2480 arob
1201 2462 1230 2480 re
1254 2456 1340 2481 muta
1342 2458 1440 2487 verat,
1460 2453 1650 2493 approbante

986 2476 1140 2529 Burman.
1156 2499 1208 2540 qui
1225 2506 1349 2530 tiuncos
1370 2506 1491 2530 tantum
1507 2502 1650 2532 arborum

990 2557 1038 2577 res
1041 2547 1103 2577 titis
1106 2558 1137 2578 se
1176 2548 1319 2588 putabat,
1346 2548 1466 2579 amissis
1496 2556 1649 2581 vetustate

990 2594 1092 2625 ramis.
1138 2596 1238 2626 Immo
1263 2600 1341 2626 rami
1362 2608 1433 2627 mox
1456 2598 1568 2629 diserte
1584 2609 1649 2630 me-

989 2650 1159 2676 morantur.
1208 2645 1321 2676 Trunci
1337 2657 1409 2687 ergo
1429 2653 1501 2677 sunt
1516 2648 1650 2684 arbores,

989 2703 1058 2733 quae
1086 2693 1210 2734 Lelegis
1236 2700 1373 2736 tempore
1398 2694 1526 2736 integrae
1552 2702 1649 2727 resta-
