1779 3130
197 174 283 215 300

587 173 638 213 P.
668 172 880 214 OVIDII
914 173 1192 215 NASONIS

205 287 456 349 Certaque
481 286 671 334 letifera
695 287 876 333 direxit
900 287 1089 350 spicula
1112 287 1306 334 dextra.

201 362 348 416 Quod
364 363 593 409 Priamus
616 363 830 424 gaudere
852 379 1007 410 senex
1026 371 1140 426 post
1159 362 1379 410 Hectora
1395 369 1581 425 posset,

200 437 311 485 Hoc
336 438 456 486 fuit:
496 439 578 486 ille
602 439 751 501 igitur
774 447 1022 486 tantorum
1047 440 1216 495 victor,
1244 439 1455 495 Achille,

198 513 424 562 Vineeris
451 531 478 562 a
502 516 676 562 timido
703 515 866 566 Graiae
892 524 1086 578 raptore
1111 516 1325 563 maritae!

197 589 266 636 At
286 591 326 636 si
351 590 562 639 femineo
586 591 746 638 fuerat
769 592 858 638 tibi
886 591 1050 639 Marte
1075 593 1370 648 cadendum,

1486 595 1582 638 610

197 665 645 714 Thermodontiaca
670 668 846 714 malles
873 668 1114 715 cecidisse
1140 669 1358 732 bipenni.

196 741 310 789 Jam
336 743 480 790 timor
505 744 587 791 ille
614 744 889 807 Phrygum,
917 744 1070 790 decus
1097 752 1146 791 et
1170 745 1326 791 tutela
1352 744 1549 806 Pelasgi

200 817 446 875 Nominis,
474 820 721 874 AEacides‚
749 828 901 884 eaput
925 822 1259 884 insuperabile
1284 821 1431 875 bello,

198 894 427 952 Arserat3
469 898 685 943 armarat
712 897 850 944 Deus
877 898 1024 952 idem,
1047 899 1279 959 idemque
1306 898 1568 944 cremarat.

240 1043 312 1072 607.
339 1043 426 1077 Quod
446 1044 588 1074 Priamus
606 1047 750 1086 gaudere,
776 1046 853 1086 etna]

197 1091 353 1122 Eventum
368 1092 412 1123 rei
427 1094 581 1123 sententia
598 1094 746 1130 declarat,
763 1106 855 1135 quam

196 1139 287 1170 valde
300 1141 538 1172 commendabat
551 1143 704 1179 Vinicius,
717 1155 856 1173 summus

197 1194 316 1218 amator
336 1190 441 1220 Ovidii
459 1202 467 1227 3
492 1191 620 1226 Seneca,
638 1191 783 1222 Controv.
801 1194 854 1223 33.

198 1236 251 1266 Ad
269 1238 429 1269 Priamum
451 1241 533 1269 enim
559 1241 597 1270 ob
620 1241 788 1270 Hectorem
810 1242 855 1271 in-

197 1285 359 1316 tersectum
382 1287 551 1318 maximum
579 1288 729 1329 gaudium
756 1289 854 1320 redire

197 1332 333 1364 debebat
347 1345 384 1365 ex
400 1336 533 1366 Achillis
547 1343 654 1367 morte.
700 1338 789 1368 Seuer
808 1349 854 1367 so-

195 1382 288 1412 lenne
310 1383 425 1414 Priami
452 1385 628 1426 epitheton;
663 1392 741 1416 veter
764 1387 854 1416 Pria-

195 1441 260 1460 mus
275 1431 395 1462 dixerat
411 1433 542 1464 Ennius.
589 1434 740 1469 Gaudere,
757 1441 788 1464 ut
805 1436 854 1464 dn-

197 1480 257 1509 lere
270 1486 301 1509 et
314 1492 444 1517 moerere,
459 1482 571 1523 passim
588 1488 733 1523 quartum
750 1493 855 1513 casum

194 1527 253 1558 sibi
270 1529 453 1570 adjunctum
471 1530 564 1560 habet
579 1543 586 1567 ;
611 1531 680 1562 vide
702 1532 855 1561 Burman-

196 1587 270 1607 num
289 1578 328 1608 ad
349 1579 402 1610 vii.
419 1581 492 1610 720.
537 1580 700 1621 Copiosius
723 1581 855 1611 Achillis

196 1635 304 1656 casum
328 1637 451 1658 enarrat
477 1628 614 1665 Quintus
640 1628 784 1664 Calaber,
811 1629 856 1660 iii.

201 1675 261 1704 176
272 1686 342 1717 sqq.
367 1676 416 1707 Ibi
430 1677 606 1718 procumbit
621 1678 733 1708 montis
748 1678 853 1713 instar,

195 1733 266 1753 cum
301 1730 431 1756 tremore
469 1725 598 1761 telluris,
635 1736 852 1766 armorumque

195 1772 325 1813 fragore.
372 1774 410 1804 In
435 1775 535 1804 talum
558 1785 629 1804 eum
653 1785 719 1804 esse
745 1775 853 1804 vulne-

195 1827 296 1851 ratum
321 1822 404 1852 idem
427 1823 564 1860 Quintus
588 1823 657 1853 Cal.
683 1829 850 1853 memorat:

196 1880 306 1911 nempe
332 1871 357 1901 is
386 1872 469 1902 solus
493 1871 695 1902 vulnerabilis
718 1872 810 1902 fuisse
836 1883 853 1903 a

193 1919 417 1951 recentioribus
455 1920 634 1951 auctoribus
670 1921 852 1960 fingebatur,

196 1978 294 2007 quum
322 1968 479 2009 reliquum
503 1979 623 2010 corpus,
654 1969 686 1999 in
714 1970 809 2010 Styge
836 1980 853 1999 a

195 2022 292 2047 matre
330 2017 476 2053 tinctum,
518 2017 614 2048 nullis
648 2018 741 2048 armis
780 2018 851 2049 laedi

194 2071 306 2104 posset.

238 2115 312 2144 608.
350 2114 409 2145 Ille
441 2116 539 2156 igitur
577 2122 740 2149 tantorum,
769 2116 847 2156 etta]

195 2161 411 2203 Epiphonema
440 2165 636 2205 praeclarum,
670 2164 719 2194 cui
751 2163 850 2194 simile

195 2210 271 2241 illud
289 2212 327 2242 de
343 2213 468 2243 Priamo
485 2213 565 2254 apud
582 2213 760 2254 Yirgiliurn,
778 2215 851 2244 AEn.

193 2260 225 2290 ii.
252 2262 314 2291 554
338 2272 409 2302 sqq.
455 2261 583 2292 Initium
609 2262 706 2304 spirat
727 2273 849 2292 sensum

195 2308 385 2346 Graecorum,
402 2310 440 2340 de
456 2320 517 2351 quo
538 2310 606 2341 vide
622 2311 661 2340 ad
677 2311 720 2341 ix.
741 2312 769 2341 7.
799 2311 851 2351 Ig-

193 2357 293 2388 naviae
323 2365 354 2388 et
379 2358 520 2389 mollitiei
548 2359 670 2389 Paridis
697 2358 850 2400 picturam

194 2405 293 2436 habes
306 2406 388 2448 apud
398 2407 508 2437 Horat.
522 2407 547 2437 I.
559 2407 681 2437 Od.xv.
694 2408 852 2445 13.—18;

193 2465 375 2496 quanquam
411 2456 517 2486 Latini
546 2467 617 2487 eum
647 2462 746 2498 poetae
774 2457 850 2486 mol-

192 2503 299 2534 liorem
319 2505 486 2541 finxerunt,
508 2516 601 2546 quam
625 2505 708 2547 apud
734 2506 851 2536 Home-

191 2561 259 2581 rum
281 2559 418 2594 apparet.
463 2554 587 2595 Nempe
605 2553 679 2595 quia
697 2554 853 2595 elegantia

192 2600 259 2640 ejus
282 2601 320 2630 ab
336 2601 459 2633 heroum
479 2603 667 2643 reliquorum
686 2602 852 2643 asperitate

191 2649 387 2686 abhorrebat,
402 2658 566 2693 propterea
584 2652 623 2682 ab
645 2651 692 2682 his
710 2658 846 2682 contem-

192 2697 323 2729 nebatur
343 2704 501 2740 tamquam
522 2700 748 2741 γυναιμ(ινὴς;
774 2700 843 2731 vide

924 1046 998 1077 Jani
1014 1048 1188 1077 Excursum
1207 1045 1246 1076 ad
1264 1047 1372 1076 Horat.
1386 1046 1417 1076 d.
1429 1046 1489 1076 loc.
1512 1047 1582 1076 Non

925 1106 1033 1136 parum
1055 1095 1242 1126 fortitudinis
1257 1095 1352 1136 spirat
1369 1095 1500 1136 epistola
1517 1096 1584 1137 ejus

925 1144 965 1173 ud
982 1144 1147 1179 Helenam,
1165 1155 1233 1184 quae
1250 1144 1363 1184 legitur
1378 1143 1505 1174 Heroid.
1517 1145 1581 1174 xvi.

927 1192 1059 1227 Musica,
1082 1202 1175 1233 quam
1192 1192 1329 1222 habebat
1350 1192 1492 1222 maritam
1514 1198 1583 1233 post

925 1246 1058 1281 raptum,
1075 1246 1109 1270 ut
1131 1251 1192 1270 ver.
1210 1243 1239 1270 5.
1257 1247 1343 1279 rapta
1364 1251 1428 1270 cum
1446 1243 1582 1280 conjuge.

924 1288 961 1318 Id
976 1295 1079 1319 tamen
1096 1300 1156 1318 uon
1168 1289 1272 1329 placet
1285 1290 1463 1319 Burmanno
1475 1289 1527 1329 qui
1544 1300 1580 1319 ex

922 1348 982 1367 uno
992 1337 1063 1367 MS.
1076 1337 1354 1378 praefertjurenccc‚
1369 1337 1442 1378 quia
1454 1338 1581 1368 Heroid.

922 1397 951 1415 v.
969 1387 1042 1416 117.
1055 1392 1086 1416 et
1097 1385 1181 1427 apud
1194 1387 1296 1416 Iscan.
1310 1386 1354 1416 iii.
1368 1388 1442 1417 374.
1458 1387 1581 1417 Helena

924 1434 1159 1473 Graiajurencn
1172 1441 1318 1472 vocatum
1342 1434 1395 1464 sed
1409 1435 1440 1465 in
1449 1441 1581 1476 utroque

922 1481 975 1511 illo
1004 1483 1072 1512 loco
1110 1481 1264 1522 allegoriae
1298 1483 1457 1513 servandae
1487 1494 1582 1514 causa

923 1531 1083 1561 commode
1107 1531 1148 1560 ita
1170 1531 1284 1561 (licitur
1306 1541 1375 1572 quae
1398 1531 1428 1561 h.
1451 1531 1474 1562 1.
1494 1532 1583 1562 nulla

922 1585 981 1609 est.
1031 1580 1293 1609 Thermodontiaca
1317 1581 1450 1619 bipenni.
1499 1581 1581 1611 Pen-

923 1628 1084 1658 thesileam
1098 1627 1258 1668 intelligit,
1270 1628 1466 1658 fortissimam
1481 1630 1579 1659 Ama-

923 1687 1042 1712 zonum,
1068 1677 1106 1706 ad
1137 1677 1352 1706 Thermodonta
1374 1677 1502 1707 fluvium
1525 1677 1580 1708 ha-

924 1725 1101 1761 bitantium,
1139 1725 1288 1767 reginam,
1325 1736 1394 1766 quae
1439 1726 1580 1768 Trojanis

923 1774 1073 1804 auxilium
1091 1774 1205 1805 tulerat
1221 1774 1367 1804 adversus
1383 1774 1522 1804 Graecos.
1538 1775 1579 1811 Q.

923 1823 1067 1859 Calaber,
1092 1823 1121 1861 i3
1146 1823 1308 1863 Virgilius,
1338 1823 1413 1853 AEn.
1448 1824 1470 1853 i.
1498 1824 1578 1862 490;

921 1872 1129 1907 Justinus,II.
1142 1872 1183 1902 iv.
1194 1873 1245 1902 31.
1271 1872 1473 1913 Bipenniferoe
1482 1873 1578 1903 Ama-

921 1921 1003 1951 zonis
1019 1921 1136 1962 effigies
1152 1931 1298 1962 expressa
1317 1927 1363 1951 est
1380 1921 1462 1962 apud
1478 1921 1578 1952 Drak.

921 1970 960 2000 ad
975 1970 1095 2005 Silium,
1112 1971 1143 2000 ii.
1161 1971 1212 2000 77.
1240 1970 1315 2010 Ipsa
1332 1969 1531 2001 Penthesilea
1546 1970 1578 2003 in

920 2020 1050 2059 gemmis
1068 2019 1208 2060 pluribus
1226 2018 1427 2059 conspicitur.
1472 2019 1576 2050 Etiam

920 2068 1004 2109 apud
1028 2068 1181 2105 Quintum
1211 2067 1339 2097 Calabr.
1366 2067 1389 2097 i.
1426 2068 1495 2098 157.
1521 2068 1579 2099 fert

917 2115 1107 2157 ιἰμφίῖινπου
1122 2116 1316 2156 βουπλῆγα·
1340 2116 1394 2146 sed
1410 2116 1440 2146 in
1457 2117 1575 2153 tabula,

919 2177 1011 2206 quarn
1040 2165 1220 2199 Pausanias,
1248 2164 1345 2194 Phoc.
1366 2176 1396 2206 p.
1419 2166 1494 2196 875.
1519 2166 1574 2197 (le-

918 2215 1035 2250 scribit,
1054 2225 1158 2245 arcum
1176 2214 1310 2244 habebat
1323 2214 1476 2254 Scythicis
1490 2215 1574 2245 sinii-

919 2263 991 2294 leru.
1038 2263 1153 2293 Fortior
1168 2263 1281 2293 Paride
1297 2263 1327 2292 in
1343 2263 1451 2293 cadem
1468 2265 1576 2295 tabula

919 2313 1107 2353 apparebat3
1146 2311 1233 2341 vultu
1271 2311 1352 2341 enini
1384 2311 1576 2348 declarabat,

918 2372 949 2390 se
966 2371 1036 2390 eum
1053 2371 1113 2401 prae
1130 2370 1162 2389 se
1179 2370 1331 2400 spernere.
1357 2359 1419 2390 Sed
1433 2366 1463 2390 et
1478 2360 1573 2392 Ama-

919 2419 1029 2439 zonum
1047 2408 1195 2438 auxilium
1211 2414 1280 2449 post
1297 2409 1422 2438 Homer.
1441 2419 1459 2439 a
1473 2411 1573 2450 poetis

919 2463 1108 2497 assumptum
1124 2456 1153 2486 in
1167 2455 1242 2486 belli
1256 2456 1291 2485 Tr
1299 2456 1379 2497 ojani
1392 2456 1550 2488 historiam
1564 2471 1572 2497 5

918 2505 988 2535 vide
1003 2505 1160 2545 Heynium
1176 2505 1216 2534 ad
1234 2505 1319 2545 Yirg.
1334 2505 1363 2535 d.
1380 2504 1399 2535 l.

961 2555 1035 2584 614.
1052 2553 1203 2593 Arserun]
1223 2554 1272 2583 De
1285 2554 1496 2585 combustione
1512 2555 1573 2587 hac

919 2603 988 2633 vide
1000 2603 1179 2638 Homerum,
1191 2601 1255 2632 Od.
1271 2605 1310 2633 Ω.
1324 2603 1363 2633 57
1375 2613 1433 2644 sqq
1445 2615 1453 2641 3
1473 2605 1572 2640 Quin-

916 2658 981 2681 tum
1004 2651 1074 2682 Cal.
1094 2651 1138 2682 iii.
1183 2650 1380 2692 Ineptissimo
1398 2662 1501 2682 rursus
1522 2653 1570 2683 in-

915 2699 997 2740 genii
1021 2700 1090 2731 lusu
1112 2700 1250 2736 maculat
1271 2699 1374 2730 locum
1400 2701 1570 2741 pulcherri-
