1779 3130
219 200 276 241 28
593 197 643 237 Ρ.
678 194 889 237 OVIDII
923 192 1202 235 NASONIS

221 312 363 359 Vana
386 311 491 366 fuit,
519 319 797 372 truncoque
822 308 961 355 dedit
984 308 1090 354 leve
1114 307 1293 353 vulnus
1319 320 1514 352 acerno.

222 388 474 442 Proxima,
503 387 542 433 si
568 386 731 432 nimiis
758 385 997 432 mittentis
1021 384 1204 429 viribus
1230 398 1320 428 usa

225 464 341 510 Non
364 464 504 517 foret,
530 464 578 508 in
602 470 741 524 tergo
764 462 869 507 visa
893 467 970 507 est
992 460 1185 505 haesura
1205 458 1363 520 petito
1382 473 1391 504 :

226 539 443 601 Longius
467 540 532 586 it:
573 545 743 584 auctor
765 537 851 583 teli
877 537 1147 597 Pagasaeus
1173 534 1338 580 Iason.

1510 533 1606 576 349

226 621 256 638 “
280 614 517 670 Phoebe,'’
537 615 606 660 ait
621 613 945 676 Ampycides,
966 618 995 635 “
1010 611 1049 657 si
1064 619 1113 657 te
1130 611 1360 671 coluique
1381 609 1608 669 coloque,

224 690 304 737 Da
327 691 462 746 mihi,
490 690 625 752 quod
650 689 850 751 petitur,
877 695 1013 734 certo
1037 687 1324 747 contingere
1350 683 1499 731 telo.’'

227 766 339 820 Qua
362 767 524 829 potuit
548 766 778 828 precibus
802 765 939 810 Deus
960 763 1161 809 annuit:
1199 763 1327 808 ictus
1353 762 1415 807 ab
1440 761 1539 815 illo,

229 843 330 890 Sed
356 843 461 889 sine
484 843 701 896 vulnere,
730 857 872 904 aper:
912 840 1093 886 ferrum
1120 839 1281 885 Diana
1303 837 1488 884 volanti

227 919 515 966 Abstulerat
533 919 730 980 jaculo;
772 918 959 979 lignum
985 917 1090 963 sine
1117 915 1343 962 acumine
1368 914 1517 961 venit.

227 996 307 1042 Ira
331 995 419 1041 feri
444 1002 577 1042 mota
601 1002 699 1051 est;
740 1011 830 1041 nec
857 993 1061 1040 fulmine
1086 993 1246 1038 lenius
1269 991 1415 1038 arsit:

1513 992 1608 1036 355

228 1071 338 1117 Lux
364 1071 513 1117 micat
538 1087 600 1117 ex
626 1070 798 1125 oculis,
817 1070 1071 1132 spiratque
1097 1084 1123 1114 e
1150 1074 1351 1130 pectore
1372 1067 1587 1112 flamina.

230 1147 401 1209 thue
426 1148 557 1193 volat
577 1147 748 1200 moles,
776 1146 991 1193 adducto
1016 1144 1210 1190 concita
1234 1159 1398 1198 nervo,

230 1223 395 1276 Quum
421 1223 546 1285 petit
570 1229 656 1269 aut
679 1238 860 1276 muros,
886 1229 971 1267 aut
994 1221 1168 1283 plenas
1194 1219 1347 1265 milite
1372 1227 1559 1274 turres3

232 1299 291 1344 In
312 1300 519 1360 juvenes
544 1306 684 1344 vasto
704 1298 774 1344 sic
801 1299 985 1361 impete
1009 1296 1270 1343 vulnificus
1298 1312 1380 1342 sus

231 1375 421 1428 Fertur,
440 1382 490 1421 et
515 1374 825 1436 Eupalamon
842 1374 1195 1435 Pelagonaque
1221 1373 1399 1418 dextra
1417 1378 1614 1418 tuentes

231 1450 432 1496 Cornua
456 1451 747 1512 prosternit:
788 1450 910 1497 socii
935 1466 1139 1513 rapuere
1159 1451 1404 1511 Jacentes.

1516 1451 1607 1495 361

230 1527 298 1572 At
321 1543 417 1572 non
442 1525 656 1572 letiferos
683 1526 856 1588 effugit
881 1526 1158 1572 Enaesimus
1184 1525 1330 1579 ictus,

232 1602 579 1665 Hippocoonte
597 1609 733 1648 satus
753 1619 761 1649 :
781 1603 1126 1665 trepidantem,
1145 1608 1195 1648 et
1208 1609 1345 1662 terga
1357 1607 1614 1664 parantem

231 1677 451 1733 Vertere,
480 1678 674 1724 succiso
699 1679 951 1740 liquerunt
975 1677 1163 1740 poplite
1189 1677 1340 1723 nervi.

277 1799 350 1829 349.
370 1800 483 1829 Auctor
508 1800 569 1834 teli,
586 1799 638 1840 qui
661 1798 756 1829 mittit
782 1799 890 1834 telum,

238 1853 272 1877 ut
287 1847 450 1887 Yirgifius,
470 1848 547 1877 AEn.
564 1847 606 1877 ix.
623 1849 695 1877 420.

279 1896 354 1925 350.
378 1896 581 1935 Αηιρυσὶιίθς.]
614 1896 787 1930 Palatinus,
811 1896 894 1926 Can-

236 1944 316 1973 tabr.
334 1944 531 1977 Oxoniensis,
557 1944 800 1979 Arundelianus,
825 1945 892 1975 alii-

237 2002 297 2032 que
334 1991 469 2032 plurimi,
502 1993 650 2029 OEcli‹les‚·
679 2003 766 2033 enque
795 1994 894 2031 bene3

239 2050 310 2070 nam
325 2041 416 2070 etiarn
429 2041 638 2081 Amphiaraus
649 2042 791 2071 sacerdos
800 2042 895 2073 Phoe—

239 2089 292 2119 bi:
319 2089 389 2118 ideo
409 2089 490 2119 hunc
507 2090 643 2120 invocat.
658 2091 796 2131 Euripid.
814 2091 896 2132 apud

238 2138 427 2177 Hermogen.
456 2149 485 2179 p.
513 2140 586 2168 564.
614 2140 637 2169 ὦ
677 2142 745 2174 Ζεῦ,
773 2139 896 2180 γένοιτο

238 2186 442 2225 καταβαλεῖν
464 2187 525 2223 τὴν
549 2189 609 2218 civis
627 2187 689 2228 ἐμὲ.
729 2189 767 2218 Et
782 2189 894 2229 passim

240 2241 405 2265 occurrunt
426 2235 505 2265 tales
527 2246 634 2276 preces
654 2236 732 2266 inter
752 2248 894 2277 pugnan-

239 2283 325 2318 dum,
341 2289 375 2313 ut
392 2284 465 2313 [Tun.
483 2283 523 2313 xi.
541 2285 613 2314 785.
660 2285 690 2313 δί
709 2292 734 2314 te
753 2287 830 2315 colui
848 2296 895 2316 so-

238 2331 330 2361 lenne
345 2331 376 2361 in
391 2333 584 2361 sacerdotum
600 2333 753 2373 precibus.
773 2334 896 2364 Homer.

240 2380 278 2410 Il.
296 2384 336 2410 A.
353 2381 392 2410 39
409 2390 479 2420 sqq.
533 2380 570 2410 In
594 2381 640 2410 his
658 2382 750 2412 colere
770 2389 826 2417 est,
848 2393 895 2412 sa-

241 2438 293 2458 cra
323 2428 457 2458 adolere.
503 2429 553 2458 Da
585 2431 667 2458 mihi.
706 2430 787 2460 Vide
815 2431 853 2460 ad
876 2432 896 2462 i.

242 2477 314 2506 486.
368 2477 498 2511 Cei-tum,
536 2478 618 2517 quod
656 2477 723 2507 ferit
759 2489 897 2519 scopum.

244 2524 323 2559 Qua,
356 2530 522 2565 quatenus,
554 2532 718 2566 quantum.
768 2527 896 2556 Ferrum

243 2572 357 2603 Diana.
381 2572 472 2612 Regii
486 2575 578 2603 nostri
594 2574 896 2615 lia})entfer1·umqne

243 2621 356 2650 Diana.
380 2622 418 2651 In
434 2621 537 2651 Diana
551 2623 648 2662 prima
663 2623 783 2662 syllaba
797 2635 894 2664 quan-

243 2669 345 2711 doque
371 2670 573 2711 producitur3
602 2672 690 2712 Virg.
720 2672 846 2702 AEneid.
876 2673 896 2703 i.

243 2719 316 2749 499.
334 2719 456 2749 Exercet
476 2720 577 2749 Diana
602 2721 721 2757 choros;
746 2721 800 2752 sed
827 2732 892 2752 me-

959 1798 1020 1829 lius
1039 1804 1070 1828 et
1092 1797 1283 1839 frequentius
1301 1798 1473 1840 corripitur.
1519 1798 1616 1838 Apud

961 1848 1132 1878 Homerum
1169 1853 1200 1878 et
1232 1847 1396 1888 Virgilium
1421 1858 1502 1889 szepe
1529 1848 1618 1878 Deus

961 1896 1074 1936 aliquis
1089 1896 1252 1936 detorquet
1268 1896 1388 1926 hastam
1405 1896 1541 1926 missam.

1005 1946 1078 1975 357.
1103 1945 1208 1979 Moles,
1229 1945 1349 1986 lapides
1373 1945 1502 1975 molares
1525 1945 1617 1986 ejecti

962 2003 979 2023 e
1006 1992 1149 2027 ballistis,
1181 2004 1249 2033 quae
1288 2003 1349 2022 non
1382 1993 1494 2029 minus,
1524 2004 1618 2034 quam

964 2052 1052 2071 arcus
1076 2052 1198 2071 nei-rum
1220 2041 1387 2076 habebant,
1413 2041 1465 2082 qui
1488 2044 1618 2072 adduce-

965 2091 1074 2119 batur:
1099 2090 1182 2130 apud
1204 2089 1382 2130 Virgilium,
1399 2091 1472 2120 AEn.
1488 2090 1530 2121 xi.
1546 2091 1619 2121 616.

964 2138 1117 2168 Acontius
1133 2138 1194 2168 ruit
1208 2138 1239 2167 in
1255 2148 1369 2168 morem
1386 2145 1528 2169 tormento
1545 2150 1619 2178 pon-

965 2188 1044 2216 deris
1068 2188 1142 2216 acti.
1192 2186 1300 2225 [inpete
1324 2187 1451 2227 antique
1476 2197 1540 2228 pro,
1564 2190 1619 2217 im-

959 2242 1043 2274 petu,
1060 2241 1094 2265 ut
1117 2235 1161 2265 iii.
1177 2235 1228 2265 79.
1244 2234 1297 2264 ubi
1320 2235 1413 2264 etiarn
1432 2242 1510 2264 rasio
1531 2235 1619 2265 addi-

964 2290 1025 2314 tur.
1076 2283 1242 2324 I'ulnzficus
1261 2294 1328 2320 sns5
1353 2284 1402 2314 liic
1420 2284 1620 2315 Schirachius

964 2333 1108 2362 observat
1137 2343 1203 2362 esse
1232 2332 1411 2372 pingentem
1443 2343 1618 2363 numerum.

965 2381 1135 2420 Compares
1157 2391 1194 2410 ex
1216 2381 1357 2415 Horatio,
1375 2383 1525 2411 ridiculus
1546 2393 1620 2413 mus.

965 2429 1086 2460 Similia
1105 2430 1255 2470 Virgilius
1274 2432 1306 2460 in
1327 2431 1486 2471 Georgicis
1511 2431 1618 2462 habet.

967 2478 1153 2517 quvalamon
1171 2485 1201 2509 et
1217 2480 1350 2520 Pelagon
1371 2491 1463 2521 supra
1483 2480 1515 2510 in
1533 2486 1619 2510 cata-

963 2527 1034 2567 logo
1052 2537 1113 2557 non
1135 2527 1294 2561 nominati.
1311 2538 1367 2558 nec
1392 2527 1518 2558 aliunde
1541 2528 1618 2559 noti.

967 2575 1080 2604 Dextra
1103 2582 1217 2605 tuentes
1232 2587 1367 2612 carnut&
1392 2576 1491 2606 aciem
1507 2587 1618 2618 nempe

962 2622 993 2652 in
1019 2633 1127 2663 aprum
1151 2623 1336 2659 direxerant,
1363 2624 1451 2665 cujus
1475 2624 1619 2655 dextrum

963 2681 1057 2701 cornu
1073 2671 1104 2701 hi
1120 2671 1181 2702 duo
1193 2672 1414 2703 defendebant.

1006 2721 1079 2752 364.
1100 2722 1217 2753 Succiso
1239 2723 1375 2762 poplite]
1401 2722 1476 2753 Sixii
1491 2728 1522 2754 et
1538 2723 1618 2754 Gro-
