1779 3130
312 166 932 209 METAMORPHOSEON
966 166 1085 208 LIB.
1117 167 1254 209 VIII.
1426 168 1482 208 63

99 284 164 330 Se
189 283 342 346 quaeri
368 282 606 343 gaudens,
632 281 708 327 his
734 288 811 327 est
837 288 1065 328 resecuta
1089 290 1374 343 rogantem:

97 366 126 383 ‘⁶
146 358 385 421 Quisquis
408 374 477 414 es,
501 358 729 419 ignoscas
748 375 758 413 ;
800 356 849 403 in
870 357 1055 404 nullam
1080 357 1266 404 lumina
1289 365 1480 421 partem

97 436 306 498 Gurgite
333 436 395 482 ab
421 435 513 481 hoc
539 434 679 491 flexi3
722 433 987 496 studioque
1014 442 1244 496 operatus
1279 435 1479 484 inhaesi:

96 511 308 573 Quoque
328 510 491 557 minus
516 510 729 565 dubites,
754 510 822 556 sic
848 510 937 556 has
961 509 1100 556 Deus
1119 511 1331 572 aequoris
1352 519 1482 559 artes

96 588 330 650 Adjuvet‚
358 595 413 634 ut
437 602 582 634 nemo
601 587 896 650 jamdudum
920 586 1062 632 litore
1088 586 1137 632 in
1162 586 1273 642 isto,
1385 591 1478 635 867

98 665 184 711 Me
210 671 376 711 tamen
401 671 629 726 excepto,
657 679 748 709 nec
775 662 957 709 femina
982 662 1207 708 constitit
1231 663 1382 709 ulla.”

99 741 340 797 Credidit,
368 749 418 787 et
441 757 581 788 verso
607 741 838 786 dominus
864 740 992 802 pede
1018 739 1199 801 pressit
1223 756 1451 798 arenam;

100 817 385 879 Elususque
410 817 558 864 abiit:
600 816 669 862 illi
695 832 784 862 sua
808 816 1003 863 reddita
1026 815 1180 862 forma
1205 823 1297 863 est.
1386 820 1482 865 870

98 893 193 940 Ast
215 893 299 939 ubi
324 893 507 939 habere
533 909 672 940 suam
697 892 1009 939 transformia
1032 907 1239 954 corpora
1264 894 1430 950 sentit,

102 969 248 1032 Saepe
265 977 403 1032 pater
418 969 628 1016 dominis
645 969 908 1032 Triopeida
925 968 1123 1016 vendit:
1152 976 1202 1014 at
1222 968 1304 1015 illa
1346 970 1480 1031 [bat3

103 1046 148 1092 N
155 1063 249 1092 uno
269 1062 413 1108 equa,
435 1062 566 1092 nunc
586 1046 706 1102 ales,
730 1045 876 1092 modo
895 1045 1000 1099 bos,
1022 1045 1169 1090 modo
1189 1061 1361 1091 cervus
1378 1046 1481 1092 abi-

102 1121 465 1185 Praebebatque
492 1123 633 1169 avido
659 1139 757 1169 non
776 1124 913 1185 justa
937 1123 1171 1169 alimenta
1194 1123 1402 1185 parenti.

100 1198 187 1244 Vis
204 1206 368 1246 tamen
385 1199 469 1246 illa
483 1199 598 1246 mali
612 1207 878 1262 postquam
895 1206 1272 1262 consumpserat
1286 1216 1481 1247 omnem

102 1274 379 1331 Materiam,
408 1276 713 1338 dederatque
739 1275 870 1338 gravi
899 1292 1025 1322 nova
1047 1276 1232 1338 pabula
1256 1277 1442 1333 morbo,

103 1351 220 1415 Ipse
246 1370 361 1400 suos
387 1361 520 1400 artus
545 1355 706 1401 lacero
730 1353 960 1400 divellere
987 1369 1151 1400 morsu
1389 1357 1481 1400 877

103 1429 284 1493 Coepit,
312 1437 363 1477 et
387 1430 557 1477 infelix
582 1431 849 1478 minuendo
874 1447 1054 1493 corpus
1080 1431 1260 1478 alebat.

168 1506 301 1560 Quid
326 1523 486 1554 moror
511 1508 762 1555 externis?
799 1509 948 1555 etiam
974 1508 1093 1554 mihi
1119 1524 1250 1571 saepe
1275 1508 1485 1555 novandi

105 1582 355 1646 Corporis,
382 1601 410 1631 o
428 1586 654 1647 juvenes,
682 1601 887 1632 numero
910 1584 1050 1631 finita
1072 1591 1311 1647 potestas.

105 1730 224 1761 operatu
255 1724 371 1754 Dianff.
423 1724 584 1766 Virgilius,
614 1727 689 1756 AEn.
718 1726 761 1756 iii.

104 1772 178 1802 236.
197 1772 358 1803 Connubiis
375 1776 662 1813 operatajurentzffi.
708 1774 762 1805 In-

104 1822 170 1851 hoesi
186 1820 387 1851 attentionem
403 1821 554 1852 declarat.
579 1823 666 1852 Artes
678 1822 760 1853 idem

105 1880 197 1910 quam
228 1870 376 1901 studium.
434 1871 586 1902 Posterior
614 1882 685 1913 pars
714 1882 759 1901 re-

107 1919 277 1959 sponsionis
303 1930 364 1950 non
388 1920 462 1950 satis
486 1920 631 1951 convenit
657 1920 759 1962 priori,

107 1978 169 2007 qua
189 1974 282 2008 negat
297 1979 328 1998 se
347 1968 443 1999 ullam
465 1969 496 1999 111
517 1975 636 2010 partem
656 1969 761 2000 oculos

106 2015 240 2048 flexisse.

151 2066 223 2096 871.
270 2066 486 2108 Transjbrmia,
525 2078 594 2108 quae
635 2067 762 2098 transire

107 2120 236 2154 possunt
252 2115 282 2144 in
298 2115 375 2146 alias
391 2116 514 2147 formas.
556 2117 638 2147 Fast.
654 2116 675 2147 i.
690 2117 763 2147 373.

111 2161 310 2204 Tranfffhrmis
356 2165 492 2196 Proteus.
551 2165 762 2207 Palaephatus,

110 2219 181 2251 cap.
198 2213 251 2241 24-
266 2219 367 2253 putat,
384 2220 522 2245 amantes
540 2213 707 2245 ventitasse
724 2215 764 2245 ad

109 2259 306 2292 formosulam
342 2263 479 2300 Metran,
517 2270 631 2299 tauros,
657 2274 764 2305 equos,

109 2319 182 2339 oves
219 2310 393 2347 offerentes,
423 2313 536 2354 quibus
567 2311 764 2343 Erisichthon

110 2363 196 2398 pater
211 2359 389 2391 ditesceret.
434 2362 517 2392 Hinc
538 2361 661 2392 fluxisse
677 2362 764 2392 fabu-

111 2405 185 2437 lam.
209 2408 415 2445 Erisichthon,
430 2410 482 2440 ubi
497 2411 580 2440 bona
593 2421 649 2441 sua
663 2409 766 2441 omnia.

111 2455 187 2487 luxu
217 2457 431 2499 dilapidasset,
459 2459 584 2490 demum
610 2465 641 2490 et
670 2459 765 2489 filiam

111 2505 285 2545 prostituit:
311 2507 395 2538 illius
410 2519 480 2539 vero
496 2508 597 2539 aetatis
614 2508 765 2543 homines,

113 2561 184 2584 ante
205 2565 294 2586 cusas
312 2557 472 2597 pecunias,
494 2567 605 2599 pecora
627 2557 766 2598 aliasque

113 2612 230 2633 merces
258 2604 392 2636 invicem
425 2607 657 2647 permutabant.
707 2605 768 2636 Illa

114 2650 231 2692 itaque,
248 2654 287 2683 ab
304 2653 363 2684 hoc
383 2660 512 2696 accepto
534 2665 601 2691 ove,
623 2655 702 2685 bove
727 2655 766 2685 ab

114 2699 186 2737 alio,
202 2701 265 2732 alia
285 2702 323 2733 ab
344 2703 412 2734 aliis
431 2703 586 2741 mercede,
601 2709 632 2735 et
652 2714 714 2735 suae
737 2710 768 2734 et

1391 1588 1486 1632 880

830 1731 968 1767 paternae
985 1725 1128 1756 subvenit
1147 1724 1258 1756 inedioe
1272 1737 1279 1754 :
1305 1730 1399 1766 atque
1414 1726 1486 1758 hinc

830 1780 937 1804 natam
955 1774 1093 1804 fabulam
1112 1774 1221 1804 dicunt
1240 1773 1379 1815 quidam,
1402 1775 1484 1816 quod

829 1828 875 1853 est
891 1822 1158 1853 verisimillimum.

874 1873 946 1903 876.
972 1872 1146 1907 Materiam,
1171 1883 1256 1913 opes,
1280 1883 1345 1903 rem
1373 1873 1485 1904 famili-

830 1932 924 1952 arem.
969 1922 1008 1951 In
1031 1921 1232 1962 sequentibus
1254 1921 1370 1952 haesere
1392 1921 1487 1953 inter-

830 1974 945 2011 pretes.
987 1969 1185 2000 Schirachius
1200 1971 1272 2000 dare
1286 1982 1362 2000 nova
1374 1973 1488 2010 pabula

830 2020 927 2048 mor-bo
942 2018 1089 2060 explicat,
1107 2029 1219 2059 augere
1236 2019 1388 2050 morbum.
1425 2021 1487 2052 Sed

831 2067 875 2097 vir
893 2067 1002 2098 doctus
1023 2078 1084 2097 non
1101 2068 1230 2098 curabat
1248 2073 1343 2098 totam
1364 2075 1487 2100 senten-

831 2116 916 2153 tiam,
934 2127 1029 2157 quum
1045 2116 1111 2147 haec
1130 2116 1288 2147 scriberet.
1338 2118 1387 2147 Vis
1403 2120 1487 2156 mali,

832 2164 863 2194 id
890 2171 948 2200 est,
975 2166 1100 2196 morbus
1124 2165 1178 2196 ille
1206 2165 1321 2206 gravis,
1352 2168 1488 2207 augebat

832 2216 983 2245 morbum.
1026 2215 1109 2245 Vere
1125 2215 1210 2245 haud
1225 2215 1318 2246 dubie
1335 2216 1488 2247 Burman-

831 2273 888 2293 nus
924 2263 1052 2304 conjicit
1080 2265 1260 2304 rleerantque
1288 2267 1377 2305 gravi
1412 2277 1489 2296 nova

829 2313 940 2351 pabula
961 2313 1059 2343 ‘morbo
1085 2314 1191 2349 lacero,
1213 2313 1382 2345 lacerante.
1426 2315 1488 2345 La-

831 2363 929 2391 cerari
957 2372 1065 2397 morsu,
1091 2361 1123 2391 id
1152 2367 1208 2398 est,
1236 2361 1379 2398 morderi,
1409 2362 1489 2394 dixit

832 2409 994 2445 Phaedrus,
1010 2410 1054 2440 ΙΙ.
1070 2409 1114 2440 111.
1131 2411 1158 2440 l.

875 2460 949 2489 880.
975 2459 1140 2498 Ojuvcnes.
1162 2458 1316 2489 Theseum
1329 2464 1360 2489 et
1374 2459 1489 2502 Lelega

834 2508 1003 2549 alloquitur
1022 2508 1194 2538 Achelous.
1243 2508 1374 2539 Numero
1378 2510 1487 2549 finita,

833 2556 907 2597 quia
935 2557 966 2586 in
994 2563 1117 2587 taurum
1146 2562 1267 2587 tantum
1296 2563 1327 2587 et
1354 2568 1488 2599 anguem

833 2607 944 2636 mutari
960 2611 1089 2646 poterat,
1105 2616 1199 2647 quum
1216 2606 1326 2636 Proteo
1340 2606 1372 2637 in
1386 2608 1490 2639 omnia

835 2655 964 2684 transire
985 2653 1105 2685 liceret.
1149 2655 1279 2691 Elector,
1303 2660 1414 2692 mutor,
1434 2656 1489 2687 sed

834 2703 1065 2736 accommodate
1092 2704 1132 2735 ad
1162 2709 1303 2736 naturam
1330 2706 1489 2746 anguium.
