1779 3130
342 156 959 200 METAMORPHOSEON
994 155 1110 195 LIB.
1145 155 1235 196 IX.

1396 156 1475 195 111

103 272 167 318 Et
191 273 347 319 crebri
374 272 650 334 amplexus,
677 278 727 318 et
751 285 880 332 quae,
906 270 947 315 si
972 269 1095 316 forte
1120 269 1323 323 notasti,

100 347 287 394 Oscula
310 347 479 394 sentiri
505 362 602 392 non
628 362 737 392 esse
763 344 948 391 sororia
971 352 1203 407 possent:

102 422 219 485 Ipsa
234 430 414 477 tamen,
437 421 661 484 quamvis
683 421 845 468 animo
861 436 1007 482 grave
1022 421 1196 466 vulnus
1216 420 1478 476 habebam,

101 498 337 551 Quamvis
364 499 495 544 intus
521 504 627 544 erat
651 496 781 543 furor
806 497 995 558 igneus,
1023 496 1187 542 omnia
1210 495 1320 550 feci,

1385 500 1482 543 540

103 574 231 620 Sunt
255 574 372 619 mihi
401 573 463 619 Di
489 579 660 628 testeS,
688 579 741 618 ut
765 573 966 619 tandem
993 571 1155 618 sanior
1180 587 1341 618 essem
1363 588 1372 619 :

104 649 431 712 Pugnavique
457 650 540 696 diu
565 649 778 695 violenta
804 647 1065 711 Cupidinis
1091 663 1226 693 arma

102 725 331 786 Effugere
357 726 528 772 infelix
550 743 560 780 ;
601 731 651 771 et
676 725 803 787 plus,
828 739 976 786 quam
1002 723 1125 769 ferre
1150 723 1366 785 puellam

101 801 256 848 Posse
283 809 444 864 puteS,
472 817 564 862 ego
589 801 712 847 dura
736 800 850 847 tuli:
891 806 1122 862 superata
1146 798 1286 845 fateri

101 878 279 940 Cogor,
304 893 549 941 opemque
569 885 703 924 tuam
724 876 908 923 timidis
928 890 1199 938 exposcere
1218 875 1359 921 votis.
1383 877 1478 921 545

98 955 173 1001 Tu
199 971 389 1002 servare
415 963 571 1017 poteS,
599 961 651 1001 tu
678 954 883 1016 perdere
909 952 1041 998 solus
1068 958 1333 998 amantem.

101 1031 259 1093 Elige,
284 1038 445 1077 utrum
471 1030 621 1077 facias
644 1047 653 1077 :
695 1045 791 1076 non
818 1029 910 1075 hoc
937 1027 1136 1074 inimica
1159 1034 1408 1091 precatur:

103 1107 202 1153 Sed
228 1122 357 1169 quae,
387 1122 538 1168 quum
564 1105 652 1152 tibi
679 1104 742 1151 sit
759 1103 1091 1166 junctissima,
1113 1104 1332 1166 junctior
1356 1119 1465 1151 esse

102 1181 323 1245 Expetit,
351 1189 401 1228 et
424 1182 583 1228 vinclo
609 1188 775 1228 tecum
801 1179 1029 1242 propiore
1054 1179 1208 1241 ligari.

1383 1181 1478 1225 549

99 1256 129 1303 J
134 1274 221 1304 ura
245 1273 387 1305 senes
413 1259 573 1305 norint
594 1276 604 1314 ;
645 1264 695 1304 et
720 1257 840 1319 quid
864 1256 1128 1318 liceatque,
1156 1255 1410 1317 nefasque,

101 1335 298 1398 Fasque
323 1335 401 1390 sit,
423 1334 686 1398 inquirant,
709 1334 976 1395 legumque
1003 1331 1232 1378 examina
1256 1337 1475 1378 servent:

102 1410 413 1457 Conveniens
439 1411 608 1457 Venus
635 1416 711 1457 est
735 1408 876 1456 annis
901 1407 1160 1455 temeraria
1184 1407 1380 1454 nostris.

101 1486 234 1540 Quid
258 1487 422 1543 liceat,
450 1487 700 1534 nescimus
727 1487 904 1540 adhuc,
932 1492 981 1531 et
1005 1491 1184 1532 cuncta
1207 1484 1356 1531 licere

103 1561 382 1617 Credimus,
410 1569 460 1610 et
488 1563 742 1626 sequimur
772 1576 1058 1624 magnorum
1091 1561 1321 1623 exempla
1346 1560 1477 1607 Deo-

300 1654 423 1685 rum.

143 1751 218 1781 539.
235 1750 303 1790 Ipsa
318 1757 427 1787 tamen,
439 1754 584 1791 quamvis,
600 1753 678 1793 eta]
694 1754 755 1783 Ar-

99 1799 265 1840 gumentis,
287 1800 400 1840 quibus
418 1806 549 1840 poterat,
570 1801 758 1841 gravissimis

100 1847 196 1878 utitur
225 1847 264 1878 ad
303 1847 601 1879 commiserationem
639 1850 755 1879 facien-

100 1895 183 1931 dam,
208 1895 370 1936 fratrisque
394 1897 531 1927 animum
554 1898 756 1929 flectendum.

101 1945 275 1981 Habebam5
314 1946 512 1975 Burmannus
538 1946 664 1987 conjicit
693 1949 756 1976 ale-

100 1994 173 2029 bam,
186 2003 364 2034 quanquam
379 2004 435 2023 nec
454 1994 585 2024 alterum
607 1995 753 2025 damnat:

99 2041 194 2072 immo
205 2052 221 2072 e
237 2041 340 2082 phrasi
352 2043 456 2072 habere
472 2044 581 2073 vulnus
596 2043 756 2083 explican-

100 2090 170 2121 dam
187 2096 291 2121 monet
307 2090 468 2120 formulam
486 2092 594 2121 habet!
619 2092 696 2121 Deos
710 2093 755 2133 ip-

100 2150 148 2170 sos
173 2144 316 2175 testatur,
335 2150 366 2170 se
389 2143 486 2170 omnia
511 2140 630 2176 fecisse,
651 2147 682 2171 et
702 2143 756 2171 diu

97 2189 255 2229 pugndsse,
276 2194 310 2217 ut
330 2187 456 2218 tandem
477 2188 577 2218 sanior
595 2193 687 2223 esset,
709 2199 756 2219 se-

98 2246 159 2276 que
186 2235 264 2266 adeo
288 2238 394 2266 clm-am
421 2236 469 2276 (id
491 2242 550 2272 est,
579 2237 757 2267 confirmato

100 2284 202 2314 animo
227 2290 258 2314 et
284 2284 417 2324 fortiter)
437 2287 505 2324 plus
526 2285 642 2321 tulisse,
662 2296 755 2326 quam

98 2334 205 2371 puellae
227 2333 424 2363 infirmiorem
449 2340 573 2364 aetatem
597 2340 627 2364 et
648 2345 755 2364 sexum

99 2381 176 2412 ferre
196 2390 298 2423 putes,
319 2382 371 2412 sed
392 2393 423 2413 se
445 2391 513 2424 post
536 2382 616 2412 hanc
636 2388 755 2413 tantam

99 2435 130 2460 et
145 2430 322 2461 diuturnam
337 2442 474 2473 pugnam
491 2432 616 2462 tandem
631 2443 753 2471 supera-

102 2484 158 2508 tem
171 2488 250 2509 esse.

124 2528 199 2557 549.
218 2527 359 2566 Propiore
372 2529 463 2568 ligari
474 2539 485 2564 ,·
502 2528 672 2559 Vossianus
684 2539 752 2567 pro-

97 2576 178 2614 piore
187 2578 290 2606 teneri.
302 2576 371 2606 Hoc
382 2576 508 2606 verbum
516 2586 590 2607 sane
599 2582 630 2607 et
639 2577 678 2607 de
687 2577 753 2608 vin-

99 2624 170 2654 culo
182 2628 213 2654 et
222 2624 261 2655 de
275 2625 451 2655 amantibus
460 2624 574 2656 dicitur
585 2636 593 2663 3
611 2625 664 2656 sed
675 2636 752 2666 quo—

103 2670 185 2703 niam
203 2679 297 2704 tecum
312 2673 446 2710 additur,
462 2675 553 2715 ligari
569 2684 674 2705 verum
689 2682 747 2705 est.

1385 1639 1478 1683 554

867 1754 942 1784 550.
978 1753 1082 1783 Liceat
1110 1763 1164 1793 per
1190 1752 1286 1791 leges,
1314 1751 1400 1792 nefas
1427 1763 1480 1794 per

825 1808 965 1832 naturam
981 1814 986 1830 ;
1012 1801 1080 1832 Cic.
1104 1812 1157 1842 pro
1176 1800 1247 1830 Mil.
1267 1801 1316 1830 16.
1333 1802 1408 1840 quod
1426 1808 1480 1831 aut

821 1861 875 1890 per
899 1856 1041 1880 naturam
1055 1850 1111 1890 fas
1137 1855 1219 1883 esset,
1243 1854 1297 1878 aut
1323 1859 1375 1887 per
1403 1851 1478 1890 leges

823 1900 936 1928 liceret.
972 1897 1118 1927 Examina
1139 1903 1265 1932 servent,
1291 1897 1478 1933 examinent,

822 1952 960 1988 perstent
970 1945 1147 1976 examinare
1158 1946 1253 1986 legeS,
1263 1951 1297 1975 ut
1307 1947 1477 1987 servareju-

823 1997 934 2026 dicium
949 2006 1045 2030 sunm,
1062 1994 1093 2024 in
1109 2005 1144 2024 eo
1155 2003 1350 2035 perseverare
1364 2005 1371 2031 ;
1394 1995 1475 2024 Bur-

824 2054 955 2074 mannus
983 2049 1088 2073 tamen
1113 2042 1221 2072 mallet
1244 2048 1368 2077 versent,
1395 2042 1478 2083 quod

824 2092 934 2123 melius
959 2091 1158 2132 responderet
1185 2092 1231 2131 τῷ
1252 2093 1420 2130 inquirant,
1447 2098 1478 2121 et

824 2152 939 2171 versure
950 2142 1084 2170 examina
1097 2139 1214 2170 dictum
1229 2149 1305 2174 esse,
1317 2145 1352 2169 ut
1362 2151 1478 2170 versare

823 2190 999 2228 esernplariu
1015 2200 1111 2229 graeca
1123 2188 1205 2229 apud
1222 2188 1396 2223 Horatium,
1408 2188 1477 2218 Art.

824 2239 913 2269 Poet.
936 2238 1009 2268 268.
1056 2237 1098 2267 At
1117 2237 1200 2267 aliud
1220 2242 1266 2267 est
1290 2247 1407 2266 versare
1429 2248 1475 2267 ez:—

823 2289 977 2326 emplaria,
999 2285 1084 2316 aliud
1103 2288 1246 2316 examina.
1296 2285 1475 2322 Temeraria,

823 2335 943 2376 legibus
973 2340 1003 2365 et
1032 2339 1142 2364 natura
1171 2332 1335 2374 prohibita.
1393 2334 1477 2367 Quid

822 2385 920 2419 liceat,
943 2389 1005 2414 etc.
1045 2382 1192 2423 Vulgaris
1210 2382 1382 2422 juventutis
1404 2393 1475 2423 pec-

821 2431 921 2462 cantis
944 2431 1116 2462 excusatio.
1165 2431 1322 2470 Sequimur
1347 2433 1477 2470 exemplu

822 2481 963 2515 Deorum,
984 2487 1018 2510 ut
1042 2479 1173 2510 Chaerea
1192 2478 1275 2520 apud
1295 2479 1474 2510 Terentium

821 2530 901 2559 Eun.
928 2529 991 2558 111.
1016 2539 1047 2558 v.
1073 2528 1114 2558 36
1139 2538 1207 2568 sqq.
1256 2527 1397 2567 Exempla
1419 2529 1473 2559 Sa-

820 2577 912 2613 turni,
923 2576 1020 2613 Jovis,
1037 2576 1168 2612 Oceani,
1185 2575 1237 2616 qui
1254 2585 1324 2606 suas
1340 2575 1473 2608 habuere

819 2635 943 2657 sorores.
