1779 3130
377 167 993 209 METAMORPHOSEON
1027 167 1145 208 Llss.
1179 167 1325 208 XIII.
1454 168 1538 209 311

160 281 308 328 Hunc
334 298 426 343 ego
451 290 754 345 poscentem,
777 298 890 328 cum
917 298 1016 344 quo
1041 288 1370 337 concurreret,
1393 298 1519 328 unus

161 358 385 405 Sustinui
407 376 416 406 :
457 366 741 420 sortemque
766 373 927 404 meam
953 358 1169 413 vovistis,
1199 358 1401 414 Achivi3

159 432 225 479 Et
247 441 423 480 vestrae
448 434 642 480 valuere
669 449 869 495 preces:
911 433 950 479 si
977 433 1194 495 quaeritis
1220 434 1367 495 hujus

161 509 427 556 Fortunam
453 526 662 572 pugnae3
704 527 801 556 non
828 527 937 556 sum
963 517 1225 573 superatus
1252 511 1313 557 ab
1339 511 1435 557 illo.
1477 514 1538 557 90

159 584 292 632 Ecce
308 585 469 633 ferunt
484 586 636 633 Troes
654 586 952 649 ferrumque,
968 588 1250 649 ignemque,
1264 586 1293 631 J
1298 603 1539 648 ovemque

160 661 219 707 In
248 662 446 709 Danaas
472 664 686 711 classes:
728 665 811 710 ubi
838 680 968 710 nunc
994 663 1235 710 facundus
1265 662 1474 709 Ulixes?

161 738 355 801 Nempe
382 755 474 801 ego
499 740 631 786 mille
657 756 767 787 meo
794 739 988 802 protexi
1015 745 1216 802 pectore
1243 755 1452 801 puppeS,

161 814 315 876 Spem
336 816 485 862 vestri
512 815 726 862 reditus:
768 816 883 862 date
908 822 982 862 tot
1005 831 1094 877 pro
1119 814 1326 861 navibus
1353 830 1502 860 arma.

161 889 308 943 Quod
335 891 373 937 si
400 908 515 939 vera
538 893 653 939 licet
678 892 796 938 mihi
822 892 1002 946 dicere,
1031 892 1265 953 quaeritur
1290 891 1411 946 istis,
1477 894 1539 937 95

162 965 324 1019 Quam
368 967 504 1024 mihi,
544 969 699 1030 major
741 969 925 1015 honos:
975 969 1340 1030 conjunctaque
1386 967 1541 1029 gloria

358 1050 526 1091 nostra
550 1051 652 1099 est3

158 1117 328 1181 Atque
353 1120 484 1182 Ajax
511 1121 675 1176 armis,
703 1137 800 1167 non
825 1119 969 1183 Ajaci
994 1136 1128 1166 arma
1152 1126 1402 1182 petuntur.
1438 1121 1538 1180 [na,

162 1195 398 1243 Conferat
422 1197 496 1242 his
523 1197 726 1244 Ithacus
748 1196 990 1253 Rhesum,
1011 1196 1362 1258 imbellemque
1387 1195 1538 1241 Dolo-

204 1332 255 1362 87.
273 1332 453 1368 Poscentem,
465 1338 680 1374 provocantem
698 1333 736 1363 ad
750 1344 815 1363 cer-

161 1385 265 1410 tamen
281 1380 454 1421 singulare}
472 1381 510 1412 11.
525 1385 566 1412 H.
583 1382 622 1411 67
639 1392 710 1422 sqq.
748 1382 816 1412 Hoc

160 1428 254 1468 igitur
279 1429 333 1458 diu
358 1434 429 1460 ante
453 1429 585 1460 factum.
633 1430 818 1461 Concurrere

160 1477 198 1508 de
214 1478 381 1508 certamine
400 1478 560 1519 singulari.
606 1479 758 1509 Sustinere
778 1479 817 1509 de

159 1536 207 1561 eo,
229 1527 281 1567 qui
310 1536 415 1567 parem
446 1537 477 1557 se
502 1527 621 1568 praebet
643 1527 819 1558 adversario

159 1574 286 1605 viribus.
335 1575 524 1605 Obtulerunt
539 1586 570 1605 se
587 1575 625 1605 ad
644 1575 699 1605 hoc
717 1582 817 1606 certa-

160 1633 230 1654 men
260 1634 369 1654 novem
398 1624 514 1660 heroes,
540 1635 556 1654 e
583 1624 696 1665 quibus
720 1635 816 1654 unum

159 1678 239 1702 sorte
255 1672 432 1713 eligendum
452 1683 518 1704 esse
536 1678 643 1703 auctor
664 1673 722 1703 fuit
737 1674 817 1703 Nes-

160 1727 217 1751 tor.
275 1721 353 1751 Tum
391 1721 495 1751 Graeci
532 1728 675 1752 voverunt
713 1728 817 1752 sortem

161 1771 264 1809 Ajucis
289 1769 390 1811 (quod
426 1771 595 1801 Burmann.
626 1770 750 1801 dubitat
779 1781 818 1801 an

161 1819 234 1848 satis
255 1819 400 1850 Latinum
423 1819 491 1856 sit,)
509 1825 590 1855 vota,
605 1830 712 1860 preces
736 1820 818 1850 feee-

159 1873 241 1902 runt,
257 1873 291 1897 ut
310 1878 375 1898 sors
392 1868 498 1909 Ajacis
512 1868 619 1903 exiret,
637 1879 817 1910 quanquam

159 1920 191 1945 et
214 1915 292 1946 duos
313 1916 389 1946 alios
406 1922 476 1947 voto
495 1927 551 1946 suo
574 1916 816 1958 comprehende—

158 1969 241 1995 runt.
279 1965 438 1995 Voverunt
453 1964 535 1995 enim
551 1964 599 1995 his
614 1965 731 1995 verbis:
758 1968 817 1996 Ζεῦ

160 2011 273 2053 πάτερ,
298 2014 318 2051 ἢ
345 2013 476 2044 Αἴαντα
499 2014 629 2054 λαχεῖν,
655 2015 674 2052 ἣ
702 2013 818 2051 Τυδέος

160 2061 240 2097 υἱὸν,
256 2060 294 2093 Ἠ
311 2062 411 2093 αὐτὸν
425 2063 573 2103 βασιλῆα
596 2063 817 2105 πολυχρύσοιο

163 2110 333 2149 Μυκήνης·
350 2122 414 2141 ver.
435 2112 504 2142 179.
553 2112 659 2142 Valent
673 2123 771 2151 preces
785 2118 815 2143 et

160 2165 227 2188 vota
241 2160 322 2199 (ver.
341 2159 429 2197 128.)
450 2171 546 2200 quum
565 2161 608 2196 fit,
625 2160 709 2201 quod
724 2171 816 2191 vove-

160 2217 275 2242 ramus,
290 2209 406 2248 precati
423 2219 554 2238 eramus.
602 2210 670 2239 Non
689 2220 750 2239 sum
767 2220 815 2239 su-

156 2262 298 2294 peratus;
322 2256 415 2286 immo
431 2267 527 2297 quum
543 2257 639 2287 hastis
655 2257 731 2286 nihil
748 2268 816 2298 pro-

159 2304 313 2340 fecissent,
330 2310 361 2334 et
378 2315 425 2336 res
444 2305 482 2335 ad
501 2316 575 2336 saxa
591 2305 736 2341 venisset,
752 2311 816 2335 tum

160 2362 284 2394 quoque
319 2353 437 2394 ingenti
476 2365 549 2384 saxo
586 2354 694 2384 stravit
730 2355 814 2384 Hec-

159 2406 276 2439 torem;
312 2413 374 2433 ver.
401 2403 473 2432 270.

158 2460 285 2491 pugnae.

202 2500 255 2530 93.
272 2500 382 2539 Nempe
397 2512 458 2541 ega,
470 2500 551 2540 etc.]
570 2501 608 2530 Il.
621 2504 659 2531 Ο.
674 2501 735 2530 745
748 2510 816 2540 sqq.

159 2548 215 2578 Est
238 2554 341 2579 autem
365 2560 465 2588 nempe
489 2560 546 2579 vox
570 2550 647 2590 ejus,
671 2549 724 2590 qui
750 2549 814 2589 ipse

160 2596 217 2626 sibi
235 2597 411 2638 respondet.

204 2645 257 2675 95.
286 2646 441 2678 Quaeritur
465 2648 536 2681 istis,
552 2646 631 2685 etc.]
659 2647 813 2676 Prrsclura

162 2693 239 2723 foret
261 2695 425 2730 sententia,
448 2695 472 2725 si
495 2695 573 2726 alius
598 2695 628 2725 id
656 2696 694 2726 de
719 2696 816 2735 Ajace

535 2404 682 2439 Fortuna,
715 2403 817 2434 exitus

883 1333 1023 1368 dixisset,
1042 1343 1102 1363 non
1117 1332 1183 1374 ipse
1197 1331 1235 1362 de
1251 1342 1296 1362 se.
1342 1331 1448 1362 Simile
1464 1331 1542 1361 illud

885 1381 968 1422 apud
984 1381 1101 1412 Valerii
1124 1382 1213 1411 Max.
1230 1381 1308 1411 VII.
1326 1392 1354 1410 v.
1369 1381 1405 1410 6:
1431 1384 1452 1397 ‘¹
1470 1380 1541 1409 Non

885 1430 997 1461 Catoni
1026 1435 1172 1471 praetura,
1201 1429 1254 1459 sed
1288 1434 1427 1470 praeturae
1463 1428 1542 1458 Cato

885 1485 1017 1520 negatus
1032 1479 1111 1509 est.''
1155 1479 1321 1513 Qua-ritum
1336 1483 1542 1519 comparatur.

928 1530 982 1559 98.
1014 1529 1140 1563 Rhesus,
1172 1538 1225 1558 rex
1253 1527 1420 1562 Thracum,
1446 1537 1541 1567 equos

886 1577 1022 1607 habebat
1051 1577 1201 1606 maximos
1233 1581 1263 1606 et
1296 1575 1541 1617 pulcherrimos3

884 1626 922 1656 ΙΙ.
940 1630 980 1656 K.
998 1626 1078 1656 435:
1103 1636 1173 1656 eum
1188 1635 1259 1655 cum
1279 1624 1368 1654 sociis
1386 1623 1541 1654 interfecit

884 1674 1064 1705 Diomedes.
1110 1674 1195 1704 Inter
1213 1673 1330 1704 caedem
1346 1683 1471 1714 operam
1487 1673 1542 1704 de-

884 1723 929 1754 dit
954 1723 1093 1764 Ulysses,
1117 1728 1152 1753 ut
1177 1723 1244 1764 ejus
1268 1721 1356 1762 equis
1381 1721 1541 1762 potiretur,

885 1783 947 1803 ver.
963 1773 1025 1802 489
1042 1783 1110 1813 sqq.
1159 1772 1270 1806 Dolon,
1286 1771 1447 1812 Trojanus,
1463 1771 1541 1801 facie

886 1822 995 1862 turpis,
1017 1821 1070 1852 sed
1095 1820 1225 1862 pedibus
1248 1820 1347 1855 velox,
1368 1819 1542 1861 explorator

884 1870 969 1901 venit
983 1870 1015 1900 in
1031 1876 1132 1900 castra
1148 1870 1339 1900 Graeeorum.
1372 1868 1541 1908 Cognitum

884 1918 1038 1960 persecuti
1061 1923 1133 1948 sunt
1156 1916 1326 1948 Diomedes
1348 1921 1379 1947 et
1402 1917 1542 1957 Ulysses.

885 1969 990 2005 Quum
1015 1973 1125 2008 captus
1151 1972 1243 2001 esset,
1269 1965 1404 2007 pallidus
1425 1972 1456 1996 et
1481 1972 1541 1996 tre-

885 2028 971 2047 mens
988 2027 1060 2047 auro
1075 2026 1197 2057 aereque
1213 2015 1307 2046 vitam
1324 2014 1473 2045 redimere
1490 2025 1540 2045 vo-

886 2065 963 2102 luit3
989 2064 1061 2095 hinc
1090 2065 1212 2095 imbellis
1236 2063 1359 2093 Dolon:
1384 2063 1438 2093 sed
1464 2062 1540 2093 Dio-

885 2114 990 2144 medes
1007 2124 1077 2144 eum
1093 2113 1247 2144 interfecit
1263 2123 1354 2150 ense3
1369 2112 1410 2142 Il.
1426 2116 1466 2143 K.
1478 2113 1541 2142 314

883 2173 951 2204 sqq.
997 2163 1117 2192 Fortem
1146 2161 1266 2192 inducit
1288 2161 1445 2191 Dolonem
1470 2161 1540 2191 Vir-

883 2211 987 2251 gilius,
1004 2211 1078 2240 fEn.
1095 2210 1149 2240 xii.
1167 2211 1229 2240 345
1245 2220 1315 2250 sqq.
1348 2210 1398 2239 De
1414 2209 1540 2245 Heleno,

884 2259 999 2290 Priami
1025 2259 1098 2294 filio,
1123 2259 1161 2289 ab
1186 2259 1297 2300 Ulysse
1324 2263 1410 2299 rapto
1436 2258 1542 2289 confer

884 2308 1078 2349 Sophoclem,
1103 2307 1238 2338 Philoct.
1253 2308 1312 2337 601
1330 2317 1398 2347 sqq.
1418 2306 1471 2347 qui
1495 2312 1541 2337 ta-

885 2366 955 2386 men
980 2366 1036 2386 nec
1060 2355 1222 2386 Diomedis
1245 2354 1431 2385 mentionem
1456 2354 1541 2391 facit,

885 2416 941 2436 nec
960 2404 1036 2435 dicit
1051 2405 1107 2434 hoc
1124 2405 1240 2435 factum
1262 2415 1339 2439 esse,
1356 2414 1451 2444 quum
1467 2403 1539 2434 Pal-

884 2454 1000 2484 ladium
1028 2459 1197 2494 raperetur.
1242 2454 1362 2493 Nempe
1387 2464 1455 2482 cum
1479 2463 1539 2483 non

884 2502 1011 2538 indicat,
1028 2502 1110 2531 idern
1130 2501 1238 2531 eodem
1258 2507 1392 2542 tempore
1412 2501 1540 2538 factum,

884 2551 938 2581 sed
952 2551 1014 2581 duo
1029 2550 1150 2581 diversa
1161 2550 1330 2591 conjungit,
1344 2555 1374 2579 et
1385 2549 1540 2580 Helenum

884 2604 1024 2640 captum,
1041 2605 1072 2629 et
1092 2599 1223 2629 Pallada
1246 2604 1377 2637 raptam.
1424 2598 1539 2634 Pallas,

885 2647 1075 2682 Palladium,
1094 2658 1110 2677 e
1129 2647 1210 2677 coelo
1232 2647 1394 2688 delapsum
1410 2652 1440 2677 et
1459 2647 1537 2677 anti-

885 2706 947 2735 qua
963 2695 1109 2735 religione
1125 2696 1243 2726 cultum
1259 2706 1276 2725 a
1291 2694 1440 2736 Trojanis,
1456 2695 1538 2735 quod
