1779 3130
214 151 297 192 172
604 151 655 191 P.
689 150 899 191 OVIDII
933 150 1212 191 NASONIS

223 265 316 311 Est
339 266 492 311 honor
517 271 568 311 et
591 265 834 321 lacrimis3
874 265 1159 327 stillataque
1185 264 1368 311 cortice
1395 264 1601 326 Myrrha

224 341 419 388 Nomen
443 340 595 387 herile
616 348 769 396 tenet,
794 341 1016 403 nullique
1038 342 1283 388 tacebitur
1307 357 1425 387 aevo.
1455 341 1600 402 [fans‚

288 416 437 463 VIII.
466 415 533 462 At
547 417 674 463 male
691 424 962 479 conceptus
979 417 1070 462 sub
1092 418 1263 463 robore
1288 424 1508 463 creverat
1531 417 1603 462 in-

225 493 593 554 Quaerebatque
617 492 761 546 viam,
791 508 891 554 qua
909 508 977 547 se,
1007 493 1256 554 genetrice
1282 493 1467 548 relicta,
1508 496 1602 539 504

226 569 491 616 Exereret:
528 570 693 616 media
718 569 947 631 gravidus
973 576 1132 616 tumet
1157 570 1328 616 arbore
1352 576 1545 616 venter:

225 645 407 692 Tendit
422 662 545 691 onus
562 652 768 692 matrem
782 664 791 700 3
812 661 902 692 nec
919 645 1105 692 habent
1120 661 1209 691 sua
1222 646 1373 691 verba
1387 645 1603 701 dolores;

227 721 335 769 Nec
364 721 551 768 Lucina
576 729 741 785 potest
766 722 1002 785 parientis
1028 738 1148 768 voce
1173 722 1351 768 vocari.

229 798 424 845 Nitenti
450 805 615 844 tamen
635 806 712 845 est
736 799 926 854 similis,
955 806 1255 860 curvataque
1279 799 1477 846 crebros

230 876 330 922 Dat
348 876 562 937 gemitus
589 876 748 931 arbor,
776 876 1093 938 lacrimisque
1110 875 1404 921 cadentibus
1420 877 1607 922 humet.

232 952 471 998 Constitit
496 952 558 998 ad
584 968 744 998 ramos
765 952 897 998 mitis
926 951 1113 998 Lucina
1137 952 1378 1006 dolentes,
1515 956 1611 999 510

230 1028 565 1090 Admovitque
591 1045 784 1085 manus,
812 1036 861 1075 et
884 1029 1034 1075 verba
1059 1044 1301 1091 puerpera
1325 1028 1465 1074 dixit.

231 1105 390 1151 Arbor
415 1105 518 1166 agit
543 1105 706 1160 rimas,
735 1112 784 1151 et
807 1105 925 1152 fissa
949 1105 1133 1151 cortice
1156 1103 1320 1150 vivum
1517 1105 1614 1166 [bis

234 1181 422 1228 Reddit
446 1198 585 1236 onim,
611 1182 844 1244 vagitque
881 1198 1030 1245 puer3
1073 1198 1222 1244 quem
1248 1181 1478 1227 mollibus
1504 1182 1613 1228 her-

234 1257 423 1305 Na'ides
448 1258 735 1320 impositum
758 1258 974 1305 lacrimis
1000 1274 1187 1304 unxere
1213 1257 1430 1320 parentis
1453 1275 1462 1304 :

236 1334 483 1382 Laudaret
500 1334 676 1382 faciem
699 1336 820 1382 livor
841 1351 1064 1398 quoque;
1096 1335 1490 1397 qualianamque
1519 1337 1614 1381 515

279 1467 460 1497 503—739.
485 1468 608 1503 Adonis,
633 1478 670 1498 ex
694 1468 751 1498 hoc
775 1469 893 1499 incesto

238 1514 405 1545 concubitu
429 1521 532 1550 natus,
548 1522 670 1556 propter
685 1516 894 1557 pulchritudi-

237 1574 308 1594 nem
325 1571 444 1594 amatur
463 1574 482 1594 a
497 1566 631 1595 Venere.
676 1565 895 1606 Apollodorus,

1006 1470 1078 1499 510.
1097 1468 1414 1503 Constitit—Lucina,
1431 1467 1506 1507 etc.]
1523 1467 1617 1509 Apud

964 1517 1135 1557 Hyginum,
1161 1517 1225 1547 fab.
1254 1517 1325 1547 164.
1351 1522 1382 1547 et
1408 1516 1618 1556 Fulgentium‚

963 1565 1007 1595 iii.
1031 1568 1062 1596 8.
1087 1571 1174 1606 pater
1195 1565 1300 1606 gladio
1327 1565 1397 1596 ferit
1416 1566 1566 1600 arborem,
1587 1571 1619 1596 et

237 1612 301 1643 III.
326 1612 386 1643 xiv.
415 1614 454 1649 43
477 1613 603 1644 Tzetzes
632 1613 662 1643 in
686 1613 839 1655 Lycophr.
867 1625 896 1655 p.

244 1662 326 1699 1333
352 1661 507 1702 Hyginus,
524 1661 589 1692 fab.
604 1663 772 1692 248—271
788 1675 793 1692 ε
820 1673 895 1693 eun-

240 1710 312 1740 dem
335 1711 476 1751 mytbum
502 1710 658 1741 Hesiodus
681 1716 712 1741 et
734 1711 896 1752 Panyasis,

240 1760 279 1790 ab
317 1759 506 1800 Apollodoro
548 1759 680 1795 laudati,
719 1761 897 1791 retulerant.

240 1808 299 1838 Ille
313 1807 438 1837 Adonin
455 1808 616 1838 Phoenicis
631 1815 661 1838 et
675 1809 896 1850 Alphesiboeae,

241 1856 292 1886 hic
306 1856 460 1892 Thintis,
479 1857 675 1898 Assyriorum
690 1857 783 1898 regis,
801 1858 898 1888 filium

241 1905 367 1936 fecerat.
428 1906 523 1941 Male,
563 1906 679 1936 nefario
717 1907 896 1938 concubitu.

241 1954 303 1984 Sed
318 1959 423 1994 partus
438 1953 643 1994 prodigiosus.
679 1954 740 1984 Sed
756 1962 787 1985 et
801 1956 897 1997 Apol·

243 2002 366 2033 lodorus
383 2001 596 2043 δεκαμηνιαίῳ
619 2002 649 2033 δὲ
672 2002 808 2044 ὕστερον
823 2005 899 2044 χρό-

244 2064 303 2092 νῳ,
322 2053 379 2082 τοῦ
401 2049 532 2090 δένδρου
556 2050 724 2092 ῥαγέντος,
739 2054 900 2093 γεννηθῆ-

246 2112 302 2131 ναι
317 2100 376 2130 τὸν
392 2099 569 2140 λεγόμενον
586 2099 740 2131 ”Αῐ“”ωνιν.
778 2101 901 2132 vividis

245 2148 398 2178 coloribus
428 2147 537 2178 mulier
562 2149 734 2189 parturiens
755 2149 900 2179 describi-

247 2203 305 2227 tur.
347 2197 465 2232 Tendit,
481 2196 621 2227 extendit
636 2209 643 2234 3
662 2198 766 2228 Amor.
781 2198 825 2227 II.
837 2198 901 2228 xiii.

247 2246 299 2275 20.
330 2246 423 2275 latens
453 2256 575 2284 corpora
603 2247 698 2276 tendit
724 2257 815 2282 0111¹S,·
841 2247 902 2276 alia

246 2295 316 2324 loca
337 2293 463 2333 collegit
480 2293 687 2324 Burmannus.
736 2294 831 2325 Arbor
847 2295 901 2325 illa

246 2353 303 2373 nec
332 2349 470 2377 ventrem,
495 2352 551 2372 nec
576 2344 687 2373 dolores
711 2342 825 2373 habere
848 2354 901 2384 po-

248 2397 338 2425 terat,
353 2390 426 2431 quia
441 2401 505 2420 ver.
523 2391 595 2420 499.
609 2401 678 2420 cum
697 2401 820 2431 corpore
834 2403 903 2422 sen-

248 2450 299 2470 sus
308 2439 446 2470 amisisse
458 2439 582 2470 dicitur.
598 2440 901 2471 Rectiuslacriinan-

249 2494 311 2518 tem
327 2488 441 2527 fingere
457 2487 556 2528 potuit
571 2494 694 2529 propter
709 2499 771 2518 ver.
787 2489 859 2518 500.

293 2537 365 2567 508.
392 2537 513 2566 Crebros
531 2538 584 2566 dut
598 2536 749 2577 gemitus]
775 2537 902 2568 Floren-

249 2584 333 2614 tinus
349 2585 378 2613 S.
395 2585 497 2615 Marci
511 2587 609 2624 spissos
622 2587 674 2615 dat
693 2588 832 2626 gemitus,
851 2597 904 2627 pro

250 2632 369 2662 diversa
381 2632 512 2663 lectione
523 2645 530 2670 3
543 2633 620 2673 quod
636 2633 786 2674 exemplis
795 2635 834 2664 ab
847 2634 902 2665 hoc

252 2681 318 2711 loco
335 2680 443 2711 alienis
459 2681 610 2712 illustrare
628 2683 691 2712 vult
705 2683 858 2714 Heinsius.

963 1614 1007 1644 sic
1024 1614 1126 1655 prodit
1141 1614 1273 1644 Adonis.
1313 1613 1406 1656 Apud
1424 1614 1618 1644 Antoninum

964 1668 1063 1692 mater
1091 1663 1232 1693 abortum
1257 1663 1342 1698 facit,
1364 1668 1395 1693 et
1415 1662 1509 1692 Thias
1532 1668 1619 1703 pater

964 1721 996 1742 se
1017 1711 1173 1743 interficit.
1220 1712 1316 1747 Mitis,
1332 1711 1406 1752 quia
1426 1721 1482 1741 sua
1499 1717 1620 1752 sponte,

965 1771 1025 1790 non
1040 1766 1161 1795 vocata,
1178 1761 1266 1790 adest
1284 1760 1435 1791 laboranti
1449 1773 1454 1789 :
1481 1760 1556 1790 alibi
1579 1762 1620 1791 Ie-

966 1811 1012 1838 nis
1025 1808 1154 1841 Lucina.
1199 1811 1247 1839 Ad
1272 1820 1374 1844 ramos,
1401 1808 1440 1839 ad
1465 1809 1618 1839 arborem.

968 1858 1134 1896 Puer-pera,
1154 1868 1221 1898 quae
1239 1858 1388 1899 adjuvant
1403 1858 1598 1899 puerperium
1613 1871 1619 1888 :

967 1912 1074 1936 contra
1105 1907 1148 1936 ix.
1178 1907 1253 1936 301.
1292 1906 1480 1936 carminibus
1515 1913 1621 1948 partus

966 1955 1126 1985 Alcmenae
1142 1955 1342 1985 retinebatur.

1011 2005 1084 2034 512.
1111 2004 1193 2033 fissa
1215 2004 1349 2044 cortica]
1368 2004 1513 2046 Plerique
1526 2005 1620 2044 fisso5

968 2052 1021 2082 sed
1038 2051 1108 2082 vide
1126 2051 1288 2082 Heinsium
1303 2052 1341 2082 ad
1358 2053 1400 2083 iv.
1415 2053 1488 2084 375.

1011 2102 1084 2131 515.
1113 2101 1276 2135 Laudaret,
1293 2101 1370 2140 etc.]
1398 2101 1447 2131 De
1470 2102 1527 2132 hoc
1553 2113 1622 2143 pro-

970 2149 1073 2179 verbio
1090 2149 1158 2179 vide
1173 2149 1211 2179 ad
1226 2150 1266 2180 vi.
1283 2150 1360 2180 129:
1386 2151 1489 2180 confer
1504 2151 1568 2181 III.
1585 2162 1622 2181 ex

969 2199 1058 2228 Pont.
1081 2198 1103 2227 i.
1126 2200 1175 2229 82.
1203 2199 1266 2228 Xec
1290 2206 1317 2228 te
1339 2201 1362 2229 si
1384 2203 1485 2238 cupiat
1509 2201 1623 2234 Ioedere.

970 2248 1044 2277 livor
1059 2249 1153 2277 Imber.
1191 2247 1381 2288 Pinguntnr.
1413 2249 1548 2285 Quintus
1561 2251 1623 2279 Pa-

968 2296 1081 2326 latinus
1095 2298 1291 2333 scribu1ilur,·
1319 2308 1396 2327 unus
1412 2296 1532 2328 Heinsii
1545 2309 1623 2337 pan-

968 2353 1099 2386 guntur.
1116 2346 1264 2376 Burman.
1281 2347 1413 2387 praesert,
1430 2347 1512 2388 quod
1528 2348 1622 2379 Fran-

970 2393 1152 2424 cofurtensis
1164 2395 1233 2424 MS.
1247 2395 1352 2431 habet,
1362 2398 1623 2439 pmzimt11r‚cujus

968 2443 1076 2482 glossae
1101 2445 1274 2483 pinguntur
1298 2449 1328 2473 et
1349 2445 1473 2485 reliquae
1491 2446 1622 2477 varieta-

971 2496 1016 2521 tes
1044 2491 1117 2526 sint,
1143 2492 1215 2532 quia
1244 2504 1355 2534 ponere
1384 2494 1535 2534 exquisite
1563 2506 1623 2527 non

972 2539 1062 2569 modo
1082 2540 1120 2570 de
1141 2541 1307 2577 statuariis,
1324 2541 1376 2571 sed
1396 2542 1489 2572 etiam
1506 2543 1543 2573 de
1559 2543 1624 2584 pic-

970 2588 1086 2618 toribus
1114 2591 1255 2624 occurrit,
1281 2595 1315 2620 ut
1340 2590 1421 2632 apud
1448 2591 1625 2629 Horatium,

971 2637 1032 2667 Od.
1049 2637 1106 2668 IV.
1125 2637 1204 2668 viii.:
1230 2638 1334 2669 confer
1350 2639 1403 2669 xii.
1415 2640 1488 2670 398.
