1779 3130
348 169 963 212 METAMORPHOSEON
997 170 1116 211 LIB.
1149 170 1286 212 XIV.

1428 171 1514 211 389

132 284 421 346 Spargimur
445 283 666 330 innocuae
691 284 852 330 succis
879 285 1161 331 melioribus
1187 285 1370 340 herbae,

128 358 541 421 Percutiniurque
562 366 714 421 caput
729 375 977 406 conversae
992 361 1194 406 verbere
1209 360 1356 422 virgae
1375 378 1385 417 ;
1415 363 1512 406 300

128 435 393 496 Verbaque
417 436 649 481 dicuntur
673 435 820 481 dictis
847 436 1091 482 contraria
1115 436 1293 482 verbis,

128 510 238 564 Quo
264 511 419 572 magis
446 511 527 558 illa
551 511 700 567 canit,
723 511 880 573 magis
907 512 999 558 hoc
1025 512 1200 558 tellure
1221 513 1366 558 levati

129 586 399 648 Erigimur:
440 594 662 649 setaeque
687 588 899 643 cadunt3
930 588 1209 649 bifidosque
1235 589 1468 651 relinquit

130 663 277 709 Rima
301 663 484 725 pedes;
525 663 734 709 redeunt
757 663 974 718 humeri;
1017 663 1242 726 subjecta
1266 664 1462 711 lacertis

130 738 343 785 Brachia
368 748 504 786 sunt:
540 739 742 787 flentem
766 740 942 786 flentes
967 739 1308 802 amplectimur
1334 741 1488 795 illum,

124 814 485 878 Haeremusque
511 815 652 862 ducis
679 816 833 862 collo:
865 832 954 863 nec
979 817 1129 863 verba
1152 816 1305 863 locuti

1409 820 1506 864 306

129 891 244 938 Ulla
267 892 428 954 priora
453 908 638 947 sumus,
668 908 817 955 quam
843 909 931 939 nos
958 893 1194 939 testantia
1217 899 1398 954 gratos.

190 969 371 1015 Annua
395 984 484 1015 nos
510 968 610 1015 illic
636 970 796 1016 tenuit
819 985 981 1017 mora:
1012 970 1266 1032 multaque
1293 986 1511 1032 praesens

122 1044 367 1108 Tempore
392 1052 492 1092 tam
516 1046 664 1108 longo
684 1046 798 1102 vidi,
822 1047 977 1093 multa
1001 1046 1200 1093 auribus
1226 1046 1383 1093 hausi.

126 1121 236 1168 Hoc
247 1138 447 1185 quoque
462 1139 575 1169 cum
592 1124 775 1179 multiS,
790 1124 923 1186 quod
934 1123 1062 1169 clam
1073 1122 1192 1168 mihi
1209 1123 1401 1170 rettulit
1416 1139 1513 1169 una

124 1197 348 1251 Quatuor
373 1215 399 1245 e
423 1198 634 1255 famulis,
663 1199 725 1245 ad
750 1199 867 1245 talia
891 1215 1031 1246 sacra
1056 1198 1256 1261 paratis.

126 1274 254 1320 Cum
279 1275 406 1321 duce
431 1291 648 1337 namque
674 1291 784 1321 meo
812 1274 958 1321 Circe
984 1274 1102 1319 dum
1129 1275 1234 1320 sola
1254 1281 1484 1328 moratur,

125 1349 219 1396 Illa
243 1350 362 1396 mihi
388 1351 530 1397 niveo
554 1351 739 1397 facturn
765 1351 827 1396 de
855 1366 1097 1397 marmore
1123 1350 1317 1412 signum

126 1425 360 1472 Ostendit
380 1427 612 1489 juvenile,
640 1443 815 1488 gerens
842 1427 890 1473 in
916 1427 1099 1473 vertice
1127 1426 1311 1488 picum,

125 1502 250 1548 AEde
270 1518 408 1549 sacra
426 1502 659 1565 positum,
681 1502 952 1565 multisque
974 1502 1164 1564 insigne
1183 1502 1393 1549 coronis.
1415 1505 1510 1549 315

124 1578 248 1633 Quis
273 1579 413 1635 foret,
437 1586 487 1626 et
512 1595 664 1642 quare
691 1595 830 1627 sacra
856 1580 1099 1627 coleretur
1124 1579 1172 1624 in
1198 1580 1320 1634 aede,

122 1727 234 1758 socios.
283 1728 474 1767 Spargimur,
489 1733 549 1757 ete.
567 1726 784 1769 προσάλειφεν

121 1774 244 1817 ἑκάστῳ
271 1774 440 1817 φάρμακον
468 1774 572 1806 ἅλλοε
612 1787 674 1816 quo
703 1777 784 1806 facto

122 1831 188 1854 setae
203 1826 328 1860 cadunt,
344 1824 451 1865 τρίχες
466 1823 576 1865 ἕῤῥεον
592 1825 666 1855 392.

165 1874 239 1903 300.
268 1873 394 1903 Verbere
418 1875 519 1913 virgae,
536 1873 632 1913 virga.
680 1874 786 1904 Lerati

122 1924 269 1962 erigimur
284 1932 300 1952 e
318 1921 408 1962 copia
423 1920 545 1962 poetica
558 1921 675 1952 dictum
689 1934 697 1960 ;
713 1933 785 1953 nam

122 1975 154 2000 et
183 1971 277 2000 levari
305 1976 352 2000 est
382 1970 468 2010 erigi.
528 1970 663 2001 Brachia
691 1978 784 2008 sunt,-

115 2020 253 2059 flentem.
313 2018 462 2049 Heinsius
490 2023 601 2060 putat:
629 2019 785 2050 Brachia:

125 2069 330 2108 tumfleritem.
376 2068 523 2102 Flentem,
535 2072 597 2098 etc.
614 2068 692 2109 ἔφυν
710 2068 736 2099 τ’
750 2068 786 2100 ἐν

123 2117 235 2158 χερσὶν
264 2115 412 2153 ἕκαστος.
465 2117 576 2148 Πᾶσιν
604 2115 627 2147 δ’
655 2115 787 2159 ἱμερόεις

122 2164 223 2195 ὑπέδυ
239 2165 326 2206 γόος.

167 2215 351 2245 308—440.
367 2215 467 2251 Picus,
482 2214 628 2245 Ausoniae
643 2225 707 2251 rex,
718 2215 787 2246 Cir-

123 2274 174 2294 ces
191 2262 339 2293 veneficio
353 2268 490 2293 mutatur
506 2263 537 2292 in
552 2263 657 2304 picum
673 2273 760 2294 avem
774 2276 782 2302 3

124 2313 227 2343 confer
243 2311 356 2353 Virgil.
372 2311 425 2342 vii.
451 2313 510 2342 189
531 2322 600 2353 sqq.
646 2312 784 2343 Comites

124 2361 383 2391 transformantur
398 2361 429 2390 in
445 2360 537 2396 feras,
553 2367 584 2392 et
605 2371 681 2392 uxor
701 2372 781 2392 reso·

125 2409 192 2440 luta
219 2408 252 2438 in
280 2419 370 2439 auras
395 2409 565 2439 evanescit.
608 2409 703 2440 Picus
734 2410 782 2440 vel

125 2458 290 2499 picumnus
318 2457 428 2499 priscis
459 2457 550 2487 Italis
579 2457 658 2489 inter
682 2469 784 2489 sacras

125 2507 183 2537 suit
197 2517 279 2542 aves,
294 2505 507 2548 imprimisque
525 2507 662 2548 auguriis
675 2509 784 2549 proba-

129 2561 189 2590 tus,
204 2554 286 2585 idem
309 2555 406 2585 Marti
427 2565 529 2593 sacer;
556 2555 625 2586 vide
646 2556 786 2586 Servium

126 2603 166 2633 ad
185 2604 255 2633 AEn.
268 2603 322 2633 vii.
339 2605 409 2634 190.
449 2604 519 2634 Nisi
536 2604 642 2645 itaque
656 2604 787 2634 nominis

125 2650 338 2692 interpretatio
372 2652 509 2682 fabulam
539 2653 629 2682 istam
659 2658 786 2683 mutatae

128 2700 231 2730 formae.
259 2700 397 2742 peperit;
422 2707 495 2731 nata
519 2701 572 2731 illa
596 2712 662 2731 esse
688 2701 784 2741 potuit

849 1738 887 1757 ex
905 1727 1032 1767 antiquo
1049 1726 1136 1766 signo
1155 1725 1278 1767 juvenis
1303 1736 1374 1756 cum
1397 1726 1467 1767 pico
1484 1726 1514 1757 in

850 1775 964 1816 capite.
994 1775 1071 1806 Tale
1082 1775 1207 1816 signum
1220 1780 1370 1805 memorat
1382 1774 1516 1805 Ovidius

850 1824 881 1854 in
898 1823 1003 1854 Circes
1026 1823 1147 1854 aedibus
1167 1823 1228 1853 xiv.
1244 1824 1306 1853 313
1322 1834 1391 1864 sqq.
1407 1829 1441 1853 ut
1458 1833 1513 1853 au-

850 1872 983 1913 gurandi
1007 1872 1118 1913 peritia
1141 1872 1172 1902 in
1196 1871 1271 1902 Pico
1297 1881 1443 1912 expressa
1466 1872 1513 1902 fu-

851 1921 911 1952 isse
940 1921 1093 1952 videatur.
1139 1922 1210 1957 Quo
1239 1921 1305 1962 ipso
1338 1920 1514 1951 declaratur

852 1970 895 2007 id,
921 1969 1004 2012 quod
1029 1970 1113 2011 apud
1138 1969 1253 2010 Virgil.
1277 1969 1389 2000 lituum
1418 1979 1513 2000 manu

853 2025 939 2050 tenet
953 2020 1020 2061 ejus
1034 2019 1156 2060 signum
1172 2019 1204 2049 in
1215 2018 1319 2049 Latini
1335 2018 1420 2059 regia
1435 2017 1515 2059 posi-

854 2074 931 2104 tum,
942 2078 1005 2098 ver.
1018 2068 1090 2098 187.
1127 2066 1250 2097 Servius
1265 2077 1388 2107 quoque
1399 2066 1438 2096 ad
1451 2077 1478 2097 e.
1494 2066 1515 2096 1.

853 2127 891 2147 ex
915 2115 1158 2158 pontificialibus
1181 2115 1268 2145 libris
1293 2115 1422 2156 probare
1437 2115 1514 2150 vult,

854 2165 964 2195 Picum
980 2163 1109 2204 augurio
1132 2164 1249 2193 clarum
1266 2163 1359 2193 fuisse
1374 2163 1403 2201 ;’'
1428 2163 1515 2204 Hey-

854 2214 935 2248 nius,
952 2213 1028 2243 Exc.
1043 2224 1070 2243 v.
1087 2211 1126 2242 ad
1143 2213 1220 2242 AEn.
1239 2211 1291 2241 vii.
1334 2211 1426 2248 Quod
1442 2211 1512 2242 vir-

849 2262 941 2303 gilius
960 2261 1092 2291 breviter
1107 2260 1220 2301 attigit,
1239 2259 1268 2289 id
1288 2260 1401 2290 Noster
1423 2269 1506 2289 inore

850 2321 905 2341 suo
920 2309 1013 2340 latius
1029 2314 1213 2351 persecutus
1229 2314 1288 2338 est.

895 2359 969 2389 314.
995 2357 1163 2397 Iuvenile]
1196 2355 1399 2387 Constantius
1434 2357 1514 2386 Fan.

851 2408 975 2449 praefert
988 2417 1025 2437 ex
1036 2417 1097 2437 uno
1112 2406 1330 2445 suojuveizale,
1342 2403 1510 2445 quiajuve-

852 2457 930 2486 nolis
945 2455 1045 2497 potius
1060 2455 1305 2497 quamjuvenilis
1321 2454 1360 2484 ab
1377 2454 1513 2494 antiquis

854 2505 971 2535 dictum
987 2504 1037 2535 sit.
1070 2503 1166 2534 Multi
1179 2508 1298 2533 veteres
1314 2502 1391 2532 dant
1406 2503 1510 2532 Osten-

854 2555 934 2584 dens.
970 2553 1115 2584 Heinsius
1130 2557 1218 2593 putat
1234 2552 1305 2582 huic
1319 2551 1417 2582 versui
1433 2562 1510 2592 prae-

855 2602 1030 2643 ponendum
1066 2612 1132 2631 esse
1159 2601 1247 2631 illum
1277 2600 1330 2642 qui
1361 2600 1511 2641 sequitur,

856 2652 931 2682 AE'de
946 2662 1028 2681 sacra
1044 2653 1180 2690 positum,
1197 2656 1256 2680 etc.
