1779 3130
360 166 981 208 METAMORPHOSEON
1016 166 1133 206 LIB.
1165 166 1300 206 VIII.
1464 168 1519 208 25

135 279 200 326 Et
220 281 317 328 duo
342 281 640 335 Thestiadae,
667 281 931 343 prolesque
957 279 1208 342 Aphareia
1233 279 1479 342 Lynceus,

135 355 200 402 Et
222 357 365 403 velox
393 357 524 412 Idas,
549 364 599 403 et
617 358 722 418 jam
748 373 844 402 non
870 356 1051 403 femina
1077 357 1309 411 Caeneus,

1419 360 1514 403 305

134 431 518 495 Leucippusque
543 432 696 486 ferox,
721 432 987 494 jaculoque
1015 431 1221 493 insignis
1240 432 1474 487 AcastUS,

135 507 533 570 Hippotoosque‚
548 508 830 570 Dryasque,
843 515 892 554 et
901 514 1064 554 cretus
1077 507 1351 570 Amyntore
1369 508 1515 554 Phoe-

330 585 432 639 nix,

131 659 482 722 Actoridaeque
507 676 667 723 pares,
695 668 746 707 et
770 661 951 707 missus
978 662 1039 707 ab
1068 660 1210 707 Elide
1237 659 1489 722 Phyleus:

133 735 240 782 Nec
267 736 503 783 Telamon
529 737 714 791 aberat,
742 736 968 797 magnive
990 744 1182 783 creator
1204 736 1437 792 Achillis3

133 810 364 873 Cumque
386 811 699 866 Pheretiade,
728 819 777 858 et
802 811 1035 874 Hyanteo
1062 811 1215 866 Iolao,

1417 813 1516 857 310

132 885 351 948 Impiger
362 886 621 948 Eurytion,
636 895 685 934 et
699 903 845 934 cursu
858 887 1069 933 invictus
1083 887 1289 941 Echion,
1303 888 1514 949 [roxque

132 961 481 1024 Naryciusque
510 962 680 1017 Lelex,
704 963 1087 1025 Panopeusque,
1117 962 1428 1025 Hyleusque,
1446 961 1515 1008 fe-

132 1037 404 1101 HippaSUS,
432 1046 482 1085 et
506 1039 675 1101 primis
701 1039 970 1085 etiamnum
987 1038 1171 1086 Nestor
1194 1039 1243 1084 in
1269 1038 1445 1084 armis:

132 1114 199 1160 Et
223 1131 346 1176 quos
375 1114 674 1178 Hippocoon
699 1115 915 1177 antiquis
941 1115 1075 1161 misit
1099 1114 1353 1177 Amyclis3

130 1189 513 1253 Penelopesque
538 1207 692 1246 socer,
719 1207 832 1237 cum
859 1190 1122 1237 Parrhasio
1144 1190 1355 1245 Ancaeo3
1418 1192 1513 1235 315

130 1266 540 1330 Ampycidesque
567 1284 737 1330 sagax,
759 1275 809 1314 et
833 1267 994 1313 adhuc
1021 1284 1048 1313 a
1073 1268 1284 1328 conjuge
1309 1272 1447 1312 tutus

131 1342 379 1399 OEclides;
420 1343 734 1406 nemorisque
754 1344 909 1390 decus
934 1343 1147 1405 Tegeaea
1172 1341 1342 1405 Lycei.

130 1473 255 1508 cebant,
273 1473 327 1503 sed
349 1484 366 1504 a
387 1474 538 1515 Neptuno
557 1475 789 1516 impetraverat,

133 1527 166 1551 ut
185 1527 216 1551 et
232 1522 277 1551 vir
292 1528 384 1557 esset,
403 1528 434 1552 et
449 1523 535 1552 nullo
555 1522 619 1554 ictu
635 1523 790 1554 vulnerari

130 1576 245 1611 posset.
269 1571 354 1610 Hyg.
371 1571 434 1601 fab.
454 1572 501 1600 14.

174 1619 247 1648 308.
268 1621 428 1655 Actoridae,
446 1619 582 1660 Eurytus
599 1626 630 1650 et
647 1619 789 1656 Cteatus,

130 1667 254 1697 Actoris
270 1667 334 1703 filii,
349 1668 469 1697 Phthii.
503 1668 706 1705 Pliereliudes,
720 1668 786 1698 Ad-

131 1722 244 1751 metus,
268 1716 410 1747 Pheretis
435 1716 529 1752 filius,
551 1717 662 1748 Pheris
684 1718 787 1748 oriun-

132 1765 200 1796 dus.
246 1765 358 1801 Iolaus,
389 1772 479 1796 notus
504 1766 648 1797 Herculis
676 1766 788 1796 socius.

132 1813 306 1854 Hyanteus,
324 1813 480 1844 Boeotius.

175 1864 248 1893 312.
266 1863 384 1903 Naryx,
400 1863 472 1893 urbs
494 1864 673 1899 Locrorum,
689 1863 744 1904 qui
770 1874 789 1894 a

129 1912 243 1953 Lelege
270 1912 402 1953 Leleges
426 1912 498 1942 olim
525 1912 686 1954 appellati.
724 1912 789 1942 Pli-

130 1960 212 1996 nius,
230 1961 272 1991 iv.
288 1962 319 1992 7.
362 1962 474 1992 Primis
488 1963 518 1991 in
534 1964 646 1997 armis;
663 1961 733 1992 vide
750 1961 789 1992 ad

129 2009 183 2039 xii.
199 2011 270 2040 183.
296 2010 466 2050 Hippocoon
480 2011 605 2041 miserat
618 2011 696 2041 filios
708 2022 788 2046 suos,

129 2058 324 2094 Eraesimum‚
356 2060 508 2090 Alconem
539 2066 570 2090 et
596 2060 789 2101 Dexippum.

130 2108 271 2147 Amyclae,
289 2109 362 2137 urbs
377 2109 508 2149 antiqua
521 2108 678 2139 Laconiae.

173 2157 245 2186 315.
274 2156 430 2196 Penelopes
459 2167 550 2192 socer,
576 2157 714 2193 Laertes,
742 2157 787 2188 U-

130 2204 219 2244 lyssis
239 2210 336 2245 pater.
382 2206 519 2240 Aucaens,
536 2206 672 2246 Lycurgi
697 2205 788 2236 filius.

131 2252 325 2289 Parrhasias,
338 2252 450 2283 Arcas.
486 2255 674 2293 Ampycides,
692 2254 786 2295 Mop-

129 2311 191 2337 sus,
203 2301 338 2343 Ampyci
355 2301 446 2337 filius,
462 2312 561 2342 augur
577 2308 609 2332 et
621 2309 720 2333 vates.
734 2303 787 2334 xii.

129 2350 202 2379 455.
237 2350 359 2390 Sagcu,
376 2350 480 2380 confer
493 2361 522 2380 v.
542 2350 611 2381 146.
646 2351 784 2385 OEclides,

130 2397 352 2439 Amphiaraus,
368 2399 469 2429 OEclei
486 2399 579 2434 filius,
596 2398 787 2430 vaticinandi

130 2451 161 2476 et
182 2446 248 2487 ipse
277 2447 491 2487 peritissimus,
520 2458 613 2488 quem
638 2447 788 2489 Eriphyla

131 2505 205 2525 uxor
220 2495 355 2536 prodidit
371 2496 517 2532 Adrasto,
527 2497 647 2527 bellum
662 2497 786 2526 Theba-

130 2543 178 2573 nis
192 2544 338 2574 moventi.
371 2544 526 2585 Hyginus,
543 2544 606 2575 fab.
621 2546 699 2583 1283
715 2555 787 2575 con-

130 2592 175 2622 fer
190 2593 384 2633 Euripidem,
396 2594 513 2624 Phoen.
532 2595 593 2625 175
610 2604 680 2634 sqq.

175 2642 250 2671 317.
271 2641 384 2683 Tegaea,
399 2642 548 2683 oppidum
563 2643 719 2678 Arcadiae,
735 2642 786 2671 Te-

127 2700 209 2730 geaea
228 2689 326 2727 dicta,
344 2690 398 2721 sed
420 2690 510 2728 infra,
526 2702 616 2722 versu
631 2692 706 2721 426.
729 2691 787 2719 No-

174 2738 272 2768 VOL.
296 2739 357 2768 lv.

857 1478 995 1511 nam-ina,
1022 1482 1054 1506 et
1078 1474 1208 1506 IIeroid.
1223 1474 1266 1504 iv.
1282 1476 1336 1505 99.
1360 1474 1516 1504 Mffnalia.

858 1524 919 1554 Hic
938 1523 1078 1563 intellige
1101 1524 1261 1554 Atalanta.
1301 1523 1450 1558 Juvenes,
1477 1532 1516 1552 ne

857 1573 975 1603 nudum
1000 1572 1158 1602 nominum
1180 1572 1357 1611 catalogum
1379 1581 1516 1613 appone-

856 1628 913 1658 ret,
928 1622 1045 1651 notavit
1063 1621 1190 1662 quidem
1211 1627 1241 1650 et
1263 1620 1358 1662 ipsos,
1376 1620 1430 1650 sed
1446 1621 1515 1650 bre-

856 1670 944 1700 viter.
987 1670 1172 1700 Atalantam
1204 1679 1286 1704 vero,
1314 1675 1349 1698 nt
1378 1668 1514 1698 nobilem

856 1719 887 1749 in
915 1719 1040 1760 mythis,
1072 1725 1103 1749 et
1140 1718 1299 1754 seminam,
1330 1724 1361 1749 et
1390 1717 1515 1748 felicem

850 1768 951 1809 jactu,
977 1774 1008 1798 et
1036 1768 1136 1809 spolia
1166 1768 1378 1808 deportantem
1407 1766 1515 1796 merito

856 1816 1010 1858 copiosius
1048 1815 1221 1856 descripsit.
1281 1816 1371 1845 Duas
1409 1820 1514 1845 autem

855 1864 948 1905 hujus
969 1865 1101 1895 nominis
1117 1864 1252 1904 virgines
1272 1863 1442 1904 antiquitas
1458 1863 1512 1893 ha-

854 1914 932 1948 buit,
948 1913 1134 1943 Arcadicam
1156 1913 1248 1948 hanc,
1267 1912 1442 1942 Boeoticam
1468 1911 1513 1941 al-

855 1968 963 1997 teram,
980 1973 1049 2002 quae
1066 1962 1128 1991 fere
1140 1961 1400 1992 confunduntura
1417 1960 1513 2001 scrip-

856 2011 973 2040 toribus
988 2010 1136 2050 antiquis,
1151 2017 1184 2040 ut
1196 2011 1263 2050 jam
1279 2009 1398 2039 monuit
1413 2009 1512 2050 Apol-

854 2058 990 2094 hulmus,
1004 2059 1067 2089 III.
1080 2058 1122 2088 ix.
1134 2060 1166 2088 2.
1189 2057 1348 2088 Arcadica.
1362 2057 1420 2087 fuit
1433 2057 1512 2092 Jasi,

854 2106 989 2137 Jasionis
1018 2112 1073 2136 aut
1096 2106 1220 2137 Jasonis
1248 2106 1332 2135 filia:
1368 2105 1513 2136 Boeotica

855 2155 1013 2186 Schoenei.
1059 2156 1140 2186 Fata
1155 2154 1245 2196 hujus
1259 2153 1430 2189 Atalantae,
1446 2154 1514 2184 Jasi

855 2204 939 2241 filiae,
969 2205 1110 2240 formam,
1141 2210 1274 2239 antrum,
1301 2203 1439 2233 studium
1461 2213 1514 2233 ve-

857 2253 961 2288 nandi,
990 2258 1052 2283 etc.
1081 2253 1203 2294 copiose
1233 2252 1381 2283 describit
1410 2251 1514 2281 AElia-

857 2312 925 2337 nus,
942 2302 1018 2332 Var.
1040 2301 1123 2331 Hist.
1140 2301 1204 2331 xiii.
1225 2303 1252 2332 1.
1296 2302 1335 2331 In
1356 2301 1513 2330 Marmore

856 2350 992 2391 quodam
1008 2349 1092 2391 apud
1115 2349 1276 2391 Sponium,
1291 2349 1323 2378 in
1338 2348 1464 2378 Miscel.
1480 2359 1512 2389 p.

855 2400 929 2429 312.
957 2403 1116 2439 comparet
1143 2398 1221 2428 inter
1251 2397 1387 2437 reliquos
1420 2396 1512 2438 hujus

855 2448 921 2489 apri
937 2453 1110 2482 venatores,
1126 2452 1157 2476 et
1181 2446 1307 2487 quidem
1334 2455 1369 2475 eo
1391 2445 1511 2481 habitu,

855 2507 917 2537 quo
946 2506 1014 2526 eam
1040 2495 1189 2526 describit
1213 2505 1320 2536 aprum
1349 2505 1420 2524 cum
1440 2494 1512 2524 Me-

855 2545 958 2584 leagro
982 2551 1146 2573 venantem
1167 2543 1348 2573 Philostrat.
1370 2543 1459 2572 Icon.
1480 2553 1514 2583 p.

856 2593 940 2629 868;
963 2592 1045 2622 unde
1072 2602 1140 2622 earn
1169 2591 1402 2632 exprimendam
1424 2601 1512 2621 cura-

855 2641 900 2670 vit
915 2641 1085 2682 spanhem.
1097 2641 1136 2671 ad
1150 2640 1392 2675 Callimachum,
1403 2639 1512 2680 hymn.

856 2690 952 2722 Dian.
968 2700 1019 2720 ver
1044 2691 1120 2721 216.
1168 2690 1302 2720 Nemoris
1325 2690 1423 2723 decus,
1438 2688 1510 2729 quia

984 2740 1009 2768 E
