1779 3130
348 191 965 234 METAMORPHOSEON
1003 191 1119 231 LIB.
1147 189 1292 231 XIII.
1427 190 1513 230 335

130 308 295 371 Rapta
319 308 427 354 sinu
455 307 640 362 matris,
671 322 820 369 quam
840 307 943 367 jam
970 321 1124 369 prope
1149 305 1254 352 sola
1277 304 1490 359 fovebat,

130 385 306 439 Fortis,
334 392 384 431 et
409 384 599 438 infelix,
629 391 679 429 et
705 384 818 445 plus
845 398 994 444 quam
1019 382 1216 435 femina,
1243 381 1378 442 virgo

130 460 342 506 Ducitur
367 459 428 505 ad
455 459 716 513 tumulum,
745 459 953 519 diroque
980 458 1035 503 fit
1059 457 1221 504 hostia
1244 458 1409 503 bust0.

131 535 255 590 Quae
282 551 469 582 memor
495 536 603 598 ipsa
629 535 719 591 sui,
747 542 1013 597 postquam
1040 533 1322 580 crudelibus
1349 532 1444 578 aris

129 611 347 658 Admota
371 618 465 667 est,
494 611 750 672 sensitque
778 610 869 657 sibi
897 610 1000 657 fera
1025 625 1166 656 sacra
1191 609 1382 671 parari;
1422 610 1518 655 454

132 688 303 750 thue
341 687 729 751 Neoptolemum
767 695 996 741 stantem,
1025 686 1311 747 ferrumque
1347 692 1520 731 tenen—

132 764 291 827 Inque
318 781 406 810 suo
432 765 555 811 vidit
579 765 813 826 figentem
843 763 1030 809 lumina
1052 762 1189 808 vultu
1211 778 1220 807 ε
1380 763 1520 822 [tem,

135 846 166 864 “
190 841 344 888 Utere
363 842 659 903 jamdudum
686 856 925 903 generoso
952 838 1240 901 sanguine,”
1267 837 1422 893 dixit:

138 923 167 941 “
191 918 344 964 Nulla
367 933 504 964 mora
528 924 633 964 est:
674 924 725 963 at
749 924 801 963 tu
823 917 1015 979 jugulo,
1042 915 1118 961 vel
1144 920 1346 977 pectore
1370 912 1522 960 telum

139 993 315 1040 Conde
359 993 498 1040 meo”
537 993 895 1055 (jugulumque
933 991 1095 1045 simul,
1135 996 1413 1053 pectusque
1451 1005 1524 1036 re-

142 1075 171 1092 “
195 1069 399 1116 Scilicet
424 1077 508 1116 aut
526 1069 612 1115 ulli
636 1070 817 1115 servire
838 1069 1103 1131 Polyxena
1120 1066 1312 1120 ferrem,
1338 1065 1526 1127 [texit.)

140 1144 242 1192 Aut
267 1161 353 1208 per
373 1145 471 1191 tale
497 1160 691 1192 sacrum
718 1160 899 1191 numen
921 1143 1199 1207 placabitur
1224 1142 1406 1188 ullum:
1429 1144 1522 1188 461

142 1220 281 1268 Mors
307 1229 500 1268 tantum
527 1221 704 1267 vellem
730 1228 938 1267 matrem
964 1235 1076 1266 mea
1100 1219 1268 1265 fallere
1295 1225 1479 1280 posset.

141 1297 306 1346 Mater
320 1299 478 1352 obest,
492 1297 772 1360 minuitque
787 1296 925 1344 necis
942 1297 1061 1342 mihi
1078 1295 1282 1357 gaudia3
1304 1294 1529 1357 quamvis

143 1465 181 1496 de
198 1465 234 1496 iis
252 1465 366 1496 dicitur
382 1466 435 1506 qui
450 1465 643 1507 parentibus,
662 1465 801 1507 conjugi-

143 1515 214 1550 bus,
232 1514 336 1544 liberis
357 1514 473 1555 privati
495 1520 576 1544 sunt.
623 1514 699 1544 Plus
717 1526 803 1554 quam

133 1564 426 1604 jienzina,superans
443 1572 550 1593 sexum
566 1573 654 1592 suum
669 1562 803 1593 toleran-

870 1465 961 1495 modo
985 1464 1149 1495 interfecta
1175 1465 1225 1499 sit,
1249 1463 1417 1504 diligenter
1442 1464 1532 1495 matri

871 1514 966 1545 refert.
978 1513 1167 1554 Talthybius
1183 1512 1259 1543 ibid.
1276 1523 1338 1542 ver.
1353 1513 1413 1543 521
1432 1524 1501 1554 sqq.

916 1563 990 1593 457.
1025 1562 1222 1597 Jamdudum,
1252 1560 1409 1597 continuo,
1438 1572 1534 1602 quam

144 1611 193 1642 dis
212 1611 463 1648 calamitatibuS3
485 1610 526 1641 iX.
543 1612 615 1641 543.
628 1612 698 1650 plus
719 1623 805 1651 quam

136 1660 226 1702 ferre
254 1660 386 1699 puellam
416 1660 501 1690 Posse
529 1666 624 1698 putes,
651 1671 702 1701 ego
728 1662 807 1690 dura

148 1710 217 1739 tuli.
261 1708 340 1739 Tan.
355 1708 454 1738 Faber
470 1707 500 1738 h.
515 1718 596 1738 νει-5.
614 1707 653 1738 ad
670 1708 744 1738 artis
759 1718 806 1739 re-

147 1757 237 1799 gulas
261 1767 380 1787 morose
405 1756 596 1793 examinans,
620 1756 711 1787 valde
737 1767 808 1787 eum

149 1806 314 1847 improbat,
342 1806 564 1847 emendatque,
595 1805 728 1836 Fortiter
762 1809 807 1836 in-

139 1855 235 1896 felix.
289 1856 414 1885 AEstum
444 1855 510 1896 ejus
544 1855 700 1897 componit
729 1856 810 1886 Bur-

151 1914 282 1934 mannus
294 1904 347 1945 qui
357 1904 478 1939 suadet,
489 1905 587 1934 Fortis
598 1905 646 1945 (αι
664 1905 771 1946 infelix
780 1905 808 1943 5)

150 1963 257 1984 verum
276 1952 354 1983 illud
369 1959 401 1982 (ιτ
416 1952 466 1983 hic
482 1952 533 1983 vix
550 1953 645 1983 habet
660 1964 749 1984 suum
765 1954 808 1984 lo-

150 2012 235 2033 cum.
282 2001 368 2032 Ordo
393 2003 553 2032 verborum
577 2002 712 2033 debebat
731 2013 809 2039 esse,

150 2051 247 2093 virgo,
263 2050 383 2087 infelix,
401 2051 454 2082 sed
478 2051 562 2081 fortis
582 2057 614 2082 et
628 2052 697 2093 plus
717 2063 810 2093 quam

152 2099 286 2131 semina:
313 2099 368 2130 sed
392 2099 480 2130 licuit
503 2105 602 2141 poetae
627 2099 694 2130 haec
719 2100 812 2131 verba

152 2153 362 2190 transponere,
370 2153 405 2178 ut
413 2148 531 2179 centies
537 2147 653 2178 sactum
662 2148 814 2179 videmus.

197 2198 272 2228 453.
300 2196 415 2227 Memor
436 2199 493 2232 sui,
517 2207 549 2227 se
572 2207 638 2227 esse
664 2196 814 2237 virginem

155 2245 284 2287 regiam,
313 2250 344 2276 et
374 2245 512 2276 animum
541 2245 649 2276 sortem
678 2255 815 2276 servans,

156 2294 223 2325 Hos
247 2304 346 2324 mores
372 2293 469 2335 spirat
492 2298 556 2324 tam
581 2304 650 2334 quae
677 2293 816 2334 sequitur

155 2342 264 2379 oratio,
295 2353 388 2384 quam
419 2343 568 2383 praeclara
596 2341 691 2373 caedis
719 2342 816 2384 ipsius

156 2392 302 2426 narratio,
332 2402 411 2422 verS.
436 2392 617 2423 475-480,
644 2391 683 2422 ad
712 2401 817 2422 exem-

156 2440 244 2483 plum
274 2440 443 2482 Euripidis,
467 2451 532 2471 ver.
557 2442 619 2472 345
642 2451 711 2482 sqq.
756 2441 819 2470 Sibi

157 2500 243 2520 sacra
265 2491 382 2529 parari,
397 2499 465 2530 pro,
484 2500 516 2520 se
540 2488 728 2520 destinatam
751 2499 818 2519 esse

159 2537 304 2574 hostiam,
326 2537 421 2568 etiam
446 2538 527 2580 apud
543 2538 722 2579 Virgilium,
738 2539 817 2568 AEn.

161 2586 195 2617 ii.
210 2588 281 2617 132.
326 2587 398 2617 Non
415 2592 518 2617 autern
534 2592 599 2617 tum
615 2586 739 2617 demum
756 2597 819 2616 sen-

162 2636 211 2672 sit,
227 2636 281 2667 sed
292 2635 359 2677 jam
375 2641 445 2666 ante
460 2635 619 2676 cognorat.
666 2636 819 2675 Neoptole-

162 2695 226 2714 mus
254 2683 397 2714 sacerdos
424 2689 490 2714 erat
519 2683 706 2714 constitutus
730 2683 821 2724 liujus

165 2731 327 2769 sacrificii3
352 2731 528 2773 Euripides,
545 2742 607 2762 ver.
623 2733 697 2762 223.
735 2733 819 2768 Quo-

872 1611 1016 1653 primum,
1028 1615 1063 1640 ut
1078 1609 1119 1640 xi.
1131 1610 1204 1640 482.
1228 1611 1269 1639 At
1280 1617 1324 1640 tu.
1348 1609 1412 1650 Ap.
1426 1610 1533 1652 Eurip.

875 1670 940 1690 ver.
964 1661 1037 1690 563.
1063 1664 1154 1700 rupto
1178 1659 1283 1700 peplo,
1300 1656 1396 1693 Ἰδοὺ,
1421 1658 1534 1699 inquit,

876 1707 938 1739 τόδ’
954 1708 1053 1749 εἰμὲν
1069 1706 1217 1748 στέρνον,
1235 1708 1258 1738 ὦ
1276 1706 1402 1743 νεανία,
1420 1708 1535 1739 Παίειν

876 1758 1038 1798 προθυμῇ,
1065 1758 1197 1786 πσῖσον.
1224 1750 1250 1786 Γεἲ
1278 1754 1301 1785 δ’
1331 1755 1386 1786 ὑπ’
1412 1755 1536 1797 αὐχένα

878 1804 1024 1847 Χρῂζεις,
1034 1805 1169 1846 πάρεστι
1179 1805 1295 1845 λαιμὸς
1307 1803 1466 1846 εὐτρεπὴς
1475 1805 1537 1838 ὅδε.

877 1855 981 1885 Dictis
1004 1861 1035 1885 et
1058 1854 1149 1885 factis
1172 1854 1216 1884 sic
1240 1853 1431 1890 ostenderat,
1447 1865 1479 1885 se
1498 1855 1536 1885 li-

876 1903 1055 1934 bentissime
1072 1909 1218 1944 oppetere
1233 1908 1362 1933 mortem
1378 1914 1385 1940 3
1398 1903 1463 1944 jam
1474 1914 1538 1935 ver.

878 1954 940 1983 460
954 1963 1001 1994 sq.
1016 1962 1145 1983 causam
1161 1950 1248 1982 addit
1261 1962 1267 1980 :
1293 1950 1376 1981 malo
1391 1951 1539 1993 equidem

878 2007 975 2032 morte
1004 2011 1074 2031 mea
1103 2010 1218 2030 numen
1247 1999 1373 2040 aliquod
1401 2000 1538 2041 placare,

878 2060 972 2091 quarn
987 2049 1166 2080 servitutem
1182 2048 1272 2079 ferre.
1300 2048 1452 2089 Polyxena
1466 2059 1538 2080 cum

879 2100 919 2135 vi,
936 2110 1001 2141 pro,
1017 2109 1074 2139 ego
1089 2111 1095 2128 :
1121 2097 1191 2128 vide
1206 2097 1246 2127 ad
1263 2108 1327 2128 ver.
1346 2098 1395 2127 17.
1433 2098 1542 2141 Eurip.

880 2159 910 2178 v,
920 2149 995 2178 361.
1008 2147 1058 2189 ἐμὲ
1075 2146 1306 2187 τήν”Εκτορός
1320 2157 1353 2177 τε
1368 2146 1398 2187 χ’
1413 2146 1538 2188 ἁτέρων

882 2198 1018 2227 πολλῶν
1041 2195 1149 2227 κάσιν.
1197 2196 1329 2231 Ferrem,
1344 2195 1540 2233 sustinerem,

883 2251 916 2276 ut
937 2243 1064 2275 Heroid.
1080 2256 1109 2274 v.
1128 2245 1179 2274 12.
1195 2254 1276 2274 servo
1294 2245 1404 2274 nubere
1423 2246 1493 2280 tuli,
1510 2250 1541 2276 et

882 2293 997 2335 saepius
1012 2293 1095 2334 apud
1112 2293 1273 2323 Nostrum.
1313 2293 1395 2322 Mors
1411 2299 1540 2331 tantum,

882 2348 942 2374 etc.
989 2341 1168 2383 Languidus
1193 2341 1315 2383 judicat
1344 2341 1543 2373 Burmannus

883 2397 914 2422 et
931 2391 1024 2421 simul
1043 2390 1220 2421 durissimos
1240 2390 1294 2420 hos
1315 2400 1469 2427 numeros.‚
1485 2391 1539 2421 tri·

883 2441 942 2470 bus
956 2440 1084 2471 vocibus
1104 2440 1136 2469 in
1159 2438 1349 2480 mugientem
1369 2438 1455 2469 illam
1471 2439 1541 2470 lite-

884 2499 949 2519 ram
976 2500 1004 2518 m
1030 2487 1227 2522 exeuntibus,
1254 2492 1284 2516 et
1306 2486 1403 2517 tribus
1425 2487 1542 2518 ibidem

884 2536 1028 2579 spondeis
1051 2547 1083 2567 se
1105 2536 1388 2577 subsequentibus3
1413 2536 1541 2567 mallet:

888 2586 970 2615 DIors
995 2592 1092 2615 tumen
1117 2585 1176 2614 haec
1200 2585 1303 2614 rellem
1332 2595 1393 2614 mea
1420 2591 1543 2615 matrem

876 2633 994 2674 fallere
1006 2640 1109 2673 posset.
1152 2633 1280 2667 Fallere,
1296 2632 1403 2663 latere.
1442 2633 1544 2664 Μαῖα·

887 2684 984 2719 οΙιεει,·
1009 2682 1094 2712 dolor
1110 2692 1170 2723 quo
1186 2689 1284 2712 mater
1299 2681 1431 2712 afficitur
1447 2688 1543 2713 morte

888 2742 968 2766 mea,
985 2730 1121 2762 animum
1137 2741 1239 2761 meum
1255 2729 1382 2761 cruciat.
