1779 3130
375 164 993 209 METAMORPHOSEON
1026 164 1145 206 LIB.
1179 165 1268 206 XI.

1430 166 1515 206 209

130 282 325 329 Caetera
349 289 464 328 sunt
484 280 724 335 hominis;
753 286 944 342 partem
970 279 1231 326 damnatur
1255 279 1304 325 in
1330 295 1477 326 unam
1497 299 1507 337 ;

128 356 455 420 Induiturque
482 372 623 403 aures
648 356 782 403 lente
808 356 1076 418 gradientis
1103 356 1258 402 aselli.

126 432 217 480 Ille
239 434 440 496 quidem
466 433 610 486 celat,
637 432 871 495 turpique
896 439 1100 479 onerata
1123 433 1311 494 pudore

1420 436 1510 480 180

127 508 374 571 Tempora
398 508 658 572 purpureis
683 514 844 554 tentat
868 508 1030 555 velare
1056 506 1210 553 tiaris.

128 585 245 640 Sed,
274 585 447 632 solitus
474 585 647 646 longos
673 583 799 631 ferro
824 599 1047 630 resecare
1073 583 1296 646 capillos,

1380 585 1511 644 [sum

125 660 333 708 Viderat
362 661 453 707 hoc
486 660 726 707 famulus:
767 659 868 722 qui,
897 674 1050 722 quum
1079 676 1169 706 nec
1209 660 1415 722 prodere
1441 661 1508 707 vi-

128 736 364 784 Dedecus
390 738 610 791 auderet,
632 735 839 798 cupiens
865 735 1038 782 efferre
1064 736 1155 782 sub
1182 751 1342 791 auras,

128 813 175 860 N
180 829 236 860 ec
262 820 433 876 posset
456 813 661 859 reticere
686 819 871 866 tamen,
899 811 1119 868 secedit3
1150 811 1455 874 humumque

127 889 328 946 Effodit,
353 897 418 945 et,
444 889 630 936 domini
656 888 829 951 quales
855 888 1106 950 aspexerit
1130 903 1289 942 aures,

126 965 262 1014 Voce
287 965 435 1014 refert
458 981 621 1029 parva,
647 972 891 1026 terraeque
916 963 1258 1010 immurmurat
1282 964 1470 1011 haustae
1492 983 1503 1021 ;

128 1042 477 1105 Indiciumque
501 1057 603 1088 suae
629 1041 761 1087 vocis
787 1040 962 1087 tellure
987 1047 1183 1102 regesta

128 1119 324 1175 Obruit,
352 1126 402 1166 et
427 1118 683 1165 scrobibus
709 1117 893 1164 tacitus
919 1117 1133 1164 discedit
1157 1117 1358 1181 opertis.

127 1195 317 1242 Creber
337 1195 659 1242 arundinibus
680 1193 905 1241 tremulis
931 1193 998 1239 ibi
1023 1209 1224 1256 surgere
1249 1194 1389 1240 lucus
1420 1197 1510 1241 190

126 1272 320 1335 Coepit3
360 1279 424 1327 et,
452 1279 507 1318 ut
530 1271 743 1335 primum
768 1271 915 1334 pleno
939 1270 1175 1316 maturuit
1200 1286 1344 1324 anno,

128 1346 354 1395 Prodidit
377 1347 671 1410 agricolam:
712 1347 809 1394 leni
835 1362 949 1394 nam
974 1353 1139 1393 motus
1166 1346 1228 1393 ab
1254 1353 1419 1393 austro

170 1481 242 1513 180.
273 1481 382 1521 Turpis
410 1483 508 1522 pudor
545 1481 619 1511 satis
650 1480 781 1522 poetice,

126 1535 232 1572 turpes
259 1541 350 1561 aures
378 1541 447 1571 quae
477 1529 586 1571 pudori
614 1536 703 1561 erant
728 1530 783 1560 do-

125 1578 222 1609 mino.
268 1580 355 1609 Bene
381 1578 474 1609 etiam
498 1585 632 1610 onerata.
679 1579 784 1609 Celare

125 1632 173 1657 est
193 1628 320 1658 verbum
344 1628 511 1668 generale3
534 1627 640 1668 itaque
664 1627 783 1663 modus,

126 1687 188 1716 quo
207 1676 353 1707 celaverit
373 1682 525 1717 tempora,
550 1676 685 1711 additur,
705 1678 783 1706 velat

126 1726 225 1755 tiaris.
267 1725 371 1760 Tiara,
390 1735 459 1766 quae
475 1724 567 1755 etiam
582 1727 672 1755 mitra
688 1724 782 1755 inter-

125 1773 200 1804 dum
217 1780 354 1809 vocatur,
370 1774 428 1804 fuit
443 1773 541 1814 pileus
562 1773 720 1815 Phrygum
737 1774 783 1804 in-

124 1832 237 1852 curvus
259 1832 328 1852 cum
350 1821 478 1852 fimbriis
500 1821 655 1863 pendulis,
672 1822 785 1862 quibus

125 1876 230 1901 mento
265 1870 429 1912 subligatis
456 1870 547 1901 malae
583 1881 619 1901 ac
645 1876 784 1912 tempora

128 1919 385 1957 obducebantur5
414 1924 449 1950 ut
468 1919 544 1950 adeo
569 1929 659 1950 aures
684 1919 782 1950 Midae

125 1967 287 1999 commode
318 1968 376 1998 sub
405 1967 459 1998 illo
484 1972 664 2008 tegumento
688 1967 782 1998 latere

125 2023 269 2058 possent3
285 2016 356 2047 vide
371 2016 530 2058 Heynium
547 2016 586 2047 ad
603 2016 782 2057 Virgilium,

127 2067 205 2096 [ΕΠ.
222 2066 263 2096 iv.
276 2066 351 2096 216.
366 2071 397 2096 et
412 2065 453 2096 ix.
470 2066 546 2096 616.

170 2116 243 2145 182.
269 2115 545 2155 Solitus--capillos
568 2114 782 2156 circumscrip-

125 2163 167 2194 tio
183 2163 323 2194 tonsoris.
358 2164 497 2199 Ferrum,
510 2163 620 2199 forfex,
638 2173 700 2204 qua
716 2169 782 2194 ton-

125 2222 208 2242 sores
233 2213 399 2242 utebantur
423 2212 455 2242 in
485 2210 663 2243 resecandis
686 2211 782 2252 capil-

126 2261 183 2299 lis;
208 2259 356 2297 Isidorus,
373 2272 426 2291 xx.
448 2261 496 2291 13.
542 2260 625 2291 Vide
648 2266 784 2292 nostrum

128 2314 230 2340 vatem
247 2308 408 2349 (Boileau)
426 2310 493 2340 Sat.
511 2308 555 2339 ix.
573 2310 646 2339 221.

172 2359 243 2389 187.
263 2358 335 2388 Voce
347 2370 453 2397 parva,
471 2358 533 2388 leni
550 2368 683 2388 susurro.
713 2357 784 2388 Ter-

126 2419 163 2438 ra
184 2408 301 2443 hausta,
317 2408 408 2439 fossa.
454 2407 607 2438 Iudicium
626 2409 714 2443 vocis,
729 2417 781 2437 vo-

126 2466 206 2492 cem,
228 2466 291 2497 qua
314 2455 474 2487 indicabat
495 2456 612 2487 domini
635 2455 783 2486 dedecus.

126 2505 194 2535 Hoc
223 2504 404 2546 figmentum
432 2504 526 2536 habet
556 2505 649 2535 etiam
678 2503 783 2534 Ptole-

127 2563 224 2583 maeus
245 2554 340 2584 Alex.
358 2553 441 2595 apud
463 2552 620 2584 Photium.
665 2553 784 2583 Ansam

128 2601 251 2632 dedisse
277 2601 421 2633 videntur
450 2612 570 2638 cannae,
597 2612 666 2643 quae
692 2607 784 2632 vento

128 2655 219 2679 motae
233 2659 341 2680 sonum
357 2650 465 2687 edunt,
481 2651 502 2681 i.
516 2651 589 2681 707.

177 2697 245 2727 190.
267 2697 424 2736 Tremulis,
438 2698 562 2741 quando
586 2698 784 2740 agitabantur

131 2745 231 2777 VOL.
254 2746 315 2777 IV.

852 1479 964 1515 ventis,
979 1480 1080 1510 creber
1095 1479 1297 1509 arundinibus
1316 1489 1381 1520 pro,
1396 1478 1510 1508 crebris

851 1529 915 1559 sive
931 1528 1036 1558 multis
1058 1526 1272 1558 arundinibus.
1318 1527 1412 1557 Pleno
1430 1539 1509 1557 αιινιο

852 1582 886 1607 ut
910 1588 940 1607 x.
970 1577 1045 1607 734.
1075 1577 1162 1615 plena
1192 1576 1262 1605 hora
1293 1581 1324 1605 et
1352 1577 1437 1606 Fast.
1462 1574 1509 1606 iii.

854 1626 924 1655 164.
938 1626 1024 1664 pleno
1039 1626 1098 1655 die.
1145 1625 1316 1665 Agricolam
1331 1629 1508 1665 suspectum

850 1675 951 1706 visum
996 1674 1232 1716 Interpretibus,
1268 1674 1342 1715 quia
1378 1673 1510 1715 primum

850 1730 953 1755 tonsor
975 1724 1028 1755 ille
1049 1734 1108 1754 non
1128 1723 1262 1765 potuerit
1278 1725 1411 1764 agricola
1428 1723 1489 1754 dici
1504 1736 1512 1762 ;

851 1784 951 1814 neque
973 1773 1063 1803 lucus
1085 1771 1138 1803 ille
1161 1777 1313 1802 tonsorem
1333 1772 1511 1813 prodiderit,

850 1822 906 1852 sed
920 1832 1026 1853 vocem
1041 1822 1109 1862 ejus
1121 1821 1328 1851 commissam.
1357 1821 1512 1852 Burman-

851 1881 910 1902 nus
947 1870 1071 1906 suadet,
1105 1870 1152 1900 vel
1190 1871 1329 1900 Prodidit
1365 1881 1511 1901 arcanum

851 1919 952 1961 (quod
968 1925 1074 1950 tamen
1090 1929 1150 1949 non
1167 1918 1242 1949 satis
1257 1918 1412 1960 poeticum
1426 1919 1511 1950 vide-

851 1969 917 2007 tur)
942 1968 991 1999 vel
1014 1968 1155 1998 Prodidit
1181 1969 1334 2009 agricolis.
1380 1967 1440 1998 Sed
1467 1967 1511 1998 ita

851 2016 949 2053 deest,
966 2017 1041 2058 quid
1057 2016 1200 2058 agricolis
1220 2015 1398 2058 prodiderit.
1430 2017 1511 2047 Puto

850 2064 954 2095 locum
977 2075 1087 2096 sanum
1110 2076 1198 2096 esse:
1225 2064 1280 2095 sed
1305 2071 1428 2106 poetam
1449 2076 1510 2096 non

851 2113 926 2144 satis
957 2120 1104 2144 accurate
1137 2114 1275 2144 locutum
1306 2124 1385 2149 esse,
1413 2125 1508 2155 quum

852 2162 910 2193 hoc
927 2162 1043 2192 vellet:
1069 2162 1187 2193 arundo
1211 2162 1287 2203 ejus,
1304 2162 1357 2203 qui
1381 2162 1508 2193 humum

851 2221 937 2241 suam
956 2210 1086 2246 foderat,
1102 2210 1252 2241 indicium
1268 2210 1414 2252 prodidit.
1439 2211 1507 2242 Nisi

851 2260 1014 2301 agricolam
1044 2260 1142 2290 mavis
1171 2259 1294 2290 Midam
1322 2260 1507 2301 intelligere,

851 2319 933 2339 nunc
955 2318 1026 2338 rura
1049 2308 1258 2339 celebrantem
1275 2319 1341 2338 ver.
1361 2309 1431 2339 146.
1476 2309 1507 2339 Si

850 2357 945 2388 lectio
967 2368 1042 2387 sana
1071 2363 1163 2393 esset,
1186 2359 1321 2398 agricola
1344 2356 1421 2387 soret
1443 2358 1507 2388 Mi-

849 2405 916 2441 das,
931 2405 982 2447 qui
1000 2415 1081 2436 nunc
1096 2416 1167 2436 rura
1181 2411 1213 2436 et
1232 2405 1325 2435 silvas
1346 2405 1484 2436 celebrat
1498 2418 1506 2443 3

850 2454 921 2485 vide
943 2465 1009 2485 ver.
1039 2455 1110 2485 146.
1155 2454 1335 2490 Suaderem,
1367 2454 1508 2485 Prodidit

850 2505 1017 2538 auriculas,
1053 2503 1111 2534 nisi
1150 2508 1340 2544 sequeretur,
1369 2506 1506 2545 coarguit

851 2564 950 2582 aures.
989 2551 1082 2593 Regii
1095 2551 1188 2582 nostri
1203 2552 1318 2582 habent
1331 2555 1505 2592 agricolam,

851 2607 882 2633 et
903 2608 1006 2639 recte;
1029 2611 1100 2631 nam
1127 2601 1180 2642 qui
1202 2602 1326 2631 scrobes
1347 2608 1434 2632 terrm
1458 2601 1503 2632 in-

849 2650 937 2686 fodit,
959 2656 990 2680 et
1011 2650 1101 2691 quasi
1117 2650 1202 2680 vocis
1225 2649 1343 2681 semina
1365 2650 1504 2681 commit-

850 2700 898 2735 tit,
914 2704 1013 2741 potest
1028 2697 1163 2740 agricola
1177 2698 1252 2730 dici.

979 2748 1004 2777 F.
1021 2760 1036 2778 e
