1779 3130
232 153 317 192 140

622 154 670 192 Ρ.
705 152 918 193 OVIDll
951 152 1230 193 NASONIS

236 264 352 311 Non
374 281 548 311 nemus
570 264 851 320 Heliadum,
874 281 969 311 non
991 265 1235 313 frontibus
1261 267 1460 313 esculus
1486 267 1614 321 altis,

238 341 346 389 Nec
371 341 488 387 tiliae
513 341 704 395 molles,
732 357 823 388 nec
849 341 1006 404 fagus,
1034 349 1084 389 et
1108 342 1296 388 innuba
1318 343 1514 389 laurus:

237 416 303 463 Et
325 417 480 479 coryli
505 415 721 479 fragiles,
749 424 800 464 et
822 417 1043 464 fraxinus
1069 419 1203 465 utilis
1229 419 1400 474 hastis,

234 492 525 555 Enodisque
551 493 704 548 abies,
733 501 1037 556 curvataque
1064 494 1328 556 glandibus
1354 494 1469 549 ilex,

236 566 304 614 Et
327 568 557 631 platanus
583 568 807 630 genialis,
836 584 1051 632 acerque
1077 570 1324 616 coloribus
1350 571 1522 633 impar,
1556 573 1617 616 95

233 644 607 708 Amnicolaeque
634 646 781 691 simul
807 646 1000 701 salices,
1029 654 1079 693 et
1105 647 1334 709 aquatica
1356 647 1500 702 lotos,

233 719 590 784 Perpetuoque
613 721 776 768 virens
802 723 984 777 buxus,
1011 730 1289 784 tenuesque
1315 723 1531 785 myricae,

235 795 301 843 Et
323 797 508 843 bicolor
533 803 743 859 myrtus,
771 804 821 844 et
844 798 1012 843 baccis
1039 799 1222 844 caerula
1246 798 1378 844 tinus
1398 815 1407 844 :

233 872 334 919 Vos
361 888 578 935 quoque,
605 872 881 935 flexipedes
908 874 1122 930 hederae,
1149 874 1371 929 venistiS,
1399 882 1450 922 et
1474 891 1572 921 una

233 947 522 1011 Pampineae
546 949 689 1005 vites,
717 957 767 996 et
791 950 983 997 amictae
1010 951 1190 997 vitibus
1218 951 1365 996 ulmi:

233 1066 351 1097 nobilia
365 1067 501 1098 habebat
517 1075 677 1108 querceta.
702 1070 804 1099 Etiam
820 1070 890 1100 Vir-

231 1115 335 1155 gilius,
365 1115 482 1156 Georg.
512 1116 533 1146 i.
563 1117 594 1147 8.
627 1117 759 1147 Chaonia
792 1119 892 1159 glans.

233 1165 347 1195 Nemus
362 1165 539 1201 Heliadum,
553 1165 603 1196 vel
619 1166 739 1207 populi,
752 1167 802 1197 vel
819 1167 891 1203 alni,

230 1212 264 1243 in
280 1223 357 1254 quas
372 1213 533 1249 Heliades,
546 1214 752 1245 Phaethontis
765 1226 891 1252 sororeS,

232 1268 360 1293 mutatae
377 1268 481 1293 erant:
508 1262 579 1293 vide
595 1263 627 1293 ii.
644 1264 706 1294 325
722 1275 790 1306 sqq.
830 1265 891 1295 Ne-

232 1321 297 1340 mus
311 1310 405 1351 igitur
420 1311 459 1341 de
476 1311 573 1342 tribus
589 1312 749 1343 arboribus
764 1313 891 1355 capien-

232 1357 319 1389 dum.
356 1359 496 1395 Esculus,
512 1360 601 1390 arbor
616 1360 754 1391 maxima
769 1372 785 1392 e
802 1373 891 1403 quer-

231 1417 326 1438 cuum
341 1418 463 1449 genere,
479 1419 541 1448 quae
559 1416 706 1448 qzmntnm
727 1413 836 1442 vertice
854 1413 893 1441 ad

232 1467 325 1486 auras
341 1457 504 1492 AEtherias,
522 1463 641 1487 tantum
657 1460 760 1489 radice
779 1461 810 1489 in
830 1466 893 1489 tui·-

234 1511 301 1534 tara
318 1507 435 1542 tendit,-
461 1505 624 1546 Ystgilius,
641 1506 757 1548 Georg.
773 1507 806 1538 ii.
819 1509 893 1539 291.

231 1553 315 1584 Hinc
331 1553 390 1584 hoc
406 1554 640 1595 locust-ontibus
656 1557 737 1586 altis.
782 1558 893 1588 Monet

231 1602 430 1633 Burmannus
446 1613 464 1633 a
477 1603 576 1644 poetis
581 1604 706 1644 frontes
720 1605 786 1635 dari
803 1607 892 1637 arbo-

231 1650 328 1687 ribus,
358 1651 454 1693 idque
483 1651 623 1683 docuisse
654 1653 818 1684 Heinsium
851 1655 892 1686 ad

233 1700 402 1731 Claudian.
429 1700 475 1731 iii.
501 1700 597 1742 Rapt.
624 1702 697 1732 346.
745 1703 893 1734 Heinsius

231 1754 346 1779 tamen.
362 1749 394 1779 h.
411 1749 434 1779 l.
458 1760 495 1779 ex
513 1750 594 1779 MSS
609 1750 672 1781 suis
690 1751 890 1793 malit,ji·0n-

231 1799 328 1828 dibus.
375 1797 507 1833 Innuba,
529 1809 598 1839 quae
621 1810 682 1830 non
703 1800 793 1830 nubit
816 1801 890 1837 viro,

231 1852 267 1877 ut
289 1847 332 1877 ix.
350 1847 421 1877 147.
446 1848 552 1877 laurus
576 1850 700 1884 innuba,
720 1849 835 1885 laurus,
860 1851 891 1880 in

232 1904 327 1936 quam
343 1895 480 1936 Daphne
497 1894 615 1926 innuba
631 1902 761 1928 mutata.
783 1898 891 1929 Tibul-

229 1942 290 1978 lus,
305 1943 370 1973 ΙΙΙ.
383 1943 425 1974 iv.
440 1944 492 1973 23.
508 1951 588 1973 casta
605 1945 731 1981 Iaurus;
758 1946 888 1977 Claudi-

230 2000 318 2027 anus,
334 1991 378 2021 R.
396 1992 433 2022 P.
451 1991 495 2021 ΙΙ.
519 1991 611 2022 Praef.
626 1994 678 2023 23.
706 1994 891 2035 Cirr-Iiaeique

230 2040 291 2069 Dei
314 2043 447 2080 quamvis
469 2042 631 2080 despexerit
655 2049 744 2079 artes,
764 2043 890 2082 Orpheis

233 2089 339 2119 laurus
354 2091 470 2119 vocibus
486 2095 555 2119 acta
572 2091 662 2120 venit.

273 2137 326 2167 93.
359 2137 449 2167 Utilis
478 2138 568 2167 hastis
581 2150 589 2166 :
623 2137 693 2168 vide
723 2138 762 2168 ad
793 2139 832 2169 Y.
858 2140 889 2170 9.

229 2184 424 2215 Claudianus
439 2185 469 2215 d.
485 2185 506 2214 l.
525 2186 596 2215 107.
610 2187 692 2216 bellis
705 2190 889 2218 accommoda

228 2244 357 2270 cornus,·
381 2233 498 2264 Statius
513 2233 544 2264 d.
560 2233 583 2263 l.
601 2234 742 2276 infandos
757 2237 824 2266 belli
836 2248 888 2276 po-

231 2287 302 2311 tura
330 2292 449 2312 cruores
480 2281 644 2312 Fraxinus.
698 2283 889 2325 Cui-rataque

228 2329 279 2359 vix
304 2329 474 2370 genuinum
498 2335 557 2360 est.
604 2330 669 2360 Iler
689 2333 783 2368 enirn,
799 2334 889 2364 arbor

228 2378 306 2408 tanti
331 2377 457 2414 roboris,
483 2378 645 2419 glandium
673 2380 800 2411 levitate
826 2393 886 2413 non

227 2431 384 2457 curvatur.

272 2477 326 2506 95.
355 2477 505 2507 Platanus
523 2483 646 2519 propter
665 2478 822 2507 umbrosos
842 2489 886 2508 ra-

230 2534 295 2554 mos
310 2530 398 2565 grata
409 2526 589 2566 potantibus
605 2531 636 2556 et
649 2525 706 2556 sibi
723 2525 887 2567 indulgen-

228 2572 323 2603 tibus.
373 2573 459 2614 Virg.
482 2575 597 2615 Georg.
622 2575 663 2605 iv.
690 2576 759 2605 146.
804 2575 886 2606 Hinc

229 2620 286 2650 hoc
302 2621 370 2651 loco
383 2622 519 2653 suaviter
531 2625 671 2664 genialis,
685 2623 723 2653 de
739 2633 799 2664 quo
815 2623 885 2654 vide

229 2668 266 2700 ad
282 2669 323 2700 iv.
342 2671 392 2700 14.
430 2671 512 2702 Hinc
529 2671 621 2702 etiam
636 2672 669 2702 in
683 2671 883 2713 compotatio-

1529 954 1619 997 lOO

961 1081 1034 1100 num
1046 1069 1306 1111 descriptionibus
1318 1069 1493 1110 frequenter
1502 1069 1621 1110 platani

961 1118 995 1149 fit
1031 1118 1157 1148 mentio.
1206 1118 1359 1147 Color-ibus
1396 1120 1501 1156 impar,
1534 1117 1624 1147 variis

960 1167 1126 1197 coloribus.
1172 1166 1280 1196 Aceris
1296 1176 1393 1196 unum
1406 1176 1507 1206 genus
1520 1165 1620 1207 crispo

960 1215 1153 1246 macularum
1168 1214 1310 1245 discursu
1326 1222 1385 1249 est,
1397 1215 1429 1244 in
1442 1213 1620 1244 similitudi-

959 1274 1031 1294 nem
1045 1262 1153 1294 caudae
1169 1273 1344 1304 pavonum3
1369 1262 1502 1298 Plinius,
1519 1263 1561 1292 H.
1577 1262 1620 1293 N.

959 1313 1024 1343 xvi.
1043 1314 1093 1342 15.
1141 1311 1210 1342 Nisi
1231 1318 1322 1353 putes
1343 1311 1381 1342 ad
1403 1311 1475 1342 folia
1497 1311 1620 1352 respici,

959 1371 1089 1401 quorum
1105 1360 1186 1390 latus
1202 1361 1343 1401 superius
1356 1359 1511 1390 viriditate
1526 1360 1620 1401 nigri—

959 1415 1061 1445 cante,
1076 1408 1203 1439 inferius
1219 1408 1378 1439 albicante
1393 1408 1527 1448 insigne.

1001 1458 1054 1487 96.
1084 1458 1246 1488 Amnicolae
1277 1467 1357 1487 nova
1386 1455 1620 1498 compositione,

959 1516 1028 1547 quae
1041 1505 1184 1536 habitant
1199 1506 1239 1536 ad
1253 1516 1370 1541 amnes,
1382 1510 1488 1536 amant
1502 1515 1620 1541 amnes,

959 1562 1046 1596 tropo
1062 1556 1100 1585 ab
1117 1555 1327 1585 animantibus
1342 1554 1448 1596 petito,
1465 1565 1534 1595 quae
1550 1565 1619 1596 pro-

958 1603 1022 1645 prie
1038 1604 1106 1634 loca
1123 1603 1222 1633 colere
1238 1603 1394 1633 dicuntur.
1419 1602 1470 1632 De
1480 1604 1620 1642 aquatica

960 1654 1017 1683 loto
1032 1653 1103 1683 vide
1117 1652 1157 1683 ad
1172 1651 1214 1682 ix.
1230 1653 1304 1683 341.
1343 1652 1479 1692 Myr-ica,
1494 1651 1620 1692 virgulti

959 1712 1068 1742 genus,
1081 1701 1172 1731 hodie
1187 1701 1399 1731 Tamariscurn
1414 1714 1419 1730 :
1446 1700 1517 1730 vide
1533 1700 1622 1730 Mar-

959 1751 1016 1780 tin.
1040 1750 1081 1780 ad
1104 1750 1192 1791 Virg.
1216 1750 1285 1780 Ecl.
1308 1749 1349 1780 iv.
1364 1751 1394 1779 2.
1419 1749 1472 1780 ubi
1496 1750 1623 1780 humiles

960 1805 1126 1829 vocantur:
1151 1805 1182 1829 et
1197 1798 1240 1829 sic
1258 1799 1352 1829 etiam
1368 1799 1400 1828 h.
1415 1799 1435 1829 l.
1452 1797 1512 1829 duo
1526 1798 1622 1828 MSS.

960 1847 1022 1877 Sed
1046 1848 1246 1877 Burmannus
1270 1853 1386 1881 censet,
1403 1847 1462 1877 hoc
1486 1857 1524 1877 ex
1548 1846 1619 1877 Vir-

959 1896 1034 1936 gilio
1050 1895 1183 1925 librariis
1200 1896 1229 1925 in
1250 1902 1386 1926 mentem
1404 1896 1537 1926 venisse.
1554 1895 1624 1926 Art.

959 1944 1066 1974 Amat.
1080 1944 1125 1974 iii.
1141 1945 1353 1985 691.f1·agiles
1368 1946 1498 1984 myricae.

1001 1994 1053 2024 98.
1085 1993 1204 2023 Caerulcz
1229 1993 1338 2033 cinna]
1378 1992 1512 2028 Plinius,
1536 1992 1623 2025 Hist.

959 2041 1037 2070 Nat.
1062 2052 1114 2070 xv.
1140 2051 1210 2083 cap.
1232 2041 1288 2071 ult.
1336 2046 1356 2058 “
1374 2041 1487 2071 Tinum
1511 2040 1620 2071 silves-

958 2094 1035 2118 trem
1060 2089 1182 2118 laurum
1208 2089 1304 2130 aliqui
1328 2089 1519 2130 intelligunt,
1544 2100 1620 2120 non-

960 2137 1037 2168 nulli
1052 2136 1099 2167 sui
1115 2137 1236 2178 generis
1251 2139 1400 2169 arborem.
1438 2138 1553 2169 Differt
1567 2149 1619 2170 co-

958 2186 1023 2224 lor;
1046 2193 1092 2217 est
1107 2186 1189 2217 enim
1205 2187 1339 2217 caeruela
1354 2187 1490 2217 bacca.''
1517 2188 1618 2219 Fleti-

953 2237 1040 2274 pedes
1050 2235 1220 2266 rectissime
1234 2235 1435 2266 restituerunt
1445 2235 1619 2272 Turnebus,

957 2284 1088 2315 Advers.
1105 2285 1158 2315 23.
1176 2290 1207 2315 et
1223 2284 1263 2315 G.
1280 2284 1443 2315 Fabricius
1460 2284 1499 2314 ad
1514 2283 1619 2326 Virgi-

956 2333 1032 2363 lium
1044 2333 1114 2363 Ecl.
1129 2333 1170 2363 iv.
1185 2334 1235 2363 19.
1262 2334 1317 2363 Est
1329 2334 1412 2363 enim
1424 2333 1618 2374 elegantissi-

956 2391 1041 2411 mum
1057 2387 1087 2411 et
1102 2391 1216 2412 novum
1237 2381 1407 2422 epitheton,
1424 2391 1486 2421 quo
1505 2391 1616 2412 ornan-

955 2435 1004 2459 tur
1018 2429 1151 2465 hederae,
1169 2441 1238 2470 quae
1256 2429 1345 2460 flexis
1362 2429 1503 2470 flagellis,
1520 2431 1616 2462 veluti

955 2477 1097 2518 pedibus,
1120 2484 1174 2508 aut
1198 2479 1336 2508 brachiis
1364 2489 1401 2508 ex
1429 2489 1461 2508 se
1484 2479 1614 2516 emissis,

956 2526 1077 2557 arbores
1086 2526 1204 2556 vicinas
1218 2527 1459 2568 amplectuntur.
1482 2526 1613 2564 Plinius,

957 2574 1040 2604 Hist.
1056 2575 1131 2604 Nat.
1147 2574 1210 2604 xvi.
1228 2576 1281 2605 34.

1000 2624 1071 2652 100.
1101 2623 1196 2653 Ulmis
1212 2623 1242 2652 in
1259 2623 1355 2653 Italia
1371 2622 1448 2653 vites
1464 2623 1615 2664 adjunge-

955 2672 1078 2707 bantur,
1089 2671 1172 2712 quod
1188 2673 1331 2701 maritare
1343 2672 1481 2702 arborem
1491 2671 1615 2708 dicitur,
