1779 3130
362 152 978 194 METAMORPHOSEON
1012 151 1130 192 LIB.
1164 150 1282 194 XII.
1434 153 1517 194 „19

132 264 378 330 Tempora
401 266 659 330 perfringit
683 266 813 313 fulvo
839 273 1063 330 protecta
1089 266 1286 330 capillo.

134 340 364 405 Correpti
391 343 578 405 rapida,
606 343 757 389 veluti
785 359 928 405 seges
949 343 1100 397 arida,
1129 343 1327 389 flamma

134 417 376 464 Arserunt
400 418 588 473 crines3
631 426 680 464 et
705 419 907 465 vulnere
933 419 1133 481 sanguis
1159 418 1354 466 inustus
1428 423 1525 467 275

133 492 424 540 Terribilem
446 493 653 540 stridore
682 510 856 540 sonum
882 495 1046 551 dedit3
1077 502 1133 540 ut
1157 495 1273 542 dare
1298 495 1479 542 ferrum

137 568 260 630 Igne
285 570 467 616 rubens
494 571 788 633 plerumque
815 572 956 626 solet,
980 572 1113 633 quod
1136 571 1322 635 forcipe
1347 588 1495 620 curva

136 644 300 698 Quum
327 646 464 693 faber
490 647 681 702 eduxit,
708 647 916 694 lacubus
943 647 1189 695 demittit:
1227 657 1276 695 at
1301 648 1421 695 illud

139 720 343 777 Stridet,
369 731 419 769 et
444 723 706 786 intrepida
731 724 1045 770 submersum
1071 724 1239 770 sibilat
1264 725 1412 772 unda.

141 796 350 845 Saucius
377 799 578 845 hirsutis
605 799 801 846 avidum
827 800 888 846 de
911 800 1128 846 crinibus
1154 801 1320 862 iguem
1430 805 1527 848 280

141 872 375 929 Excutit;
420 876 569 938 inque
595 876 826 923 humeros
848 876 999 923 limen
1025 876 1202 923 tellure
1228 878 1472 924 revulsum

137 948 301 1006 Tollit,
320 967 442 998 onus
470 952 673 1015 plaustri
693 968 702 999 :
733 952 866 1014 quod
887 968 949 998 ne
972 953 1225 1015 permittat
1246 953 1294 999 in
1314 953 1526 1009 hostem,

139 1025 257 1089 Ipsa
282 1027 398 1075 facit
420 1029 630 1090 gravitas
650 1046 659 1076 ε
698 1029 887 1075 socium
911 1044 1111 1092 quoque
1138 1045 1291 1076 saxea
1314 1031 1470 1077 moles

141 1102 408 1167 Oppressit
425 1102 584 1169 spatio
601 1114 815 1153 stantem
837 1106 1065 1169 propiore
1083 1106 1348 1161 Cometen3
1381 1106 1526 1168 [quit,

143 1179 340 1228 Gaudia
365 1198 455 1229 nec
476 1183 655 1230 retinet
675 1183 888 1229 Rhoetus
909 1200 917 1229 :
949 1189 979 1205 “
1000 1182 1082 1228 Sic
1103 1182 1438 1244 comprecor,⁷'
1456 1183 1526 1228 in-

143 1262 173 1279 “
202 1257 399 1305 Caetera
423 1260 485 1306 sit
510 1259 648 1307 fortis
674 1266 946 1306 castrorum
972 1259 1117 1305 turba
1142 1266 1337 1306 tuorum
1353 1259 1396 1304 1⁹⁷

143 1331 550 1399 Semicremoque
576 1344 723 1383 novat
746 1336 1014 1400 repetitum
1041 1335 1209 1399 stipite
1232 1336 1436 1391 vulnus;

142 1408 340 1473 Terque
366 1419 643 1476 quaterque
669 1413 802 1475 gravi
822 1414 1082 1475 juncturas
1107 1412 1305 1459 verticis
1330 1412 1431 1459 ictu

144 1485 328 1550 Rupit3
371 1496 420 1535 et
444 1490 492 1536 in
517 1490 707 1552 liquido
733 1489 969 1536 sederunt
993 1505 1106 1536 ossa
1131 1489 1349 1536 cerebro.

144 1608 267 1649 plurimi
289 1611 449 1652 persi-egil.
492 1611 644 1648 prolecta,
662 1621 715 1653 pro
731 1611 802 1641 sim-

141 1656 215 1697 plici
228 1665 316 1694 εει-τα,
329 1666 363 1690 ut
379 1666 409 1690 et
421 1671 491 1690 mox
504 1671 584 1691 vers.
599 1662 672 1692 351.
684 1667 715 1691 et
731 1662 804 1691 431.

187 1707 263 1737 274.
305 1709 440 1749 Correpti
476 1712 603 1749 r11l›ida,·
641 1709 804 1741 Palatinus

145 1759 273 1796 correpti
290 1759 402 1788 valida.
448 1758 543 1798 Regii
564 1758 659 1789 nostri
681 1758 804 1789 codices

144 1807 262 1844 rupida,
279 1807 361 1847 quod
383 1813 430 1837 est
451 1807 607 1848 proprium
629 1807 669 1838 de
690 1818 721 1839 re
742 1808 803 1838 lev¹

145 1853 405 1894 incandescente3
432 1858 531 1886 valida
551 1857 663 1887 melius
680 1856 719 1887 de
738 1867 803 1887 cor-

145 1913 218 1944 pore
239 1914 342 1935 crasso
363 1911 394 1936 et
409 1905 485 1935 duro
502 1905 654 1936 diceretur
669 1919 674 1935 z
700 1906 805 1936 confer

145 1951 199 1982 vii.
217 1953 293 1984 326.
317 1959 348 1984 et
380 1965 448 1995 quae
481 1954 519 1985 ad
541 1954 575 1985 ii.
599 1956 669 1986 123.
694 1955 806 1986 dixerit

150 2001 267 2044 Gierz'g.
304 2003 433 2034 Vulnere
450 2005 578 2039 inustus,
594 2010 681 2034 ustus
696 2005 727 2035 in
738 2005 806 2035 vul-

149 2061 232 2082 nere.
278 2052 412 2083 Stridore
440 2064 542 2083 sonum
568 2064 584 2084 e
609 2054 699 2094 copia.
722 2059 805 2095 poet.

149 2110 212 2140 pro,
227 2099 398 2132 stridorem.
449 2102 490 2131 Ut
505 2104 578 2132 dure
589 2102 727 2142 ferrum,
747 2108 806 2133 etc.

148 2148 268 2178 Eadem
297 2149 467 2180 similitudo
493 2151 536 2181 ix.
560 2152 642 2188 1703
667 2151 721 2181 sed
748 2151 805 2181 hoc

149 2197 217 2227 loco
239 2208 310 2228 cum
333 2198 437 2240 aliquo
456 2199 681 2235 additamento,
697 2205 727 2230 et
741 2210 805 2230 me-

150 2245 208 2276 lius
225 2247 375 2278 adhibita.
409 2249 539 2279 Brevius
554 2248 717 2289 Virgilius,
731 2250 807 2279 AEn.

151 2294 207 2325 xii.
223 2296 301 2333 3003
327 2307 387 2337 quo
404 2297 471 2327 loco
488 2302 519 2327 et
534 2297 599 2338 ipso
613 2297 726 2338 aliquis
742 2308 806 2328 am-

150 2343 275 2374 bustum
295 2350 405 2376 torrem
429 2346 468 2376 ab
491 2356 544 2377 ara
559 2347 650 2388 rapit,
667 2351 698 2377 et
721 2346 808 2377 alteri

154 2393 287 2434 Occupat
309 2407 337 2426 os
348 2397 500 2437 flammis:
524 2397 577 2425 olli
601 2398 705 2437 ingens
720 2397 809 2427 barba

152 2444 275 2479 reluxit,
312 2444 511 2485 Nidoremque
547 2446 681 2475 ambusta
718 2446 810 2476 dedit.

155 2491 295 2531 Trepida,
327 2504 397 2534 quae
427 2493 566 2524 imitatur
596 2500 712 2524 motum
741 2494 808 2524 bul·

152 2539 257 2571 lientis
282 2552 383 2582 aquae,
404 2542 478 2584 quia
501 2543 583 2584 quod
608 2543 699 2573 bullit
721 2545 811 2582 trepi-

154 2590 226 2619 dare
255 2590 386 2622 videtur.
442 2592 527 2622 Nota
561 2593 667 2627 etiam,
693 2593 813 2622 sibilare

156 2636 205 2667 hic
228 2638 267 2668 de
291 2639 419 2671 stridore
443 2639 512 2671 ferri
535 2639 696 2671 candentis
723 2650 809 2671 usur-

154 2692 273 2726 patum.

1433 1493 1529 1536 289

914 1612 987 1641 281.
1022 1612 1170 1641 Breuem
1194 1621 1276 1641 nunc
1300 1610 1453 1651 pulsando
1477 1621 1530 1641 ex-

872 1660 1024 1701 tinguere,
1054 1671 1149 1702 quum
1180 1660 1254 1690 alibi
1282 1659 1322 1690 sit
1350 1659 1530 1701 quatiendo,

872 1709 1061 1739 verberando
1089 1708 1244 1750 expellere
1272 1714 1365 1750 atque
1386 1708 1532 1750 abjicere.

873 1758 990 1794 Limen,
1013 1769 1083 1788 mox
1105 1769 1191 1788 saxea
1215 1759 1310 1787 moles.
1358 1758 1532 1795 Per-mittat,

872 1806 1029 1837 immittat.

915 1856 988 1886 285.
1004 1856 1127 1885 Gaudia
1138 1866 1189 1885 nec
1205 1857 1326 1891 retinet,
1339 1855 1418 1895 etc.]
1433 1855 1531 1885 Hein-

871 1903 934 1934 sius
959 1904 1070 1934 suadet
1099 1910 1153 1934 aut
1184 1906 1326 1940 retinens,
1354 1909 1407 1934 aut
1435 1907 1532 1944 sicque

872 1965 887 1982 0
914 1963 1039 1992 precor,·
1065 1952 1192 1994 quidam
1221 1954 1262 1982 sic
1291 1955 1332 1982 sic
1359 1964 1473 1992 precor,
1497 1958 1532 1983 ut

873 2001 956 2043 apud
978 2001 1089 2042 virgil.
1113 2003 1189 2032 AEn.
1214 2001 1247 2031 ii.
1270 2002 1353 2040 6603
1377 2001 1431 2031 sed
1455 2013 1532 2032 com-

873 2061 976 2089 precor
991 2050 1049 2081 hoc
1066 2050 1134 2080 loco
1148 2056 1194 2081 est
1209 2061 1263 2092 pro
1281 2050 1415 2092 simplici
1428 2062 1533 2090 precor

874 2104 908 2129 ut
933 2110 962 2129 x.
988 2100 1059 2129 640.
1109 2099 1247 2130 Rhoetum
1271 2098 1365 2130 etiam
1382 2099 1533 2140 Virgilius

875 2148 979 2179 habet.
1025 2149 1084 2184 Sic,
1113 2148 1144 2178 in
1173 2148 1343 2190 perniciem
1372 2149 1535 2182 sociorum.

875 2199 916 2228 Et
951 2197 1089 2239 optantis
1117 2203 1148 2227 et
1179 2197 1380 2239 imprecantis
1406 2200 1447 2228 sic
1473 2204 1533 2230 est.

878 2246 994 2282 Castra,
1020 2253 1132 2288 partes,
1157 2246 1251 2277 etiam
1266 2257 1330 2278 ver.
1353 2246 1426 2277 577.
1450 2252 1481 2277 et
1504 2258 1534 2278 v.

881 2296 951 2325 128.
998 2296 1190 2325 semim-emus
1215 2306 1329 2325 novum
1348 2295 1456 2325 vocab.
1480 2306 1534 2337 pro

875 2346 1102 2379 semia-remotus,
1131 2343 1261 2374 dimidia
1293 2354 1330 2374 ex
1358 2349 1444 2384 parte
1468 2354 1532 2374 cre-

876 2399 989 2423 matus.
1036 2392 1135 2422 Norat
1150 2395 1309 2432 repetitum
1325 2403 1341 2422 e
1356 2392 1447 2433 copia
1461 2403 1535 2434 poe-

878 2442 951 2476 tica,
978 2441 1093 2482 repetit
1114 2441 1243 2472 vulnus:
1270 2452 1378 2471 novare
1409 2447 1463 2471 aut
1488 2453 1536 2472 re-

878 2502 986 2521 novare
1000 2490 1122 2526 vulnus,
1136 2490 1257 2532 proprie
1272 2490 1385 2520 vulnus
1401 2490 1467 2532 jam
1482 2501 1533 2521 sa-

880 2545 985 2570 natum
1020 2539 1207 2574 rescindere,
1237 2539 1293 2569 hoc
1325 2539 1393 2569 loco
1421 2549 1534 2570 novum

880 2588 1004 2624 addere,
1021 2594 1170 2630 repetere.
1197 2589 1343 2619 Sedet-unt
1360 2599 1446 2627 ossa,·
1464 2588 1534 2619 vide

879 2637 917 2667 ad
931 2636 974 2668 iii.
991 2638 1045 2667 88.
