1779 3130
244 186 327 225 418

640 185 688 224 P.
724 182 936 223 OVIDII
973 183 1252 224 NASONIS

250 299 339 345 Dis
366 299 482 344 lieet
507 304 620 344 aeta
647 297 825 344 Deum.
883 297 1010 344 Jano
1036 298 1145 344 loca
1163 299 1341 359 juncta
1366 298 1603 344 tenebant

250 374 436 421 Naides
463 374 714 428 Ausoniae,
742 373 906 435 gelido
932 374 1147 420 rorantia
1169 373 1331 420 fonte:

1537 376 1633 419 786

248 449 353 496 Has
379 458 517 513 rogat
541 450 797 506 auxilium,
825 466 916 497 nec
945 450 1195 513 Nymphae
1215 451 1354 512 justa
1377 457 1632 513 petentem

251 525 544 573 Sustinuere
573 526 761 582 Deam3
790 542 1059 588 venasque,
1087 534 1137 573 et
1161 526 1363 572 flumina
1387 525 1536 573 fontis

255 602 477 650 Elieuere
505 602 606 649 sui:
647 603 867 648 nondum
892 609 1059 648 tamen
1085 602 1215 648 invia
1239 601 1268 648 J
1275 603 1354 648 ani

251 679 352 743 Ora
376 679 591 741 patentis
618 686 771 733 erant,
800 694 963 739 neque
990 678 1082 724 iter
1107 678 1429 740 praecluserat
1453 678 1601 724 unda.

251 754 434 802 Lurida
458 762 745 818 supponunt
769 753 1000 799 foecundo
1027 752 1213 799 sulfura
1235 752 1375 808 fonti,

1542 757 1631 800 791

250 831 636 893 Ineenduntque
661 846 805 877 cavas
832 830 1052 877 fumante
1077 829 1318 876 bitumine
1343 845 1510 876 venas.

249 907 449 953 Viribus
476 907 551 953 his
578 907 788 969 aliisque
814 921 966 968 vapor
991 906 1267 968 penetravit
1292 906 1354 952 ad
1379 906 1477 952 ima

251 983 449 1041 Fontis;
491 993 540 1031 et
566 983 753 1046 Alpino
779 984 926 1030 modo
953 999 1065 1046 quae
1091 990 1279 1029 certare
1304 982 1451 1044 rigori

247 1061 524 1107 Audebatis
552 1076 712 1123 aquae,
741 1076 838 1107 non
864 1060 1042 1106 ceditis
1068 1059 1267 1121 ignibus
1293 1059 1430 1122 ipsis.

1543 1062 1637 1106 795

246 1136 560 1184 Flammifera
585 1137 767 1199 gemini
788 1137 980 1184 fumant
1005 1137 1265 1200 aspergine
1291 1143 1476 1199 postes,

248 1213 498 1276 Portaque
524 1214 864 1277 nequidquam
890 1214 1057 1276 rigidis
1083 1213 1328 1276 permissa
1355 1212 1553 1259 Sabinis

251 1289 408 1337 Fonte
432 1289 524 1336 fuit
548 1298 840 1353 praestructa
861 1306 1013 1346 novo3
1056 1290 1175 1335 dum
1202 1289 1413 1336 Martius
1439 1305 1574 1336 arma

250 1365 489 1413 Indueret
514 1366 683 1413 miles:
725 1382 836 1429 quae
862 1374 1129 1429 postquam
1156 1366 1401 1413 Romulus
1427 1367 1555 1412 ultro

253 1442 466 1498 Obtulit,
495 1450 543 1490 et
569 1449 723 1489 strata
747 1450 823 1489 est
847 1443 995 1489 tellus
1023 1442 1250 1489 Romana
1276 1442 1474 1490 Sabinis

1545 1446 1640 1489 800

254 1519 574 1582 Corporibus,
593 1527 748 1566 strata
772 1527 950 1582 estque
970 1519 1094 1576 suis3
1125 1520 1393 1582 generique
1418 1535 1640 1567 cruorem

251 1685 298 1716 (1ae
315 1685 463 1716 scaturire
483 1691 659 1726 coeperunt,
677 1686 790 1726 quibus
805 1686 913 1716 Sabini

251 1734 395 1776 prohibiti
412 1740 484 1764 sunt
498 1734 657 1764 Romanos
669 1734 798 1765 ulterius
810 1745 915 1776 perse—

252 1783 304 1824 qui
318 1795 325 1820 ;
350 1789 441 1824 poeta
457 1788 561 1813 autern
576 1783 720 1825 precibus
735 1784 868 1815 Veneris
882 1784 913 1814 id

251 1831 368 1862 factum
385 1832 478 1862 fuisse
494 1831 548 1862 ait.

296 1880 368 1911 787.
397 1880 462 1910 Has
485 1881 600 1921 rogat]
635 1881 724 1911 Unus
749 1881 914 1912 Mediceus

254 1928 320 1958 Has
340 1931 426 1968 petit,
444 1934 479 1959 ut
502 1929 542 1959 sit
565 1929 706 1970 repetitio
730 1930 844 1960 Ovidio
869 1931 912 1961 fa-

252 1977 390 2008 miliaris.
437 1977 505 2008 Non
535 1981 661 2009 sustinet
690 1979 833 2015 alterum,
859 1980 912 2020 qui

252 2036 312 2055 non
328 2025 460 2056 sustinet
475 2026 502 2056 ei
524 2037 649 2066 negare,
666 2026 748 2067 quod
769 2027 912 2068 petierat,

251 2073 305 2114 qui
318 2084 378 2104 non
389 2080 490 2115 potest
502 2085 561 2104 non
573 2075 751 2106 satisfacere
764 2076 830 2116 ejus
843 2086 912 2117 pre-

252 2122 359 2159 cibus3
387 2122 497 2152 Cicero
524 2123 562 2152 ad
585 2123 659 2153 Div.
682 2123 723 2153 xi.
742 2125 793 2154 13.
813 2124 911 2158 Quum

253 2173 398 2200 sustinere
418 2182 462 2201 eos
482 2184 539 2202 non
558 2179 671 2211 possem
696 2172 814 2208 Livius,
828 2173 913 2204 xxxi.

256 2220 305 2249 13.
318 2220 445 2250 Senatus
459 2227 611 2260 querentes
627 2232 671 2251 eos
688 2233 743 2251 non
759 2223 914 2252 sustinuit.

253 2268 346 2305 Quod
370 2269 420 2299 hie
445 2270 601 2312 Nymphis
624 2271 777 2306 tribuitur,
801 2271 832 2301 id
857 2272 915 2302 sibi

254 2317 312 2358 ipsi
336 2317 476 2348 vindicat
499 2319 609 2354 Janus,
626 2320 710 2349 Fast.
725 2320 745 2350 i.
761 2320 824 2350 ⁶269
847 2330 916 2360 sqq.

253 2365 352 2395 Janus
372 2373 485 2405 patens,
507 2367 657 2408 templum
679 2368 753 2397 Jani
778 2374 915 2409 tempore

255 2414 331 2444 belli
357 2420 487 2455 patens3
511 2416 595 2445 Fast.
613 2415 634 2446 i.
650 2417 724 2447 279.
745 2416 787 2446 Ut
808 2420 916 2456 populo

256 2464 370 2492 reditus
389 2469 512 2502 pateant
533 2466 571 2493 ad
589 2465 663 2493 bella
681 2464 824 2505 prqfectn,
844 2465 915 2495 Tota

252 2518 332 2549 patet
346 2513 573 2551 demptajanua
588 2519 684 2542 nostru
697 2523 772 2543 sera.
807 2515 914 2550 Quan-

254 2569 347 2599 quam
368 2560 400 2590 id
422 2560 549 2591 demum
565 2560 681 2591 sactum
701 2561 773 2591 inde
796 2571 814 2592 a
837 2567 914 2591 tem-

254 2617 327 2648 pore
356 2609 469 2639 Numae
499 2609 659 2650 Pompilii.
705 2609 792 2640 Male
823 2610 914 2640 Bers-

255 2665 363 2686 mann.
380 2668 396 2687 e
419 2658 606 2698 quibusdam
629 2658 752 2700 praefert
770 2661 913 2697 parentis,

255 2705 330 2744 quia
342 2705 441 2736 Janus
456 2707 548 2737 Pater
561 2707 662 2738 dictus
678 2713 723 2737 est
736 2719 744 2744 3
770 2708 913 2738 Lactant.

982 1687 1060 1717 Inst.
1092 1686 1133 1717 iv.
1161 1687 1193 1716 3.

982 1736 1088 1770 habet,
1105 1740 1138 1765 ut
1159 1742 1185 1765 ez
1208 1745 1309 1776 saepe:
1339 1745 1451 1776 nempe
1475 1733 1560 1764 unda
1582 1744 1642 1763 non

981 1784 1181 1826 praecluserat
1206 1783 1274 1814 iter.
1320 1784 1439 1814 Lurida
1462 1789 1643 1822 supponunt,

981 1838 1042 1863 etc.
1088 1833 1224 1863 Causam
1246 1832 1339 1874 hujus
1360 1838 1527 1873 apparatus
1542 1830 1643 1862 reddit

982 1881 1174 1916 Lactantius,
1191 1882 1267 1922 Arg.
1283 1886 1303 1898 “
1315 1883 1394 1918 Quae
1411 1891 1506 1921 quum
1523 1880 1642 1920 frigida·

981 1930 1115 1961 hostium
1131 1930 1288 1961 introitum
1305 1941 1365 1960 non
1381 1930 1588 1971 prohiberent,
1605 1940 1642 1959 ex

982 1979 1101 2020 frigidis
1117 1979 1147 2009 in
1163 1979 1281 2010 calidas
1297 1989 1404 2014 versae,
1418 1979 1538 2009 hostem
1555 1988 1642 2009 aver-

981 2028 1119 2058 terunt.'’

1026 2077 1099 2106 794.
1134 2078 1264 2116 Alpinus
1288 2077 1383 2117 rigor,
1407 2081 1441 2106 ut
1471 2076 1642 2116 Scythicum

1243 1686 1345 1726 Neque
1373 1685 1435 1716 vim
1465 1684 1641 1726 explicandi

972 2127 1095 2167 frigus,
1110 2125 1141 2155 in
1164 2125 1360 2166 proverbium
1385 2124 1527 2162 abierat3
1552 2125 1642 2165 Virg-

982 2175 1053 2205 Ecl.
1083 2186 1114 2205 x.
1144 2175 1196 2204 47.
1222 2175 1339 2214 Alpinae
1366 2176 1446 2204 nives
1469 2181 1498 2204 et
1516 2175 1642 2215 frigora

985 2224 1095 2254 Rheni.
1143 2224 1263 2254 Gemini
1278 2230 1379 2262 postes,
1395 2223 1464 2254 duae
1482 2223 1587 2264 januae
1611 2222 1641 2253 in

982 2273 1054 2304 Jani
1082 2272 1198 2314 templo
1224 2272 1281 2303 sibi
1306 2272 1466 2313 oppositae.
1512 2272 1643 2313 Rigidis,

983 2321 1158 2359 bellicosis;
1180 2322 1246 2362 ipse
1266 2321 1354 2350 Mars
1378 2322 1494 2362 rigidus
1509 2321 1573 2350 viii.
1589 2322 1643 2351 20.

983 2370 1068 2399 Ante
1104 2369 1267 2399 Heinsium
1301 2369 1451 2399 edebatur
1486 2373 1641 2408 promissa.

983 2417 1091 2448 Codex
1116 2417 1238 2458 Regius
1259 2418 1300 2447 A.
1313 2420 1474 2457 promissa,·
1500 2418 1555 2448 sed
1578 2429 1642 2449 me-

983 2466 1042 2496 lius
1066 2465 1097 2495 in
1119 2466 1225 2496 codice
1244 2466 1281 2495 B.
1296 2469 1448 2506 permissa,
1465 2467 1496 2497 id
1519 2472 1566 2498 est
1581 2473 1644 2498 tra-

983 2514 1062 2544 dita.

1026 2564 1101 2593 801.
1127 2563 1294 2603 Generiqne
1310 2575 1444 2594 cruorem
1459 2576 1525 2594 cum
1541 2567 1643 2600 soceri,

983 2611 1060 2651 etc.]
1094 2611 1187 2652 Apud
1211 2611 1345 2648 Livium,
1362 2613 1384 2643 i.
1404 2615 1452 2644 13.
1468 2620 1564 2654 raptae
1587 2623 1643 2654 pa-

983 2666 1054 2695 tres,
1072 2659 1214 2701 virosque
1239 2666 1360 2701 rogant,
1383 2673 1420 2692 ne
1443 2673 1471 2692 se
1497 2663 1643 2703 sanguine

984 2708 1114 2749 nefando
1137 2712 1228 2739 soceri
1246 2713 1407 2750 generique
1426 2718 1641 2751 respergerent.
