1779 3130
728 168 957 210 INDEX.
1504 190 1527 215 v

154 275 301 306 Omnium
317 286 415 307 rerum
430 277 666 310 vicissitudinem
680 289 756 310 esse.

152 323 264 354 Annus
279 324 310 354 in
326 331 456 362 quatuor
470 332 582 363 partes.

153 373 291 409 Quatuor
305 373 437 404 hominis
452 380 566 406 aetates.

150 422 280 460 Sperma
294 423 425 453 hominis
439 424 471 454 in
486 425 651 456 hominem.

153 470 200 500 Ex
215 476 344 508 quatuor
357 472 516 503 elementis
529 474 632 504 omnia
645 474 718 504 fieri.

153 519 268 550 Omnia
281 521 314 550 in
329 527 458 558 quatuor
471 522 622 554 elementa
636 523 753 554 resolvi.

152 569 245 600 Terra
259 569 291 600 in
306 580 401 602 mare.

152 618 242 650 Mare
256 619 288 649 in
303 624 424 650 terram.

153 667 236 697 Mira
251 667 328 705 Lyci
343 668 476 699 fluminis
491 675 609 700 natura.

153 715 301 747 Erasinus
315 716 435 747 fluvius.

153 764 266 795 Caicus
280 765 399 795 fluvius.

153 812 330 844 Amasenus
344 813 463 845 fluvius.

153 862 288 900 Anigrus
303 863 422 893 fluvius.

152 911 297 948 Hypanis
312 911 432 942 fluvius.

151 960 267 990 Insulae
281 961 313 990 in
327 961 546 991 continentem.

152 1009 199 1039 Ex
213 1009 382 1040 continenti
398 1009 516 1040 insulae.

151 1058 260 1090 Helice
275 1059 421 1097 Buraque
435 1059 525 1090 urbes
539 1060 713 1090 submersae.

152 1109 199 1138 Ex
214 1108 342 1146 planitie
356 1113 486 1139 montes.

149 1157 234 1187 Mira
249 1167 397 1194 aquarum
412 1161 531 1187 natura.

151 1207 274 1237 Crathis
288 1213 318 1237 et
333 1206 456 1243 Sybaris
471 1206 564 1237 fluvii.

151 1255 332 1286 Salmacidis
346 1255 437 1286 fontis
453 1261 572 1286 natura.

152 1304 319 1342 AEthiopiae
335 1304 431 1334 lacus.

150 1354 268 1384 Cliton'i
282 1353 365 1384 fluvii
381 1359 498 1383 natura.

151 1404 322 1441 Lyncestus
337 1402 458 1433 fluvius.

149 1453 291 1484 Arcadiae
305 1453 402 1483 lacus.

149 1501 278 1540 Ortygia
292 1501 395 1532 insula
407 1511 446 1532 ex
460 1499 565 1530 mobili
580 1499 755 1531 immobilis.

148 1550 369 1588 Symplegades
380 1549 488 1579 insulae
502 1549 576 1579 olim
590 1548 756 1581 instabiles,

149 1599 256 1630 AEtnae
267 1598 379 1629 montis
394 1597 581 1629 incendium.

148 1648 298 1679 Homines
312 1647 344 1678 in
359 1657 441 1678 aves.

147 1697 299 1734 Scythicae
313 1696 456 1728 mulieres
471 1696 502 1727 in
519 1706 599 1728 aves.

148 1747 236 1783 Apes
251 1756 289 1777 ex
301 1745 414 1776 vitulis.

147 1795 319 1826 crabrones
330 1804 367 1826 ex
381 1794 479 1832 equis.

148 1845 290 1883 Scorpius
304 1855 342 1877 ex
356 1854 476 1875 cancro.

875 280 978 313 Tineae
994 289 1124 319 agrestes
1140 283 1171 313 in
1186 282 1367 320 papiliones.

877 330 983 360 Limus
997 330 1028 361 in
1044 341 1143 361 ranas.

876 379 1018 408 Informis
1032 389 1101 409 earo
1116 379 1147 409 in
1162 390 1276 410 ursum.

876 426 962 463 Apes
977 426 1041 458 sine
1057 427 1195 464 pedibus.

880 476 962 506 Aves
977 487 1013 506 ex
1029 476 1075 505 ovi
1091 476 1205 506 medio.

878 524 1020 554 Hominis
1036 525 1131 562 spinae
1146 525 1281 556 medulla
1295 525 1326 555 in
1341 535 1482 564 anguem.

878 572 1011 603 Phoenix
1026 583 1063 603 ex
1077 573 1187 610 seipso.

879 621 1031 658 Hyaenam
1056 622 1148 652 feram
1177 622 1266 652 modo
1295 633 1419 659 marem,
1444 622 1534 654 modo

916 670 1060 700 feminam
1075 680 1152 700 esse.

879 717 961 748 Mira
975 718 1201 749 chamaeleontis
1216 724 1334 750 natura.

880 766 1067 802 Lyncurium
1083 777 1120 797 ex
1135 767 1260 804 lyncum
1275 767 1371 798 urina.

879 815 1034 846 Coralium
1049 826 1086 846 ex
1102 816 1185 846 molli
1199 817 1318 847 durum.

881 863 1028 894 Gentium
1043 864 1275 896 vicissitudines.

879 912 978 950 Trojae
993 912 1091 943 ruina.

880 962 1000 999 Sparta.

879 1011 1035 1047 Mycenae.

881 1059 1022 1090 Athenae.

877 1108 1000 1138 Thebae.

877 1156 987 1186 Romae
1001 1155 1096 1194 origo.

876 1205 1042 1236 Hominem
1069 1215 1107 1234 ex
1132 1204 1234 1235 anima
1256 1210 1286 1236 et
1311 1215 1435 1244 corpore
1459 1217 1531 1237 con-

915 1259 1005 1284 stare.

878 1302 989 1332 Numae
1003 1312 1141 1339 regnum.

876 1350 1066 1388 Hippolytus
1081 1350 1113 1381 in
1130 1350 1281 1382 Virbium.

876 1399 996 1437 Egeria,
1014 1400 1126 1430 Numae
1140 1410 1226 1435 uxor,
1243 1399 1274 1430 in
1290 1400 1414 1432 fontem.

876 1448 979 1478 Gleba
993 1447 1024 1478 in
1039 1458 1179 1485 puerum.

877 1496 976 1526 Hasta
991 1496 1118 1527 Romuli
1129 1497 1161 1527 in
1177 1497 1323 1528 arborem.

877 1545 978 1583 Cippo
993 1556 1118 1576 cornua.

876 1595 1078 1633 AEsculapius
1092 1595 1124 1626 in
1139 1605 1282 1634 anguem.

876 1644 1077 1682 AEseulapius
1092 1644 1228 1675 Romam
1243 1645 1397 1676 advectus.

875 1694 978 1725 Julius
993 1694 1097 1724 Caesar
1111 1694 1142 1723 in
1158 1700 1309 1725 cometen.

877 1743 1010 1781 Augusti
1026 1742 1144 1773 laudes.

876 1791 1167 1830 Metamorphoseon
1182 1790 1415 1823 commendatio.
