1779 3130
458 362 521 415 P.
562 361 825 416 OVIDII
864 362 1212 416 NASONIS

270 526 1395 590 METAMORPHOSEON

523 689 748 731 LIBER
788 688 1146 731 OCTAVUS.

700 847 959 881 „4

196 985 256 1026 N.
272 985 328 1026 Β.
354 985 668 1040 Argumentum
688 986 816 1041 hujus
838 986 934 1028 libri
950 986 1087 1027 octavi
1104 983 1528 1038 Metamorphoseon‚

140 1061 318 1105 relatum
338 1064 525 1105 invenies
546 1065 589 1104 in
610 1064 717 1105 serie
739 1054 1085 1115 CANTER1,'tom.
1108 1064 1165 1105 iii.
1188 1078 1286 1118 pag.
1311 1063 1379 1105 56.

753 1221 861 1252 ΕΑΒ.
884 1221 913 1251 1.

138 1271 186 1331 J
190 1283 293 1331 AM
319 1284 529 1332 nitidum
555 1292 807 1348 retegente
828 1286 976 1341 diem,
1004 1282 1267 1346 noctisque
1291 1281 1493 1343 fugante

140 1361 386 1424 Tempora
401 1360 642 1416 Lucifero,
655 1362 790 1409 cadit
806 1362 968 1409 Eurus
987 1380 997 1418 ;
1027 1369 1076 1409 et
1091 1359 1296 1407 humida
1316 1363 1525 1420 surgunt

143 1437 351 1485 Nubila:
380 1438 500 1484 dant
517 1438 698 1502 placidi
723 1455 923 1485 cursum
947 1437 1271 1485 redeuntibus
1290 1434 1460 1481 Austri

185 1597 321 1627 1-151,
345 1597 447 1632 Nisus,
473 1607 526 1627 rex
552 1597 799 1638 Megarensium,

141 1645 309 1676 Pandionis
324 1645 415 1681 filius,
430 1648 460 1675 in
476 1646 655 1682 haliaeetum,
667 1652 698 1677 et
713 1647 799 1687 Scyl—

142 1695 182 1729 la,
199 1694 265 1735 ejus
277 1693 351 1730 filia,
364 1697 396 1724 in
413 1697 492 1724 cirin
505 1701 655 1725 mutatur.
691 1696 800 1726 Latius

142 1743 222 1773 hanc
246 1743 385 1773 fabulam
410 1744 629 1784 Megarensem
653 1743 800 1774 tractavit

139 1791 445 1833 Pseudo-Virgilius,
468 1792 500 1822 in
522 1792 597 1827 Ciri,
619 1802 798 1833 quanquam

139 1841 165 1871 is
190 1841 308 1883 potiora
332 1841 516 1872 narrationis
538 1843 644 1882 capita
664 1841 798 1872 breviter

141 1895 261 1920 tantum
277 1889 466 1931 perstringit.
504 1890 618 1920 Confer
634 1896 665 1919 et
680 1890 797 1920 Pausa-

139 1938 235 1974 niam,
251 1939 319 1969 Att.
334 1949 365 1980 p.
383 1940 434 1969 45.
457 1945 488 1969 et
503 1938 646 1969 Corinth.
662 1949 694 1980 p.
714 1939 772 1969 192
789 1950 797 1976 ;

138 1986 375 2028 Apollodorum,
393 1987 456 2018 ΙΙΙ.
471 1999 522 2017 xv.
540 1988 558 2017 8
575 1998 666 2028 sqq.;
692 1987 797 2017 Schol.

138 2035 306 2078 Euripidis,
324 2036 363 2066 ad
378 2036 477 2078 Hipp.
490 2047 569 2066 vers.
587 2037 628 2066 35
644 2041 675 2066 et
694 2037 775 2065 1200
789 2047 797 2074 3

138 2085 343 2126 Propertium,
365 2084 411 2115 iii.
438 2086 540 2122 17523
565 2084 683 2125 Hygini
708 2084 798 2114 fabu-

136 2134 199 2163 lam
232 2135 305 2164 198.
354 2134 556 2164 'Praetaverat
596 2133 662 2163 haec
703 2133 798 2163 etiam

138 2182 377 2218 Parthenius,ut
390 2189 518 2224 apparet
533 2194 571 2213 ex
584 2182 746 2212 Eustathio
760 2182 799 2212 ad

140 2232 274 2273 Dionys.
301 2232 423 2272 Perieg.
450 2243 540 2262 versu
566 2232 640 2261 420.
695 2231 800 2261 Minos

138 2281 286 2321 Scyllam,
312 2281 504 2322 impietatem
534 2281 602 2322 ejus
631 2286 799 2316 aversatus,

140 2337 194 2360 aut
220 2330 251 2360 in
278 2331 378 2372 patria
399 2331 566 2371 reliquerat
592 2330 798 2371 proficiscens,

139 2387 192 2410 aut
207 2390 302 2421 poena
318 2380 454 2420 quadam
473 2380 632 2410 affecerat.
669 2380 726 2409 His
742 2379 795 2409 ad-

140 2429 206 2460 dita
231 2436 277 2459 est
302 2429 406 2459 fabula
427 2429 465 2459 de
484 2440 637 2471 purpureo
655 2428 724 2458 Nisi
745 2439 796 2458 ca-

138 2478 223 2519 pillo,
239 2488 332 2518 quam
358 2477 470 2518 cupide
489 2477 682 2519 arripuerunt
698 2483 795 2517 poetae

138 2533 231 2567 atque
248 2525 377 2566 mythici
393 2526 566 2567 scriptores.
592 2527 696 2561 Quum
714 2525 796 2555 enim

138 2586 227 2605 avem
264 2575 389 2605 nossent
426 2585 580 2616 purpurea
614 2575 646 2604 in
681 2574 795 2604 vertice

139 2625 232 2654 crista
258 2623 420 2664 insignem,
447 2635 515 2665 quae
546 2623 616 2653 ciris
642 2623 797 2653 diceretur

139 2672 240 2713 (quod
263 2683 375 2703 nomen
399 2683 418 2703 a
444 2674 556 2704 Graeco
579 2672 704 2714 κείρειν,
728 2678 795 2702 ton-

186 2722 285 2752 VOL.
308 2722 370 2752 IV.

868 1598 953 1634 dere,
971 1596 1104 1628 derivari
1120 1606 1208 1638 posse
1224 1594 1443 1637 putarunt,)in
1458 1604 1528 1625 eam

868 1646 1027 1678 transiisse
1052 1646 1190 1685 Scyllam
1216 1646 1384 1680 finxerunt,
1406 1650 1526 1686 patrem

867 1705 939 1725 vero
957 1694 990 1724 in
1011 1694 1203 1728 haliaeetum,
1222 1692 1275 1734 qui
1291 1693 1440 1723 acerrimo
1455 1692 1527 1722 odio

866 1743 1012 1775 insectari
1042 1743 1119 1774 cirin
1145 1742 1234 1773 solet.
1286 1743 1356 1772 Jam
1383 1744 1527 1777 nitidum,

865 1799 926 1824 etc.
949 1792 1078 1823 Initium
1102 1791 1216 1821 fabulae
1240 1791 1376 1833 respicit,
1391 1790 1446 1821 vii.
1464 1791 1527 1821 659

866 1848 897 1873 et
912 1842 986 1873 664.
1033 1841 1162 1881 Lucifer
1186 1846 1216 1871 et
1237 1842 1360 1871 Aurora
1382 1839 1456 1870 alibi
1479 1839 1526 1870 di-

866 1898 979 1922 cuntur
1007 1892 1084 1920 diem
1110 1891 1263 1924 reducere,
1292 1889 1347 1919 sed
1375 1888 1433 1918 hoc
1459 1888 1527 1919 loco

865 1939 1061 1981 exquisitius,
1084 1945 1227 1980 retegere,
1256 1936 1523 1979 quemadmodum

866 1988 949 2030 apud
969 1987 1149 2027 Virgilium,
1171 1988 1248 2017 AEn.
1269 1986 1312 2016 iv.
1338 1986 1410 2016 119.
1434 1985 1526 2015 Titan

866 2039 961 2067 radiis
996 2039 1105 2077 retegit
1143 2038 1251 2066 orbem.
1301 2035 1395 2065 Adde
1419 2046 1448 2065 v.
1474 2035 1526 2065 65.

867 2086 939 2116 Nox
967 2091 1073 2116 contra
1100 2085 1216 2116 amictu
1239 2095 1294 2115 suo
1320 2085 1393 2125 tegit
1418 2090 1525 2114 terras.

867 2135 928 2165 Sed
942 2134 1057 2164 nollem
1078 2134 1218 2164 additum
1235 2133 1527 2174 noctisquejizgunle

869 2190 1019 2223 tempora,
1044 2182 1088 2213 ita
1114 2183 1195 2212 enim
1222 2183 1349 2213 diversae
1372 2182 1525 2222 imagines

863 2232 993 2273 junctae.
1050 2231 1100 2261 De
1130 2233 1225 2261 nitido
1254 2233 1301 2260 die
1330 2230 1368 2260 ad
1397 2230 1420 2259 i.
1450 2231 1525 2260 603.

869 2280 964 2311 Venti
977 2281 1104 2314 cadunt,
1123 2289 1218 2320 quum
1234 2279 1398 2319 quiescunt
1416 2289 1423 2315 3
1450 2289 1524 2308 con-

867 2334 914 2359 tra
939 2334 1080 2370 suu-gunt,
1106 2338 1202 2368 quum
1230 2327 1336 2357 inflare
1361 2326 1524 2367 incipiunt.

867 2378 926 2407 Pro
946 2383 1048 2407 austro
1069 2376 1156 2418 ponit
1180 2377 1302 2405 humida
1322 2376 1436 2411 nubila,
1453 2386 1523 2416 quae

865 2434 998 2467 aguntur
1014 2427 1052 2456 ab
1067 2431 1181 2455 austro.

908 2476 937 2505 3.
956 2475 1095 2507 Cursum.
1118 2484 1228 2515 nempe
1254 2472 1436 2508 secundum,
1455 2483 1524 2514 pro-

865 2534 984 2564 speram
1002 2523 1242 2563 navigationem.
1268 2522 1389 2557 Cicero,
1405 2521 1444 2552 ad
1456 2522 1524 2552 Att.

866 2584 896 2602 v.
920 2574 951 2602 8.
977 2583 1097 2602 cursum
1123 2572 1317 2610 expectabam.
1376 2570 1521 2601 AEacidae

866 2632 925 2651 non
962 2623 1110 2655 redibant,
1140 2621 1193 2650 sed
1231 2621 1440 2661 sequebantur
1476 2630 1522 2649 re-

865 2671 1012 2702 deuntem
1042 2670 1229 2712 Cephalum.
1274 2670 1396 2710 Nempe
1424 2671 1522 2700 redire

994 2720 1021 2749 B
