1779 3130
330 155 951 199 METAMORPHOSEON
983 154 1104 195 LIB.
1138 154 1230 195 IX.

1424 153 1481 195 69

98 270 413 333 Brachiaque
437 271 664 335 opposui,
692 269 930 331 tenuique
952 285 981 315 a
1005 275 1205 331 pectore
1229 283 1370 314 varas

99 347 159 395 In
185 348 399 395 statione
423 364 626 403 manus3
668 354 717 393 et
741 362 920 409 pugnae
947 345 1169 392 membra
1192 343 1376 407 paravi.

98 423 190 470 Ille
215 424 347 470 cavis
372 425 549 471 hausto
577 423 766 487 spargit
790 439 868 469 me
891 423 1091 485 pulvere
1116 422 1310 484 palmis,

1416 424 1478 467 35

101 499 262 561 Inque
288 500 445 547 vicem
470 500 612 546 fulvae
639 507 775 546 tactu
801 498 1023 544 flavescit
1048 513 1236 544 arenae:

102 574 169 622 Et
194 576 340 622 modo
366 577 625 631 cervicem,
653 574 799 621 modo
820 590 963 620 crura
987 574 1222 620 micantia
1240 580 1427 636 captat,

100 652 204 698 Aut
228 661 428 716 captare
450 661 612 716 putes,
639 652 874 714 omnique
901 667 930 698 a
954 658 1094 714 parte
1119 650 1346 697 lacessit:

104 726 191 774 Me
213 745 323 775 mea
347 729 568 775 defendit
593 728 822 791 gravitas,
840 727 1121 789 frustraque
1148 727 1380 789 petebar:
1421 729 1483 772 39

105 802 256 851 Haud
271 821 415 852 secus
427 821 483 852 ac
500 806 671 859 moles,
686 820 835 866 quam
851 819 1030 865 magno
1047 818 1296 849 murmure
1306 803 1487 849 fluctus

104 978 302 1019 pugilatum3
328 979 490 1020 Virgilius,
521 981 598 1010 AEu.
621 991 653 1010 v.
680 980 762 1010 421:

109 1027 291 1069 Haecfatus,
308 1031 454 1068 duplicem
471 1042 501 1060 ei
519 1031 648 1060 humeris
662 1032 765 1069 rejecit

108 1077 260 1107 amictum.
305 1077 366 1107 Sed
388 1077 444 1108 hoc
464 1078 532 1108 loco
552 1079 628 1108 forte
646 1088 700 1119 pro
716 1080 766 1108 (le-

97 1127 175 1164 jeci,
198 1125 259 1156 nisi
284 1127 326 1156 ita
356 1126 416 1167 legi
443 1127 546 1158 malis.
592 1127 695 1158 Graeci
719 1127 767 1156 in-

108 1174 281 1204 stituebant
295 1175 412 1205 luctam
427 1182 498 1206 ante
515 1176 694 1206 Acanthum
708 1176 767 1206 La-

109 1222 240 1253 cedaem.
263 1223 315 1264 qui
332 1224 409 1254 vixit
429 1224 610 1265 Olympiad.
625 1235 676 1255 xv.
691 1235 767 1255 'suc-

110 1271 205 1302 cincti
221 1272 282 1313 (sic
306 1273 401 1303 etiam
422 1273 505 1314 apud
527 1273 708 1308 Homerum,
725 1273 767 1303 Il.

112 1324 154 1351 Ψ.
171 1320 262 1360 710.)
284 1326 391 1362 postea
407 1321 501 1359 nudi;
518 1321 582 1351 vid.
598 1321 770 1362 Dionysius

112 1369 219 1400 Halic.
247 1370 350 1411 Antiq.
372 1370 465 1400 Rom.
482 1370 533 1400 vii.
548 1381 617 1412 cap.
631 1371 691 1408 725
716 1370 770 1400 ha-

110 1419 220 1449 bemus
236 1424 340 1449 autem
356 1419 406 1449 hic
422 1419 526 1450 locum
549 1419 715 1450 classicum
731 1419 770 1449 de

110 1467 207 1503 lucta,
225 1467 443 1508 antiquissima
464 1468 601 1498 omnium
626 1467 770 1498 certami-

114 1526 200 1551 num,
225 1516 401 1556 (Plutarch.
423 1517 564 1558 Sympos.
587 1516 619 1548 ii.
635 1516 687 1555 4.)
708 1527 769 1557 qua

113 1564 253 1606 inprimis
270 1565 448 1596 excellebat
463 1566 628 1596 Hercules.
659 1565 772 1596 Noster

114 1613 253 1654 singulos
271 1620 372 1645 motus
399 1614 443 1645 ita
465 1614 642 1656 descripsit,
667 1620 702 1645 ut
724 1625 772 1645 res

114 1663 255 1704 subjecta
270 1663 368 1693 oculis
382 1663 536 1694 videatur.
586 1663 698 1698 Varas,·
716 1662 773 1694 Vi-

118 1710 229 1742 vianus
255 1717 286 1742 et
308 1711 373 1748 alii,
387 1723 503 1746 curvas,
517 1711 599 1752 quod
620 1711 709 1741 fluxit
725 1711 773 1741 vel

117 1769 155 1790 ex
181 1759 445 1801 interpretatione,
469 1760 518 1790 vel
542 1771 579 1790 ex
601 1760 775 1800 ignorantia

118 1808 203 1839 vocis
220 1820 316 1844 varas,
338 1820 433 1850 quam
454 1810 636 1851 interpretor
656 1809 775 1850 projec-

120 1862 168 1887 tas
188 1864 220 1887 et
242 1867 406 1888 recurvas:
431 1858 547 1899 passim
570 1859 690 1887 brachia
705 1868 779 1888 vara

120 1906 332 1944 luctantium3
362 1907 424 1937 vid.
452 1906 612 1937 Heinsius.
671 1907 777 1943 Statio,

119 1961 225 1996 gestus
240 1955 438 1985 luctantium.
468 1955 519 1985 De
530 1954 613 1985 verbi
628 1961 705 1984 stare
720 1954 777 1985 hoc

120 2013 212 2034 sensu
241 2003 307 2033 vid.
338 2003 534 2034 Brouckhus.
570 2003 609 2033 ad
647 2003 778 2044 Proper-

122 2051 212 2088 tium,
228 2053 291 2082 III.
307 2052 396 2093 Eleg.
414 2052 466 2082 xii.
483 2053 512 2082 7.

166 2102 218 2132 35.
235 2101 295 2131 Ille
309 2103 398 2137 cavis,
415 2102 492 2141 etc.]
510 2102 560 2131 De
575 2101 634 2131 hac
645 2101 781 2143 pulveris

123 2149 298 2192 palaestrica
321 2150 495 2191 aspersione
519 2149 583 2180 vid.
612 2150 781 2180 Salmasius

125 2198 166 2228 ad
190 2198 324 2228 Tertull.
348 2198 429 2228 Pan.
447 2209 477 2239 p.
493 2199 575 2235 217;
599 2204 630 2228 et
654 2199 780 2229 Mercu-

123 2246 221 2282 rialis,
241 2247 279 2277 de
296 2247 373 2277 Arte
389 2248 506 2287 Gymn.
522 2247 543 2278 i.
559 2248 591 2277 8.
615 2247 673 2287 {In
686 2248 781 2289 palae-

125 2301 189 2326 stra
225 2295 332 2330 fiebat,
366 2300 531 2336 postquam
567 2295 635 2326 oleo
672 2305 783 2336 corpus

125 2349 292 2379 unxerant,
325 2350 358 2373 ut
382 2343 494 2374 melius
514 2343 617 2385 pulvis
642 2343 783 2380 haereret,

127 2402 226 2433 eoque
247 2392 448 2422 induceretur
469 2392 571 2429 cutis;
596 2403 667 2422 nam
685 2392 729 2422 sic
747 2402 783 2422 eo

129 2440 251 2471 facilius
263 2440 456 2471 adversarius
472 2441 543 2482 capi
560 2446 692 2482 poterat.
715 2441 783 2471 Hoc

126 2489 196 2520 loco
219 2489 306 2520 nulla
324 2489 479 2520 unctionis
500 2489 627 2522 mentio.
664 2490 692 2519 F
694 2491 784 2520 laves-

127 2539 179 2574 cit,
209 2538 339 2568 verbum
378 2538 546 2574 delectum,
584 2539 657 2580 quia
692 2549 786 2570 arena

130 2587 220 2618 flava.
272 2586 375 2617 Etiam
404 2588 572 2624 Martialis,
601 2588 680 2619 VII.
712 2589 787 2629 Epi-

130 2645 229 2676 gram.
240 2635 315 2666 lxvi.
325 2636 524 2677 5-flarescere
537 2637 641 2676 haphe.
665 2636 788 2677 Nempe

134 2685 238 2724 haphe,
261 2683 391 2720 Graecis,
411 2683 490 2726 α’φή,
513 2690 615 2716 tactus
641 2685 788 2726 pulveris.

832 978 915 1009 Vide
941 978 1146 1013 Gronovium,
1165 979 1296 1009 Observ.
1311 976 1353 1007 iii.
1373 978 1420 1007 13.
1437 977 1489 1018 qui

833 1027 927 1058 etiarn
957 1034 1014 1057 noc
1045 1028 1112 1058 loeo
1141 1033 1245 1058 tuetur
1275 1033 1375 1056 lactu.-
1408 1026 1489 1067 quod

833 1076 917 1107 idem
946 1076 1133 1106 Hermolaus
1162 1076 1201 1106 ad
1231 1075 1381 1110 Plinium,
1410 1075 1494 1105 Hist.

835 1126 910 1155 Nat.
926 1124 1056 1155 xxxviii.
1076 1126 1125 1154 10.
1142 1125 1342 1165 agnoscebat.
1380 1123 1492 1159 Recte,

835 1173 893 1204 fuit
920 1173 1001 1204 enim
1027 1171 1110 1214 α’φή,
1136 1180 1244 1209 tactus,
1269 1174 1397 1203 verbum
1423 1183 1492 1214 pro-

835 1222 936 1264 prium
951 1221 989 1252 de
1006 1222 1064 1252 hac
1080 1222 1219 1263 pulveris
1235 1221 1418 1263 aspersione.
1456 1221 1493 1251 Id

835 1281 907 1311 ergo
923 1280 1078 1301 revocavr.

880 1320 934 1350 37.
963 1320 1064 1349 Crura
1088 1320 1231 1349 micantia
1255 1318 1384 1349 Safftius
1403 1318 1497 1349 vertit

835 1370 1017 1411 glaeie-rende
1033 1368 1186 1398 Schenkel.
1232 1367 1294 1398 Sed
1315 1368 1397 1398 unde
1413 1378 1495 1398 nunc

837 1417 890 1448 ille
906 1416 1074 1458 splendor?
1100 1417 1168 1447 Nec
1183 1417 1323 1446 membra
1334 1417 1383 1447 vel
1398 1416 1497 1447 maxi-

838 1477 887 1497 me
912 1467 979 1496 oleo
1002 1472 1096 1496 uncta
1115 1466 1206 1496 facile
1222 1465 1388 1506 quisquam
1411 1466 1498 1496 dixe-

838 1515 878 1546 rit
905 1517 1061 1546 micantia.
1116 1515 1228 1556 Itaque
1254 1517 1396 1545 micantia
1424 1521 1498 1545 sunt

838 1564 978 1597 celeriter
998 1570 1102 1602 mota3
1125 1564 1198 1594 talis
1215 1563 1298 1594 enim
1318 1570 1419 1595 motus
1439 1564 1498 1595 fuit

840 1613 872 1644 in
890 1613 1006 1644 artibus
1022 1613 1215 1655 palaestricis.
1252 1613 1417 1653 Virgilius,
1436 1615 1495 1643 ΣΕ-

841 1662 924 1693 neid.
940 1673 969 1692 v.
985 1663 1057 1693 430.
1078 1663 1109 1692 in
1133 1668 1246 1692 caestus
1267 1661 1475 1703 descriptione
1491 1673 1498 1691 :

842 1711 902 1741 Ille
926 1713 1036 1750 pedum
1059 1712 1163 1740 melior
1184 1717 1276 1745 motu,
1301 1710 1348 1740 hic
1367 1712 1502 1740 membris

842 1767 870 1790 et
896 1762 969 1790 mole
998 1761 1110 1795 valens,
1133 1770 1196 1800 qua
1224 1765 1255 1790 et
1282 1759 1348 1800 ipse
1374 1760 1502 1790 valebat

843 1809 1011 1844 Achelous,
1028 1819 1090 1839 ver.
1104 1809 1156 1839 39.
1194 1808 1236 1838 Et
1252 1807 1397 1848 quoniam
1421 1808 1503 1838 cele-

844 1858 934 1888 ritate
964 1857 1079 1898 pedum
1109 1855 1281 1897 effugiebat
1310 1856 1503 1897 captationes

844 1905 1023 1941 adversarii,
1040 1911 1203 1947 propterea
1222 1904 1380 1945 ingeniose
1405 1904 1504 1941 addit,

845 1961 900 1985 aut
924 1961 1046 1994 captare
1073 1962 1169 1994 putes.
1213 1954 1392 1989 Trementia,
1420 1954 1504 1995 quod

845 2003 962 2034 habent
975 2009 1108 2044 quatuor
1117 2002 1210 2032 MSS.
1222 2002 1324 2043 glossa
1339 2012 1404 2032 esse
1419 2002 1503 2033 vide-

847 2057 906 2082 tur.
948 2051 1082 2082 Tremere
1097 2051 1179 2082 enim
1195 2050 1234 2081 de
1255 2051 1346 2081 crebo
1362 2056 1393 2080 et
1410 2050 1505 2081 celeri

848 2106 934 2131 motu
958 2099 1081 2131 dicitur.
1126 2100 1230 2130 Etiam
1254 2099 1418 2135 Homerus,
1444 2099 1507 2131 Od.

850 2153 889 2180 θ.
906 2149 982 2179 265.
1005 2148 1181 2179 celerrimos
1203 2153 1304 2178 motus
1324 2148 1505 2178 saltantium

848 2203 940 2228 vocat
968 2197 1185 2239 μαρμαρυγὰς
1218 2196 1340 2232 ποδῶν,
1369 2208 1504 2227 corusca-

850 2249 952 2284 tiones,
968 2248 1139 2276 micationes
1153 2245 1281 2287 pedum.
1320 2245 1508 2286 Metaphora

849 2295 934 2326 haud
957 2295 1051 2325 dubie
1075 2305 1094 2326 a
1119 2294 1213 2325 celeri
1238 2294 1319 2335 ignis
1343 2300 1429 2324 motu
1453 2305 1507 2335 pe-

850 2344 920 2375 tita.
965 2345 1070 2375 Ambo
1091 2343 1185 2374 nostri
1200 2343 1292 2384 Regii
1312 2343 1429 2374 habent
1453 2345 1509 2373 mi-

851 2395 965 2423 cantia.
991 2393 1145 2428 Gravitas,
1161 2392 1258 2422 moles
1273 2391 1421 2433 corporis·
1446 2393 1508 2422 De—

841 2442 949 2482 fendit
971 2451 989 2471 a
1012 2441 1113 2482 lapsu.
1160 2441 1268 2470 Petere
1290 2446 1322 2470 et
1340 2440 1380 2470 de
1396 2440 1510 2471 ictibus

851 2490 1059 2531 gladiatorum
1082 2495 1113 2520 et
1132 2489 1171 2519 de
1195 2489 1423 2531 captationibus
1443 2490 1510 2520 luc-

851 2538 985 2569 tantium
999 2538 1122 2568 dicitur.

898 2588 951 2617 40.
978 2587 1073 2617 Haud
1094 2598 1174 2618 secus
1198 2598 1232 2617 ac
1252 2588 1338 2617 moles
1348 2598 1359 2623 ;
1383 2586 1440 2617 hoc
1456 2597 1509 2617 vo-

855 2635 1015 2671 cabulum,
1030 2636 1129 2670 moles,
1146 2646 1207 2676 quo
1223 2635 1335 2676 Virgil.
1357 2645 1442 2670 usus,
1458 2645 1511 2676 pe-

855 2683 935 2724 perit
958 2683 1043 2714 haud
1069 2683 1162 2715 dubie
1186 2683 1420 2715 similitudinem
1447 2693 1515 2723 seq.
