1779 3130
227 181 311 221 346

616 180 665 219 Ρ.
700 179 908 221 OVIDII
943 180 1224 222 NASONIS

234 293 474 339 Luctibus
501 300 577 339 est
597 292 788 340 Aurora
813 294 914 341 suis
941 294 1147 349 intenta,
1175 294 1386 357 piasque

233 369 379 415 Nunc
407 385 608 431 quoque
634 370 721 416 dat
745 371 988 427 lacrimas,
1017 379 1069 418 et
1097 378 1200 418 toto
1227 378 1357 417 rorat
1381 369 1430 414 in
1455 370 1593 416 orbe.

298 444 387 490 IV.
410 444 517 492 Nec
537 452 704 492 tamen
716 461 936 494 eversam
948 447 1109 510 Trojae
1122 463 1235 493 cum
1245 446 1488 492 moenibus
1506 461 1617 492 esse

234 520 386 583 Spem
419 536 620 583 quoque
654 521 753 569 fata
785 523 980 571 sinunt:
1022 539 1178 578 sacra,
1207 530 1256 569 et
1289 538 1429 568 sacra
1463 522 1618 568 altera

427 604 635 660 patrem,

1522 600 1616 643 624

233 672 349 719 Fert
373 673 591 720 humeris
616 676 896 721 venerabile
922 692 1046 722 onus
1075 676 1379 738 Cythereius
1405 675 1564 720 heros.

232 748 309 796 De
335 751 484 796 tantis
509 751 688 813 opibus
715 753 934 814 praedam
959 753 1069 815 pius
1098 752 1235 813 eligit
1260 752 1409 805 illam,

229 825 605 889 Ascaniumque
625 844 790 884 suum;
820 828 1128 891 profugaque
1145 844 1233 891 per
1250 843 1451 890 aequora
1460 828 1617 873 classe

231 901 406 948 Fertur
422 903 483 949 ab
494 903 753 950 Antandro
772 923 782 961 ;
813 906 1155 967 scelerataque
1171 903 1614 958 liminaThraeum,

230 977 296 1024 Et
321 978 603 1042 Polydoreo
629 988 912 1029 manantem
940 983 1179 1045 sanguine
1205 989 1386 1028 terram

230 1053 458 1118 Linquit:
500 1064 549 1104 et
574 1058 777 1105 utilibus
802 1060 960 1106 ventis
987 1067 1212 1122 aestuque
1238 1058 1456 1105 secundo
1522 1059 1619 1104 630

231 1131 391 1179 Intrat
415 1132 747 1196 Apollineam,
777 1136 924 1183 sociis
951 1136 1321 1191 comitantibus,
1351 1135 1539 1180 urbem.

272 1292 453 1322 623—704.
480 1294 579 1322 Anius
601 1293 746 1328 Aineam,
765 1294 818 1334 qui
842 1305 887 1324 re-

226 1339 302 1370 licta
316 1340 450 1371 Thracia
461 1340 493 1371 in
509 1341 641 1371 insulam
659 1342 774 1372 Delum
793 1354 886 1373 vene—

226 1394 283 1423 rat,
308 1388 444 1430 excipit:
471 1389 554 1419 illius
578 1389 649 1419 filiae
673 1391 705 1420 in
728 1391 888 1422 columbas

227 1443 354 1468 mutatae
368 1444 474 1467 erant:
501 1439 637 1468 AEneam
649 1446 766 1470 cratere
780 1441 885 1476 donat,

226 1484 258 1514 in
285 1496 346 1526 quo
371 1486 495 1516 Orionis
515 1486 586 1516 filiae
612 1497 786 1527 expressae3
814 1499 887 1519 aue-

227 1539 307 1564 tores
321 1534 390 1565 vide
407 1534 445 1565 ad
461 1545 526 1565 ver.
543 1536 618 1565 631.
636 1535 790 1566 laudatos.
825 1538 886 1569 Nec

225 1589 322 1612 tamen
337 1594 474 1618 eversam,
491 1589 550 1614 etc,
584 1584 692 1614 Fatale
709 1591 784 1620 erat,
801 1587 887 1617 Deos

223 1631 426 1672 Trojanorum
464 1632 580 1673 patrios
618 1633 719 1663 Italiae
761 1633 884 1670 inferre,

226 1681 332 1720 ibique
346 1680 507 1710 Lavinium
522 1681 666 1717 condere,
682 1682 764 1712 unde
783 1683 884 1714 Roma

224 1729 364 1760 oriunda.
390 1730 494 1765 Sacra,
511 1730 675 1760 simulacra
689 1730 814 1761 deorum
830 1742 884 1773 pa-

223 1777 348 1808 triorum
370 1778 493 1818 lignea:
519 1778 609 1809 docte
632 1778 670 1809 de
690 1778 726 1809 iis
747 1780 883 1821 disputat

226 1827 332 1867 Heyn.
345 1827 421 1857 Exc.
431 1826 476 1856 ix.
490 1826 530 1856 ad
545 1826 654 1868 Virgil.
666 1828 741 1858 AEn.
752 1827 784 1858 ii.
802 1829 883 1859 Prae-

224 1875 306 1905 clare
329 1875 481 1910 additum,
498 1886 583 1905 sacra
600 1876 708 1911 altera,
730 1877 768 1907 ob
785 1876 883 1918 pieta-

222 1930 296 1958 tem,
308 1934 403 1964 quam
419 1923 598 1964 parentibus
611 1923 771 1955 debemus.
787 1926 827 1955 Et
842 1925 884 1956 ita

223 1972 317 2002 etiam
335 1973 418 2002 fast.
434 1972 454 2002 i.
467 1974 543 2003 527.
560 1979 590 2002 et
605 1972 646 2003 iv.
663 1974 714 2004 38.
738 1974 883 2005 Hectoris

223 2021 332 2050 umbra
349 2020 387 2050 ad
406 2021 540 2050 AEneam
555 2033 561 2050 ε
587 2021 680 2051 Sacra
696 2033 817 2062 suosque
830 2025 882 2052 tibi

220 2071 402 2100 commendat
430 2070 517 2108 Tt-Qja
544 2070 687 2100 Penates:
725 2071 788 2101 Hos
810 2083 880 2111 cape

221 2117 353 2150 fatorum
390 2120 506 2148 comites
518 2131 526 2147 .-
564 2119 608 2148 his
645 2121 751 2149 moenia
784 2132 880 2160 qua’re

221 2166 350 2207 RIagna,
369 2173 521 2206 pererrato
542 2174 653 2197 statues
674 2179 737 2207 quae
755 2171 880 2209 denique

214 2221 304 2253 ponto
321 2226 332 2251 ,·
357 2215 445 2255 Virg.
465 2216 538 2245 AEn.
554 2215 585 2245 ii.
601 2216 675 2245 293.
718 2216 792 2247 Pius
806 2227 878 2258 ergo

217 2263 270 2293 ille
297 2263 328 2293 in
347 2264 446 2299 Deos,
467 2270 582 2302 patrem
605 2270 635 2294 et
653 2264 762 2300 filium,
787 2267 877 2296 Asc-‹1-

218 2314 312 2346 nz‘nm,
334 2311 386 2352 qui
407 2318 437 2341 et
460 2312 691 2350 Iulus‘dietus3
714 2312 740 2342 is
762 2313 876 2344 dextrae

216 2370 247 2390 se
264 2359 417 2401 implicuit
433 2361 539 2402 patris.
579 2361 677 2401 Eligit
692 2362 877 2393 servandum

217 2408 292 2438 mihi
309 2408 450 2438 videtur:
483 2415 573 2450 capto
589 2410 670 2439 enim
687 2410 756 2445 Ilio,
773 2411 876 2442 Graeci

216 2467 270 2497 per
281 2467 454 2498 praeconem
468 2457 700 2493 denuntiarunt,
716 2463 749 2488 ut
763 2459 876 2500 singuli

216 2514 253 2534 ex
271 2504 391 2534 civibus
408 2505 490 2545 quod
506 2506 622 2536 vellent
637 2517 732 2537 unum
749 2507 875 2548 aliquod

214 2562 320 2582 secum
337 2553 503 2584 auferrent.
540 2555 659 2585 fiEueas
674 2555 760 2585 Deos
775 2556 873 2597 elegit,

214 2605 255 2634 et,
281 2607 358 2631 teste
386 2602 523 2637 EEliano,
551 2603 625 2633 Ver.
648 2603 719 2634 hist.
748 2603 792 2634 iii.
818 2606 871 2635 22.

215 2648 319 2678 Graeci
344 2651 458 2691 pietate
483 2650 538 2680 viri
562 2652 635 2681 moti
657 2652 872 2693 permiserunt,

212 2704 247 2726 ut
271 2708 364 2728 unum
387 2698 504 2739 aliquid
526 2700 650 2740 insuper
671 2712 707 2731 ex
732 2701 795 2732 suis
812 2702 869 2732 tol<

956 1295 1048 1325 leret:
1088 1295 1141 1325 ille
1171 1299 1291 1335 patrem
1325 1293 1409 1323 senio
1440 1291 1616 1322 consectum

955 1343 1090 1373 humeris
1106 1342 1264 1373 sublatum
1280 1340 1426 1383 portavit.

998 1392 1072 1422 628.
1097 1391 1211 1421 Fertur
1222 1392 1257 1420 ab
1270 1391 1451 1425 Aramaua,-
1476 1388 1515 1419 ad
1526 1388 1616 1419 Idam

955 1446 1090 1470 montem
1106 1439 1195 1469 multi
1209 1438 1333 1479 Trojani
1346 1437 1523 1478 congregati
1534 1442 1616 1473 sunt,

954 1488 1139 1529 quibuscum
1163 1489 1280 1518 AEneas
1297 1488 1492 1516 Antandrum
1513 1485 1614 1527 petiit,

954 1536 1049 1577 inque
1065 1536 1158 1577 hujus
1170 1536 1254 1566 urbis
1269 1540 1359 1576 portu
1377 1535 1508 1565 classem
1524 1534 1616 1564 fecit:

955 1595 992 1614 ex
1010 1595 1046 1615 eo
1068 1590 1157 1625 portu
1181 1583 1282 1618 solvit,
1300 1584 1349 1613 vel
1367 1589 1515 1613 autumno
1532 1583 1615 1624 ejus-

955 1634 1026 1663 dem
1053 1634 1137 1669 anni,
1167 1643 1227 1674 quo
1249 1633 1341 1673 Troja
1364 1637 1468 1674 capta,
1492 1637 1527 1662 ut
1552 1633 1618 1662 vult

955 1682 1124 1722 Dionysius
1153 1682 1259 1712 Halic.
1289 1682 1312 1711 i.
1340 1682 1399 1716 63;
1431 1681 1481 1711 vel
1509 1686 1616 1711 aestate

953 1730 1123 1772 sequentis,
1141 1729 1311 1760 seeundum
1329 1729 1494 1770 Virgilium
1511 1739 1520 1766 3
1543 1729 1614 1759 vide

953 1779 1077 1809 omnino
1090 1779 1205 1820 Heynii
1218 1779 1294 1809 Exc.
1307 1778 1325 1808 i.
1342 1784 1372 1808 et
1385 1779 1416 1808 ii.
1433 1777 1472 1808 ad
1487 1777 1614 1808 AEneid.

950 1827 1005 1858 lib.
1018 1828 1064 1857 iii.
1082 1827 1120 1858 de
1136 1828 1247 1858 AEneae
1258 1826 1410 1857 erroribus
1425 1826 1507 1856 etde
1524 1826 1614 1856 annis

950 1877 1072 1908 illorum
1085 1888 1230 1908 errorum.
1255 1877 1392 1907 Primum
1405 1876 1443 1906 ad
1459 1876 1537 1906 ostia
1549 1876 1612 1906 He-

949 1927 996 1957 bri
1014 1926 1146 1968 appulit,
1162 1925 1267 1967 ibique
1283 1926 1389 1955 urbem
1408 1925 1526 1955 AEnum
1541 1935 1612 1954 con-

950 1975 1050 2006 didit:
1082 1975 1207 2015 cognita
1227 1974 1447 2014 Polymestoris
1471 1973 1611 2014 perfidia,

949 2023 1022 2055 inde
1039 2024 1194 2065 digressus
1213 2029 1278 2060 est,
1303 2023 1392 2063 Virg.
1409 2023 1484 2052 AEn.
1507 2021 1553 2052 iii.
1573 2023 1610 2052 13

949 2084 1018 2114 sqq.
1034 2083 1128 2114 quem
1144 2073 1261 2102 Noster
1276 2071 1357 2102 omni
1375 2071 1405 2101 h.
1419 2071 1440 2101 l.
1457 2070 1609 2111 sequitur.

948 2123 1126 2151 Antandrus
1147 2127 1251 2151 autem
1273 2126 1410 2161 tempore
1435 2119 1512 2150 belli
1531 2119 1611 2149 Tro-

943 2170 1010 2211 jani
1040 2170 1178 2200 nondum
1200 2169 1327 2200 condita
1352 2168 1445 2200 fuisse
1472 2168 1608 2199 videtur:

946 2219 1017 2250 vide
1034 2219 1157 2249 Woodii
1174 2219 1286 2249 Addit.
1304 2218 1344 2249 ad
1359 2218 1471 2249 librum
1488 2218 1526 2248 de
1542 2219 1608 2249 Ho-

946 2268 1021 2298 meri
1037 2267 1171 2308 ingenio.
1186 2278 1258 2310 pag.
1273 2268 1327 2298 98.
1356 2267 1489 2303 Limina,
1505 2266 1607 2297 sedes.

947 2317 1124 2347 Manantem
1140 2316 1351 2358 hyperbolice.
1398 2316 1513 2351 AEstus,
1530 2326 1604 2346 ven-

946 2370 1007 2399 tus,
1026 2372 1059 2395 ut
1080 2375 1143 2395 ver.
1161 2365 1235 2395 728.
1254 2366 1395 2404 remisque
1413 2370 1541 2404 aestuque
1565 2376 1607 2394 se·

945 2415 1064 2450 c1111d05
1090 2420 1119 2444 et
1133 2414 1207 2444 AEn.
1222 2425 1252 2444 x.
1265 2414 1507 2454 687.fluctuque
1519 2420 1605 2443 cestu-

943 2472 998 2500 que
1012 2464 1150 2492 secundo.

987 2510 1060 2540 631.
1086 2510 1190 2540 Intrat
1201 2511 1387 2549 Apollineam
1400 2512 1499 2541 urbem
1516 2523 1526 2547 ;
1551 2521 1603 2541 ve-

943 2559 987 2589 nit
1009 2558 1041 2588 in
1062 2559 1195 2589 insulam
1217 2559 1346 2594 Delum,
1364 2559 1521 2600 Apollinis
1536 2570 1603 2590 ora-

941 2608 1011 2638 culo
1024 2608 1197 2649 insignem:
1223 2608 1270 2638 his
1281 2608 1382 2638 lucem
1395 2614 1465 2649 pete
1477 2619 1515 2639 ex
1526 2610 1603 2639 jEn.

940 2655 986 2686 iii.
1017 2656 1056 2687 79
1074 2668 1080 2693 3
1117 2659 1222 2697 egressi
1251 2667 1429 2687 veneramur
1453 2658 1605 2697 Apollinis

938 2706 1037 2735 vrbem
1052 2718 1060 2734 .·
1098 2705 1161 2735 Res
1188 2707 1294 2740 Anius,
1323 2717 1373 2735 rer
1403 2708 1478 2736 idem
1509 2707 1600 2736 homi-
