1779 3130
191 187 276 228 294
578 182 628 223 Ρ.
663 180 877 222 OVIDII
913 179 1189 222 NASONIS

193 298 309 346 Fert
334 296 580 344 humeris:
621 296 709 342 sed
737 294 869 342 enim
896 302 1164 358 postquam
1197 309 1346 357 super
1377 309 1463 340 ora
1492 309 1574 340 ca-

389 379 583 436 putque

192 449 361 498 Crevit
375 465 514 504 onus,
527 464 690 510 neque
701 447 868 502 habet,
883 463 1006 509 quas
1018 447 1183 502 ducat,
1197 446 1397 510 spiritus
1414 462 1573 502 auras,

192 526 378 574 Deficit
400 524 648 572 interdum
669 540 678 570 :
720 523 866 569 modo
892 539 945 569 se
971 539 1120 586 super
1144 539 1258 570 aera
1281 523 1460 569 frustra

190 602 386 648 Tollere
411 607 632 654 conatur,
654 601 917 661 jactasque
942 600 1164 645 evolvere
1190 599 1364 654 silvas3
1479 601 1575 645 519

192 677 551 737 Interdumque
576 682 765 721 movet:
793 673 961 728 veluti,
981 690 1131 736 quam
1152 674 1574 730 cernimus,ecce!

193 753 360 800 Ardua
384 752 424 798 si
449 759 591 798 terrae
618 750 870 814 quatiatur
894 751 1112 797 motibus
1138 750 1245 798 Ide.

192 829 372 876 Exitus
397 828 447 874 in
471 826 623 874 dubio
646 833 749 873 est:
790 826 871 872 alii
897 827 989 872 sub
1015 826 1180 873 inania
1204 842 1382 889 corpus

192 905 398 952 Tartara
420 904 676 950 detrusum
699 902 930 948 silvarum
957 903 1086 949 mole
1111 901 1349 949 ferebant.

191 980 383 1027 Abnuit
406 978 742 1042 Ampycides,
782 978 1048 1040 medioque
1074 995 1136 1025 ex
1163 994 1342 1040 aggere
1366 978 1510 1025 fulvis

190 1057 328 1104 Vidit
354 1072 494 1103 avem
520 1054 697 1118 pennis
722 1054 938 1117 liquidas
965 1055 1100 1102 exire
1127 1056 1218 1102 sub
1245 1070 1402 1109 auras,
1482 1058 1578 1102 525

193 1133 317 1187 Quae
342 1131 460 1177 mihi
484 1139 602 1178 tunc
622 1131 849 1194 primum,
871 1137 989 1177 tune
1016 1138 1092 1177 est
1115 1138 1385 1194 conspecta
1406 1148 1575 1194 supre-

197 1209 339 1257 Hanc
356 1209 439 1255 ubi
456 1209 748 1255 lustrantem
768 1207 865 1254 leni
887 1223 978 1254 sua
1001 1214 1162 1254 eastra
1185 1208 1350 1254 volatu
1400 1209 1574 1269 [mum.

194 1285 423 1348 Mopsus,
450 1292 501 1332 et
526 1285 712 1347 ingenti
738 1284 925 1331 circum
949 1285 1179 1346 clangore
1205 1292 1462 1332 sonantem

193 1360 424 1424 Aspexit,
451 1361 734 1423 pariterque
759 1360 912 1407 oculis
939 1361 1203 1423 animoque
1228 1368 1427 1408 secutus
1450 1378 1459 1408 :

195 1443 227 1462 “
256 1437 299 1483 O
327 1437 508 1491 salve,’'
534 1437 677 1491 dixit,
707 1442 737 1460 “
760 1436 1028 1499 Lapithaeae
1055 1438 1209 1498 gloria
1233 1437 1410 1498 gentis,
1483 1440 1579 1484 530

195 1513 419 1561 Maxime
429 1513 499 1559 vir
514 1513 782 1575 quondam,
802 1513 889 1560 sed
906 1513 1007 1559 avis
1025 1528 1152 1559 nunc
1169 1513 1329 1567 unica,
1346 1513 1581 1560 Caeneu.’'

197 1589 402 1636 Credita
425 1604 502 1635 res
528 1597 726 1635 auctore
753 1605 841 1635 suo
867 1596 972 1636 est:
1001 1589 1139 1635 dolor
1164 1589 1356 1636 addidit
1380 1589 1529 1646 iram;

197 1666 612 1728 Oppressumque
629 1681 756 1727 aegre
773 1665 974 1711 tulimus
990 1672 1064 1711 tot
1079 1666 1140 1711 ab
1156 1665 1380 1712 hostibus
1399 1682 1548 1712 unum
1567 1682 1577 1713 ε

198 1742 307 1789 Nec
333 1740 467 1804 prius
494 1741 776 1787 abstitimus
803 1740 984 1787 ferrum
1010 1757 1241 1788 exercere
1267 1757 1455 1797 cruore,
1483 1745 1578 1788 534

196 1818 359 1872 Quam
384 1818 501 1864 data
524 1833 637 1880 pars
656 1818 770 1871 leto,
785 1824 976 1879 partem
996 1817 1112 1879 fuga
1134 1833 1336 1880 noxque
1358 1818 1578 1864 removit.

262 1893 352 1941 IV.
393 1892 517 1940 Haeo
551 1892 678 1940 inter
707 1893 942 1956 Lapithas
978 1900 1028 1940 et
1061 1894 1411 1941 semihomines
1445 1894 1575 1941 Cen·

395 1976 563 2016 tauros

241 2079 316 2109 518.
345 2078 439 2117 Super
465 2088 547 2113 (tera,
570 2077 600 2107 in
631 2087 712 2114 aera,
742 2083 773 2107 et
798 2077 856 2107 hoc.

199 2126 392 2168 simpliciter,
422 2126 553 2162 tollere,
588 2125 747 2166 Virgilius,
780 2127 855 2155 AEn.

199 2176 231 2206 ii.
253 2176 326 2206 699.
352 2186 379 2205 se
409 2176 487 2205 tollit
508 2176 545 2204 ud
571 2186 672 2209 αιινῑιε,
698 2175 795 2215 surgit
820 2174 858 2204 de

199 2229 305 2254 strato.

242 2273 315 2303 520.
344 2272 396 2301 Ide
426 2272 456 2301 in
487 2278 657 2312 conspectu
679 2272 857 2301 Graecorum

201 2328 264 2352 tum
283 2326 368 2350 erat:
394 2319 478 2355 hinc,
495 2332 581 2359 quum
597 2322 755 2354 ceramum,
772 2320 859 2349 esce!

244 2370 316 2399 522.
336 2368 442 2397 Eaitns
467 2370 495 2397 in
521 2370 612 2398 dubio
629 2375 691 2403 mm
716 2368 859 2398 interfec-

201 2424 266 2448 tum
283 2427 348 2446 esse
361 2416 475 2446 Caenea
490 2417 592 2446 caeteri
610 2416 746 2446 tradunt.
769 2416 858 2446 Alte-

202 2476 269 2495 rum
297 2463 385 2494 finxit
413 2464 539 2494 fortasse
570 2464 703 2494 Ovidius
728 2465 804 2505 ipse,
827 2471 861 2494 ut

202 2513 252 2543 hic
277 2522 399 2553 quoque
427 2512 555 2542 haberet
578 2512 861 2552 metamorphosin;

202 2561 308 2600 itaque
330 2559 431 2590 verbis
450 2560 557 2590 E1itus
582 2563 613 2589 ιἰι
633 2562 721 2589 dubio
744 2567 783 2589 est
807 2571 859 2589 no-

202 2609 356 2639 vationem
394 2619 481 2638 suam
527 2610 691 2639 excusasse
730 2608 860 2639 videtur.

205 2655 374 2688 Commode
402 2656 545 2687 adhibuit
571 2658 719 2697 Mopsum
743 2662 858 2686 vatem.

207 2706 368 2736 Doti-usum
405 2705 506 2745 aptius
535 2705 670 2736 violenta
697 2707 727 2736 in
752 2711 859 2741 morte,

926 2087 1018 2118 quam
1048 2079 1188 2114 missum,-
1213 2077 1376 2108 Scholiast.
1398 2077 1543 2118 Apollon.
1560 2078 1583 2108 i.

926 2126 977 2156 57.
995 2127 1089 2156 Κατὰ
1110 2128 1176 2167 γῆν
1202 2126 1303 2157 αὐτὸν
1327 2126 1476 2157 ὠθοῦσιν.
1513 2127 1586 2156 Flo-

926 2180 1002 2204 rent.
1019 2174 1112 2204 habet
1128 2182 1287 2204 retruszmz.

969 2224 1042 2253 525.
1058 2223 1118 2252 Sub
1133 2234 1236 2259 auras,
1254 2223 1284 2252 in
1301 2233 1402 2252 auras.

969 2271 1043 2300 527.
1062 2271 1255 2300 Lusii-antem
1282 2282 1333 2300 sua
1353 2278 1461 2305 castra,
1478 2271 1584 2301 volan-

927 2324 988 2349 tem
1012 2319 1095 2349 circa
1119 2319 1268 2360 Lapithas
1290 2318 1387 2348 socios
1409 2329 1498 2356 suos,
1523 2331 1584 2360 quo

927 2367 1038 2397 melius
1076 2367 1199 2407 singula
1231 2366 1473 2408 circumspiciat,
1502 2368 1586 2397 volat

928 2416 987 2444 leni
1018 2416 1131 2444 solutu.
1179 2416 1312 2454 Clau-gin·
1340 2415 1461 2455 proprie
1492 2426 1584 2445 sonus

928 2463 1031 2492 avium
1053 2463 1233 2493 volantium.
1281 2464 1386 2492 (itm-1¹11
1414 2465 1524 2503 gentis,
1551 2469 1585 2494 ut

928 2511 1010 2551 apud
1026 2512 1204 2545 Homerum,
1216 2511 1297 2551 μέγα
1314 2510 1406 2547 κῖνέυς
1430 2511 1584 2551 Ἀχαιῶν.

929 2560 1075 2590 Heinsius
1091 2560 1177 2590 malit
1194 2561 1317 2600 legere:
1346 2561 1503 2599 Lapitlusae
1518 2562 1582 2601 glo-

927 2610 974 2638 ria
993 2611 1088 2649 gremiis
1106 2609 1249 2644 Mai-ima,
1268 2611 1312 2638 vir
1328 2611 1484 2648 quondum,
1500 2616 1560 2639 etc.

971 2657 1152 2687 536—579.
1172 2656 1232 2686 Hic
1249 2657 1361 2687 dantur
1376 2657 1584 2698 appendicula

927 2704 965 2735 de
982 2706 1198 2745 Periclymenn,
1215 2706 1355 2736 Nestoris
1372 2706 1474 2741 fratre,
1491 2716 1583 2746 quem
