1779 3130
185 177 272 218 :276

577 177 626 217 P.
661 177 873 218 OVIDII
907 178 1187 220 NASONIS

190 291 479 353 Insequitur
504 292 750 346 manibus,
778 308 1118 356 generosaque
1143 301 1345 357 pectora
1368 296 1550 357 pulsat.

190 367 340 413 Forte
364 366 457 413 fuit
475 368 637 429 juxta,
666 367 820 430 signis
847 369 1135 416 extantibus
1155 386 1316 434 asper,

1480 374 1577 418 235

190 443 444 506 Antiquus
470 451 657 499 crater;
699 460 848 506 quem
873 453 1067 493 vastum
1092 447 1274 495 vastior
1298 447 1404 511 ipse

196 520 410 566 Sustulit
433 519 656 582 AEgides,
684 521 991 584 adversaque
1017 523 1151 570 misit
1175 524 1224 570 in
1250 540 1351 571 ora.

1444 526 1580 586 [que,

196 596 463 658 Sanguinis
480 597 561 643 ille
580 597 753 658 globos
771 599 968 660 pariter,
981 600 1357 661 cerebrumque,
1370 616 1582 646 merum-

193 672 410 720 Vulnere
436 680 485 720 et
510 690 593 720 ore
618 690 840 730 vomens,
867 675 1067 723 madida
1091 676 1352 739 resupinus
1379 692 1543 730 arena,

198 749 465 796 Calcitrat:
506 751 772 797 ardescunt
796 752 1017 813 germani
1044 752 1181 798 caede
1206 752 1525 807 bimembres,

198 826 544 890 Certatimque
569 843 740 874 omnes
762 844 858 874 uno
883 844 983 883 ore,
1006 828 1173 884 Arma,
1202 845 1352 884 arma,
1372 830 1583 891 loquun-

197 902 326 949 Vina
349 904 537 950 dabant
562 904 779 950 animos:
809 912 860 951 et
884 905 1042 968 prima
1067 906 1247 968 pocula
1270 921 1439 969 pugna
1464 907 1580 967 [tur.

199 978 360 1026 Missa
384 981 564 1035 volant,
592 981 892 1044 fragilesque
912 982 1037 1038 cadi,
1066 983 1301 1045 curvique
1326 983 1516 1030 lebetes
1539 1000 1549 1033 ς

202 1055 305 1103 Res
327 1058 485 1120 epulis
513 1059 781 1120 quondam,
805 1066 909 1106 tum
932 1060 1061 1106 bello
1087 1068 1136 1107 et
1160 1060 1380 1106 caedibus
1405 1066 1551 1123 aptae.

244 1195 318 1226 235.
334 1195 424 1226 Forte
433 1197 618 1237 sunjeina,
634 1197 711 1237 etc.]
732 1198 860 1228 Cratere

200 1243 296 1275 instar
317 1244 371 1274 teli
393 1246 487 1276 etiam
511 1246 653 1282 Perseus,
675 1258 703 1277 v.
727 1248 779 1277 82.
802 1248 861 1277 uti-

200 1298 269 1331 tur3
307 1294 390 1335 apud
420 1295 598 1335 Virgilium,
635 1297 750 1338 Georg.
779 1297 810 1327 d.
840 1298 862 1327 l.

205 1342 336 1382 Hylaeus
352 1343 526 1375 Centaurus
548 1356 654 1386 magno
671 1352 785 1376 cratere
801 1346 860 1376 La-

201 1390 295 1432 pithis
313 1392 458 1422 minatur.
504 1394 605 1434 Signis
627 1397 794 1425 extantibus
815 1407 861 1426 as-

200 1451 263 1479 per,
280 1440 385 1481 figuris
405 1442 615 1472 eminentibus
631 1443 771 1479 caelatus,
789 1454 862 1474 ana-

202 1489 365 1531 glyptum:
391 1500 525 1531 namque
547 1502 680 1530 asperum
702 1498 732 1522 et
758 1495 864 1533 τραχὺ

204 1549 277 1578 opp.
296 1540 382 1575 laeri5
408 1539 616 1575 Claudianus,
633 1541 696 1570 viii.
717 1543 793 1571 535.
819 1554 864 1571 115-

203 1594 288 1624 perut
302 1587 398 1617 Indus
413 1588 585 1619 Velamenta
599 1591 693 1629 lupis,·
710 1596 741 1620 et
753 1591 867 1621 Noster

201 1635 268 1676 jam
292 1635 324 1666 in
345 1636 399 1667 lib.
416 1649 444 1667 v.
461 1639 512 1668 80.
533 1640 603 1669 altis
627 1639 786 1669 Errantem
808 1642 867 1682 sig-

206 1686 260 1720 nis,
290 1687 446 1726 mulasque
476 1690 507 1717 in
533 1689 660 1726 pondere
689 1700 786 1718 musso?
814 1688 866 1719 Ιιι-

202 1741 321 1774 gentem
341 1738 478 1766 manibus
503 1738 580 1767 tollit
601 1744 718 1768 cratera
744 1740 867 1769 dunhus-

207 1783 377 1814 Praeiverat
401 1784 448 1815 his
467 1785 630 1826 Virgilius,
652 1787 692 1816 ix.
717 1788 791 1817 264.
815 1788 868 1818 ubi

206 1842 308 1870 aspera
332 1834 426 1874 signis
446 1836 565 1873 pocula,
593 1835 646 1865 ubi
669 1835 763 1866 etiam
788 1839 868 1866 anti-

207 1892 283 1920 quus
306 1888 416 1918 crater,
441 1883 570 1924 antiquo
600 1894 703 1924 opere,
728 1885 869 1926 adeoque

208 1929 333 1970 majoris
358 1931 458 1971 pretii.
505 1932 696 1973 Frequenter
723 1934 762 1963 ab
790 1935 869 1964 anti-

209 1977 329 2018 quitate
356 1978 533 2020 hujusmodi
562 1990 655 2021 opera
680 1981 870 2020 laudantur;

210 2027 290 2057 infra
306 2028 368 2058 xiii.
387 2030 458 2059 700.
475 2032 597 2069 antiqno
614 2032 869 2072 signisfulgenti-

210 2077 262 2107 bus
276 2088 344 2107 tere.
393 2078 487 2112 Quem
508 2085 622 2109 vastum
648 2083 778 2117 tascium
801 2081 869 2111 vide

212 2125 250 2155 ad
269 2125 314 2155 iii.
329 2127 380 2157 60.

255 2175 329 2205 239.
342 2176 469 2206 Madida
482 2181 639 2216 resupinus
653 2190 743 2209 arena
755 2191 762 2208 .·
774 2178 870 2209 Multi

213 2224 262 2263 (et
287 2230 389 2254 noster
408 2225 528 2265 Regius
551 2226 606 2262 B.)
633 2228 781 2257 madidam
804 2239 869 2257 are-

213 2283 294 2308 nam,
310 2273 394 2313 quod
410 2272 564 2314 improbat
578 2275 784 2311 Burmannus,
799 2276 872 2316 quia

212 2321 372 2352 calcitrare
387 2321 437 2352 vix
454 2323 577 2363 ponitur
595 2333 665 2353 curn
683 2323 871 2355 accusativo.

215 2371 384 2401 calcitrare
403 2370 441 2401 de
459 2373 661 2403 trementibus
679 2373 871 2404 morientium

215 2419 373 2455 membris,
387 2426 422 2450 ut
437 2422 597 2460 trepidare,
613 2433 643 2452 v.
662 2423 722 2460 403
740 2422 779 2452 vi.
791 2423 872 2460 560,

215 2474 245 2497 et
264 2469 396 2507 pulsare,
422 2468 464 2499 iv.
491 2470 562 2499 133.
618 2471 668 2501 De
696 2470 752 2501 hoc
781 2472 874 2501 verbo

214 2516 285 2546 vide
301 2527 370 2557 quae
385 2516 554 2549 dixerimus
570 2519 606 2549 ad
622 2530 651 2549 v,
665 2520 717 2549 40.
762 2519 871 2550 Eidem

216 2565 395 2596 Burmanno
431 2565 576 2606 displicet
612 2578 756 2607 germana
790 2567 872 2608 quod

215 2613 362 2644 Heinsius
382 2626 419 2645 ex
443 2625 503 2645 uno
524 2626 579 2645 suo
599 2627 653 2657 pro
669 2619 805 2657 germani
825 2628 871 2647 re-

215 2661 309 2702 cepit,
339 2663 412 2703 quia
449 2663 577 2694 dubium
615 2675 738 2695 sensum
777 2666 870 2703 facit3

214 2717 316 2752 posset
342 2712 423 2742 enim
450 2712 542 2742 etiam
570 2713 741 2750 significare
769 2726 869 2746 veram

929 1197 1059 1228 caedem.
1105 1199 1209 1235 Quum
1243 1198 1273 1228 in
1299 1208 1361 1228 uno
1396 1197 1519 1228 Thuani
1548 1197 1589 1226 sit

927 1249 1095 1288 germania,
1113 1247 1143 1277 id
1160 1247 1366 1288 separandum
1377 1247 1589 1288 judicat‚ger-

931 1299 1011 1327 mani
1033 1309 1064 1332 a,
1086 1302 1220 1338 propter,
1238 1298 1325 1331 ccede,
1346 1296 1441 1337 idque
1464 1296 1589 1337 praefert

930 1345 1076 1386 vulgatae.
1124 1346 1275 1376 Germana
1305 1347 1381 1375 crede
1407 1355 1471 1385 pro,
1501 1344 1588 1374 crede

930 1394 1080 1434 germani,
1111 1400 1145 1424 ut
1174 1394 1269 1435 paulo
1298 1399 1369 1423 ante
1397 1404 1485 1424 versu
1519 1394 1590 1424 111.

928 1445 1068 1482 populari
1084 1446 1170 1479 coede,
1186 1443 1271 1473 caede
1292 1443 1499 1484 popularium.
1536 1442 1590 1472 Bi-

931 1495 1082 1528 membres,
1102 1493 1289 1533 bicorpores,
1309 1492 1385 1523 alibi
1406 1492 1540 1533 biformes
1559 1498 1591 1522 et

930 1544 1052 1582 gemini,
1069 1541 1218 1572 Centauri
1234 1542 1272 1571 ob
1288 1541 1445 1582 duplicem
1465 1541 1537 1582 equi
1560 1547 1591 1571 et

932 1590 1064 1621 hominis
1080 1591 1218 1621 formam.
1235 1591 1417 1630 Loquitntnr
1429 1590 1468 1620 de
1478 1600 1592 1631 magno

933 1646 964 1669 et
986 1639 1161 1681 promiscuo
1184 1639 1329 1669 clamore.
1388 1639 1595 1681 Expectasses

934 1688 1021 1721 forte.
1049 1688 1207 1729 fremunt,
1254 1688 1331 1718 Haec
1368 1687 1462 1728 igitur
1490 1687 1592 1718 caedes

933 1736 1056 1778 siguum
1074 1737 1169 1767 veluti
1184 1737 1242 1767 fuit
1259 1748 1384 1778 pugnae,
1403 1748 1496 1778 quam
1510 1738 1593 1767 Nos-

935 1792 982 1816 ter
997 1786 1036 1817 ad
1052 1787 1253 1817 imitationem
1272 1787 1397 1817 Homeri
1413 1793 1442 1818 et
1458 1786 1594 1828 Virgilii,

937 1835 977 1865 V.
1000 1836 1038 1866 C.
1058 1836 1183 1865 AEneid.
1200 1835 1324 1866 xii.‘277
1351 1847 1420 1877 sqq.
1445 1835 1593 1877 copiosis-

937 1885 1013 1914 sime
1037 1884 1243 1925 persequitur,
1260 1895 1441 1925 quanquam
1456 1885 1524 1926 jam
1544 1896 1595 1915 su-

938 1943 992 1974 pra
1012 1944 1040 1963 v.
1063 1932 1124 1963 fab.
1151 1934 1179 1962 l.
1204 1933 1435 1963 tumultuariam
1458 1944 1595 1974 pugnam

937 1980 1155 2022 descripserat.
1199 1982 1299 2012 Tanto
1327 1982 1425 2022 magis
1453 1982 1597 2013 admirari

937 2029 1011 2059 licet
1040 2030 1157 2069 ingenii
1195 2029 1343 2060 Ovidiani
1377 2030 1494 2071 copias,
1524 2042 1594 2072 quae

938 2079 1044 2109 multis
1059 2078 1121 2109 illis
1136 2079 1274 2109 caedibus
1289 2079 1502 2111 describendis
1521 2092 1596 2112 non-

938 2127 1012 2157 dum
1045 2127 1205 2158 exhaustae
1243 2134 1340 2158 erant.
1388 2129 1513 2159 Etenim
1547 2129 1597 2161 hic

939 2187 1062 2217 quoque
1083 2176 1152 2206 aliis
1173 2177 1304 2218 quisque
1322 2178 1425 2213 armis,
1443 2178 1511 2209 aliis
1527 2180 1595 2210 vul-

939 2225 1063 2255 neribus
1078 2226 1216 2256 moritur.
1242 2226 1324 2257 Vide
1340 2227 1378 2257 ad
1391 2239 1422 2257 v.
1444 2229 1470 2257 1.
1508 2228 1596 2259 Non-

937 2273 1013 2303 nulli
1031 2284 1147 2309 eorum,
1165 2275 1216 2315 qui
1234 2274 1283 2304 hic
1304 2284 1593 2313 commemorantur,

938 2321 1143 2354 interfuerunt
1160 2324 1314 2354 venationi
1334 2325 1397 2367 apri
1415 2326 1594 2366 Calydonii.

941 2370 1053 2400 Pocula
1084 2373 1170 2402 missa
1201 2374 1313 2408 wlunt,
1344 2380 1405 2404 etc.
1452 2374 1597 2405 Valerius

939 2419 1082 2455 Flaccus,
1111 2420 1133 2450 i.
1166 2422 1236 2451 142.
1267 2422 1403 2452 Crateros
1441 2434 1597 2464 mensaeque

943 2469 1052 2504 rolant,
1074 2481 1188 2510 urrrqne
1209 2473 1338 2507 deorum,
1357 2472 1526 2512 Poculaque
1551 2476 1595 2503 in-

940 2519 1032 2559 signis
1049 2525 1176 2548 veterum
1194 2520 1283 2550 labor.

984 2567 1056 2596 244.
1076 2567 1243 2603 Quondam,
1262 2576 1364 2599 antea.
1390 2573 1484 2608 Aptff,
1501 2570 1596 2599 inser—

941 2616 1070 2647 vientes.
1095 2618 1204 2647 Horat.
1226 2619 1251 2648 Ι.
1274 2618 1335 2648 Od.
1352 2618 1446 2649 xxvii.
1467 2620 1478 2648 l
1497 2631 1503 2648 z
1532 2619 1594 2648 Nn·

941 2667 977 2695 tis
1005 2668 1033 2695 iu
1066 2677 1150 2695 usum
1177 2668 1283 2698 latitia
1308 2669 1423 2708 >cyphis
1451 2668 1596 2710 Pugnare

944 2714 1088 2746 Thracum
1103 2723 1154 2746 est.
