1779 3130
344 163 963 206 METAMORPHOSEON
998 162 1117 204 LIB.
1147 161 1231 203 IX.
1429 163 1481 201 73

100 280 527 342 Crescentemque
547 279 693 335 malo,
711 278 896 334 domui,
913 278 1251 340 domitamque
1273 276 1476 340 peremi.

99 355 232 409 Quid
246 356 347 404 fore
367 363 417 404 te
435 355 612 410 credis,
629 355 808 402 falsum
827 355 913 417 qui
927 370 1097 401 versus
1116 354 1166 400 in
1185 368 1400 415 anguem
1417 355 1478 399 75

96 433 248 480 Arma
272 434 432 481 aliena
454 449 638 488 moves,
667 448 817 494 quem
841 431 996 479 forma
1019 431 1241 494 precaria
1264 430 1394 478 celat
1408 429 1457 476 Γ

99 510 334 568 Dixerat3
376 518 426 558 et
450 526 642 558 summo
667 509 932 571 digitorum
955 508 1150 556 vincula
1174 508 1300 555 collo

99 587 293 650 Injicit:
334 588 564 649 angebar,
592 602 683 633 ceu
709 591 912 647 guttura
934 584 1121 648 forcipe
1146 599 1364 647 pressus,

97 663 473 727 Pollicibusque
498 679 633 711 meas
659 662 941 726 pugnabam
965 662 1176 709 evellere
1201 661 1386 707 fauces.

166 741 250 789 Sic
276 758 476 805 quoque
502 740 695 788 devicto
718 739 939 787 restabat
963 738 1110 786 tertia
1132 738 1258 785 tauri

98 885 223 917 damno.
277 887 400 923 Domui,
437 896 549 928 nempe
587 885 755 927 adjuvante

96 934 202 972 Iolao;
226 935 444 977 Apollodorus,
461 934 506 965 II.
525 946 555 965 ν.
571 936 601 965 2.
638 936 755 965 Ferenti

97 989 144 1014 est
159 995 197 1015 ex
213 983 333 1015 duobus
349 984 468 1015 Heinsii
485 984 576 1014 MSS.
600 983 755 1014 Caeterum

97 1032 275 1064 Schirachio
294 1034 383 1064 valde
401 1032 546 1075 displicet
567 1033 666 1064 omnis
689 1033 754 1064 haec

95 1083 204 1118 oratio,
216 1093 279 1124 qua
294 1083 446 1114 Hercules
461 1083 540 1114 inter
552 1083 754 1125 pugnandum

97 1137 253 1162 certamen
282 1131 373 1168 illud,
404 1139 552 1174 tanquam
582 1132 754 1169 historicus,

99 1187 244 1211 accurate
274 1181 478 1223 descripserit.
516 1181 605 1212 Idem
638 1187 754 1218 censet,

96 1231 191 1261 verba
216 1233 334 1272 gemino
360 1232 472 1262 hzrrede
500 1238 529 1262 et
553 1242 695 1262 ramosam
724 1231 756 1263 in

96 1279 157 1309 oda
172 1279 268 1310 autin
286 1279 421 1310 carmine
438 1279 528 1322 epico
540 1279 662 1310 facilius
674 1279 755 1316 ferri,

98 1339 193 1369 quam
218 1328 251 1359 in
276 1329 334 1360 hac
363 1329 512 1366 oratione,
537 1335 631 1370 atque
659 1328 754 1360 etiam

97 1377 200 1409 lusum
215 1378 304 1408 illum
319 1380 420 1409 domui
434 1380 632 1418 domitamque
644 1380 755 1418 peremi

98 1426 248 1458 dedecere
265 1427 445 1464 Herculem,
460 1434 493 1458 et
509 1438 576 1459 esse
591 1427 754 1469 frigidum3

98 1487 132 1508 se
155 1487 228 1518 ergo
251 1477 343 1508 valde
369 1477 512 1508 dubitare
535 1477 573 1507 de
599 1477 755 1518 elegantia

99 1526 191 1568 hujus
213 1526 285 1563 loci,
301 1537 394 1568 quem
413 1526 556 1562 Ovidius,
572 1526 597 1558 si
619 1537 673 1568 per
692 1527 757 1559 fata

98 1575 248 1612 licuisset,
285 1576 370 1607 haud
406 1576 501 1607 dubie
537 1576 757 1608 emendaturus

99 1624 218 1655 fuisset.
256 1625 333 1656 Haec
357 1625 420 1656 ille.
444 1625 617 1656 Videamus
639 1631 755 1662 tamen,

98 1673 176 1715 quid
212 1675 251 1705 ad
289 1674 500 1705 excusandum
536 1679 659 1716 poetam
696 1675 758 1706 dici

98 1729 207 1765 queat.
230 1724 369 1754 Primum
379 1723 532 1754 Hercules
543 1734 603 1754 non
616 1735 758 1765 pugnans

101 1771 168 1803 haec
185 1773 271 1808 dicit,
283 1772 337 1803 sed
352 1778 510 1814 spectans,
523 1780 554 1804 et
568 1773 671 1803 ridens
686 1774 757 1804 novi

98 1823 252 1863 serpentis
288 1822 459 1858 stridorem,
491 1823 581 1864 cujus
614 1829 757 1865 aspectus

99 1870 128 1902 ei
147 1871 320 1903 necessario
336 1871 369 1901 in
389 1871 569 1902 memoriam
589 1873 757 1903 revocabat

99 1921 230 1962 hydram
246 1922 418 1952 Lernaeam.
434 1922 513 1951 Eam
531 1920 624 1962 igitur
643 1920 756 1952 descri-

98 1971 155 2006 bit,
172 1977 204 2001 et
223 1970 328 2013 capita
349 1971 416 2012 ejus
436 1976 561 2001 centum
577 1971 758 2002 vulneribus

99 2020 247 2051 foecunda
272 2020 335 2052 suis
360 2019 531 2053 commode,
548 2019 664 2061 opinor,
685 2030 756 2051 cum

99 2069 157 2101 hoc
182 2081 242 2100 uno
266 2069 484 2100 transformato
507 2076 648 2110 serpente
673 2080 755 2101 com-

100 2125 200 2161 parat.
216 2119 329 2160 Neque
353 2129 440 2160 porro
463 2128 520 2159 ego
538 2125 656 2160 putem,
673 2119 757 2161 frigi-

99 2169 174 2200 dum
188 2179 254 2200 esse
269 2169 370 2199 lusum
382 2168 580 2209 Herculeque
594 2169 758 2211 indignum

100 2218 133 2249 in
156 2218 268 2255 verbis,
292 2220 392 2249 domui
418 2220 614 2258 domitamque
637 2221 757 2258 peremi,

102 2267 166 2308 (sic
189 2278 253 2298 ver.
280 2269 350 2299 195.
371 2269 512 2307 proesepia
544 2269 618 2304 vidi,
642 2270 759 2309 visaque

98 2319 203 2357 dejeci,
228 2322 259 2347 et
281 2327 364 2358 saepe
390 2317 472 2358 apud
497 2317 676 2353 Nostrum,)
704 2324 759 2348 aut

100 2366 337 2408 improbandum
357 2376 544 2408 magnopere
564 2366 596 2397 in
612 2367 671 2398 hac
691 2379 757 2398 ora-

100 2415 184 2447 tione
213 2416 398 2446 vocabulum
438 2427 592 2447 ramosam.
638 2417 757 2454 Quidni

102 2464 197 2495 etiam
226 2463 257 2494 in
287 2474 425 2495 sermone
459 2464 642 2506 quotidiano
671 2476 756 2496 mon-

100 2519 197 2544 strum
214 2513 441 2554 πολυκέφαλον
451 2524 522 2544 curn
536 2513 629 2544 ramis
644 2515 758 2546 arboris

102 2572 280 2603 comparare
304 2562 417 2593 liceat?
441 2562 603 2603 Virgilius,
628 2564 757 2595 [Eneid.

103 2611 156 2642 vii.
171 2612 222 2641 30.
236 2622 348 2641 ramosa
365 2623 490 2647 cornua,
508 2617 540 2642 et
560 2613 631 2643 189.
646 2624 757 2643 cornua

103 2661 226 2691 arborea
243 2662 332 2691 cervi.

147 2709 198 2740 75.
225 2709 344 2739 Falsum
369 2709 499 2740 «luorum
517 2711 608 2741 MSS.
627 2709 757 2741 auctori-

193 2758 290 2788 VOL.
314 2758 374 2788 IV.

1416 739 1479 783 80

822 889 896 918 tate,
909 882 1047 914 Medicei
1063 889 1094 913 et
1105 884 1311 924 Langerman.
1325 883 1478 912 Burman-

822 943 880 963 nus
903 932 1035 963 mutavit
1059 931 1090 962 in
1113 933 1216 967 solum,
1232 937 1266 962 ut
1288 942 1359 972 opp.
1374 930 1479 971 hydrae

822 981 989 1012 multorum
1017 981 1154 1022 capitum
1182 986 1213 1011 et
1239 980 1320 1011 natis
1348 990 1364 1009 e
1393 978 1478 1009 caede

823 1031 967 1062 colubris.
996 1031 1063 1072 Ego
1088 1041 1160 1061 vero
1175 1031 1295 1075 fulsum
1322 1027 1477 1060 revocavi.

822 1081 945 1111 Etenim
975 1080 1037 1110 duo
1068 1085 1158 1120 urget
1186 1079 1355 1114 Achelous,
1384 1085 1417 1109 tu
1448 1084 1479 1108 et

821 1142 901 1161 unus
917 1140 949 1160 es
965 1129 1107 1171 etfalsus
1123 1139 1259 1171 serpens.
1303 1127 1363 1158 Uni
1383 1138 1478 1169 oppo-

823 1179 884 1210 suit
907 1179 1011 1221 capita
1033 1180 1168 1210 Lernaeae
1191 1177 1308 1218 hydrae.
1324 1177 1418 1207 Nunc
1439 1177 1479 1208 ad

824 1229 968 1265 alterurn,
993 1228 1032 1259 ad
1045 1229 1178 1270 salsum,
1198 1227 1318 1260 transit.
1341 1226 1378 1257 Ei
1402 1226 1479 1257 nihil

821 1278 960 1321 opponit,
986 1278 1040 1309 sed
1070 1277 1182 1319 premit
1211 1277 1367 1307 notionem
1386 1277 1479 1318 falsi,

823 1327 898 1359 dum
913 1339 997 1358 arma
1012 1329 1111 1358 alienu
1126 1326 1296 1367 etformam
1310 1329 1480 1366 precariam

822 1377 921 1413 addit,
948 1376 980 1407 in
1009 1377 1122 1417 quibus
1147 1386 1207 1406 non
1236 1380 1282 1406 est
1308 1375 1479 1415 tautologia

822 1426 945 1458 vitiosa.
997 1425 1195 1457 Vocabulum
1221 1425 1326 1467 falsus
1366 1425 1480 1455 Noster

823 1482 906 1507 amat
921 1476 952 1506 in
972 1474 1184 1506 describendis
1204 1473 1479 1504 transformationi-

822 1526 900 1563 bus;
924 1525 994 1555 vide
1011 1524 1050 1554 ad
1066 1523 1106 1554 vi.
1121 1524 1175 1553 26.
1211 1523 1250 1553 Et
1268 1522 1331 1553 vidi
1351 1523 1445 1553 etiam
1461 1533 1476 1552 a

822 1574 998 1606 Mitscherl.
1014 1572 1147 1604 eandem
1161 1571 1328 1602 lectionem
1351 1582 1417 1602 esse
1432 1582 1480 1602 re-

823 1630 958 1666 ceptam.
987 1625 1079 1653 Arma
1094 1633 1196 1658 moves,
1211 1621 1350 1662 linguam
1365 1621 1479 1657 vibras,

826 1679 860 1704 ut
875 1684 964 1704 versu
979 1674 1033 1703 65.
1050 1677 1103 1702 aut
1118 1671 1252 1706 omnino,
1266 1679 1403 1712 pugnam
1418 1669 1477 1700 mi-

826 1723 956 1761 nitaris3
977 1722 1136 1763 Virgilius,
1161 1722 1237 1751 AEn.
1261 1719 1314 1750 xii.
1335 1720 1365 1750 6.
1388 1726 1481 1750 movet

824 1785 909 1804 arma
932 1774 986 1803 leo.
1033 1772 1189 1805 Precnria,
1209 1768 1324 1800 aliena.
1370 1769 1480 1800 Forma

824 1825 901 1854 celat
915 1832 998 1858 eum,
1015 1821 1068 1863 qui
1086 1820 1118 1851 in
1139 1829 1207 1850 eam
1226 1818 1346 1854 transit,
1362 1823 1393 1849 et
1409 1829 1479 1860 pro-

824 1872 889 1914 prie
918 1870 1045 1913 quidem
1075 1880 1111 1900 eo
1139 1867 1280 1904 consilio,
1305 1872 1340 1897 ut
1366 1867 1481 1906 lateat3

824 1921 868 1952 sic
884 1932 915 1952 v.
930 1920 1004 1951 326.
1033 1920 1072 1949 Et
1092 1929 1121 1949 se
1143 1918 1274 1948 mentitis
1292 1916 1417 1955 Superos
1434 1928 1480 1947 ce-

824 1972 896 2002 lasse
900 1971 1027 2012 figuris.
1050 1968 1155 1999 Multo
1170 1966 1296 1998 suavius
1313 1966 1404 1997 verbo
1420 1968 1480 1997 dis-

822 2022 964 2052 simulare
979 2030 1052 2050 usus
1068 2024 1115 2050 est
1130 2018 1162 2049 in
1177 2017 1236 2047 hac
1251 2026 1294 2052 re,
1310 2015 1343 2045 ii.
1361 2017 1436 2047 374.
1450 2024 1481 2048 et

824 2070 953 2101 Heroid.
976 2069 1019 2100 iv.
1047 2070 1118 2099 104.
1143 2067 1196 2098 ubi
1226 2072 1313 2096 tauro
1343 2067 1478 2096 dissimu-

826 2122 906 2151 lante
922 2121 1031 2150 Deum.

869 2170 920 2201 77.
953 2170 1129 2210 Digitorum
1162 2169 1283 2199 vincula
1315 2168 1480 2209 exquisite,

825 2219 926 2261 digiti,
939 2223 1094 2260 quatenus
1108 2217 1145 2248 iis
1159 2219 1310 2249 tenaciter
1320 2219 1482 2260 premebat

826 2279 977 2309 anguem:
1014 2267 1108 2298 etiam
1143 2277 1230 2298 versu
1261 2268 1335 2299 315.
1370 2269 1480 2303 vincla,

827 2316 916 2358 digiti
932 2316 1016 2347 nexi.
1053 2317 1171 2346 Summo
1186 2317 1272 2351 collo,
1290 2326 1327 2347 ne
1343 2316 1480 2347 mordere

824 2371 936 2408 posset.
982 2366 1064 2405 Angi
1083 2364 1203 2406 proprie
1223 2364 1261 2395 de
1283 2364 1331 2400 iis,
1350 2375 1480 2405 quorum

824 2421 951 2456 guttura
984 2413 1239 2455 comprimuntur,
1268 2419 1303 2444 ut
1338 2413 1478 2454 spiritum

823 2464 937 2494 ducere
965 2468 1133 2503 nequeant.
1168 2463 1242 2492 Mox
1274 2462 1480 2504 Capoferreus

823 2513 990 2554 legendum
1006 2519 1112 2552 censet
1125 2511 1231 2542 ordine
1240 2512 1402 2542 verborum
1414 2522 1480 2542 mu-

825 2568 889 2593 tato
913 2574 967 2593 ceu
978 2562 1100 2603 forcipe
1118 2567 1247 2602 guttura
1265 2572 1390 2601 pressus,
1407 2560 1480 2602 quia

825 2610 1088 2653 comparationem
1118 2620 1178 2641 non
1202 2610 1301 2641 sumit
1330 2620 1348 2640 a
1376 2620 1480 2650 presso

824 2666 960 2701 gutture,
981 2659 1032 2690 sed
1046 2658 1212 2700 pressionis
1228 2669 1246 2690 a
1261 2658 1386 2700 forcipe.

870 2710 923 2739 80.
943 2709 1065 2738 Derieis·
1079 2710 1208 2738 restabat
1223 2710 1325 2744 tertia,
1337 2706 1416 2746 etc-J}
1428 2707 1477 2737 Ex

956 2758 980 2786 1.
