1779 3130
370 165 989 207 METAMORPHOSEON
1024 166 1140 207 LIB.
1172 167 1305 208 XIII.
1444 168 1528 207 347

145 279 290 326 Hunc
315 279 490 333 Anius,
518 295 616 341 quo
642 295 757 340 rege
783 279 1023 336 homines,
1050 280 1272 327 antistite
1305 279 1525 326 Phoebus

147 355 262 401 Rite
288 355 592 408 colebantur,
620 355 924 416 temploque,
951 356 1199 418 domoque
1225 356 1444 418 recepit3

152 429 435 492 Urbemque
461 431 693 483 ostendit,
721 431 1026 494 delubraque
1052 439 1179 485 vota,
1207 433 1433 494 duasque

146 505 334 552 Latona
358 506 610 567 quondam
637 507 814 569 stirpes
842 508 1062 570 pariente
1088 515 1320 555 retentas.
1429 510 1525 554 635

143 581 273 628 Ture
297 582 414 628 dato
439 582 666 637 flaminis,
692 582 907 644 vinoque
933 583 981 629 in
1003 591 1112 629 tura
1137 583 1352 645 profuso,

145 658 500 720 Caesorumque
525 659 673 704 boum
699 657 834 704 fibris
860 659 921 704 de
947 674 1081 705 more
1107 659 1353 713 crematis,

145 733 304 794 Regia
329 741 461 781 tecta
486 741 688 797 petunt;
730 733 980 796 positique
1005 735 1254 796 tapetibus
1280 734 1392 780 altis

146 808 358 855 Munera
382 826 493 855 cum
520 810 709 872 liquido
734 810 936 872 capiunt
963 811 1189 858 Cerealia
1216 811 1433 858 Baccho.

145 883 272 930 Tum
291 886 400 947 pius
414 886 655 932 Anchises
675 903 684 932 :
716 892 745 909 ‘⁶
761 886 804 932 O
828 886 1003 933 Phoebi
1021 888 1147 935 lecte
1160 888 1407 943 sacerdos,
1430 889 1526 934 640

147 960 334 1007 Fallor?
355 977 418 1008 an
433 969 483 1009 et
495 969 681 1018 natum,
696 978 849 1024 quum
860 964 1072 1025 primum
1091 965 1197 1011 haec
1217 964 1397 1011 moenia
1412 964 1527 1018 vidi,

147 1036 337 1099 Bisque
356 1038 479 1085 duas
500 1046 655 1094 natas,
670 1047 911 1101 quantum
931 1039 1527 1095 reminiscor,habebas?''

148 1112 277 1160 Huic
304 1113 460 1160 Anius
485 1115 639 1162 niveis
665 1115 970 1163 circumdata
993 1124 1217 1180 tempora
1239 1117 1373 1163 vittis

147 1232 228 1250 ιιιιηι.
276 1221 434 1260 Phcebique
467 1224 610 1257 sacerdos,

146 1276 208 1299 etc.

147 1318 244 1348 multa
273 1318 364 1358 hujus
394 1318 546 1349 adventus
581 1318 698 1350 indicia
728 1319 805 1350 vise-

146 1367 277 1404 bantur3
302 1365 433 1407 Dionys.
449 1366 468 1397 i.
485 1369 536 1397 50.
583 1368 632 1397 De
650 1368 737 1403 Anio,
753 1368 807 1409 qui

147 1415 178 1445 in
195 1421 332 1445 veterum
348 1421 507 1456 poetarum
523 1416 637 1457 mythis
653 1416 710 1448 fuit
726 1417 808 1447 cele-

146 1463 351 1499 bratissimus,
367 1470 397 1494 et
419 1463 457 1494 de
480 1464 602 1495 filiabus
622 1465 688 1505 ejus
704 1466 808 1496 confer

149 1512 304 1553 Lycophr.
333 1512 421 1543 Cass.
451 1513 527 1543 570.
563 1518 593 1542 et
626 1513 730 1543 Schol.
768 1514 807 1544 ad

147 1573 176 1593 e.
190 1561 211 1592 l.
227 1561 366 1592 Servium
383 1562 422 1592 ad
439 1563 515 1592 AEn.
532 1561 575 1591 iii.
591 1563 654 1600 803
678 1562 807 1603 Dictyn,

148 1612 202 1642 lib.
218 1612 240 1641 i.
258 1612 309 1641 fin.
338 1610 413 1641 Esse
430 1611 510 1641 hanc
532 1621 570 1641 ex
587 1611 810 1651 antiquissimis

148 1660 272 1695 sabulis,
290 1658 442 1700 siquidem
463 1659 677 1700 Pherecydem
699 1667 730 1690 et
746 1661 808 1701 Cy-

148 1709 216 1751 pria
232 1709 297 1749 Epe
313 1708 351 1738 de
370 1719 407 1738 ea
422 1708 531 1738 laudat
550 1708 688 1744 Tzetzes,
704 1715 809 1739 monet

148 1758 255 1798 Heyn.
300 1757 369 1786 Rex
407 1758 478 1786 colit
517 1756 665 1791 homines,
703 1767 808 1786 curam

150 1816 254 1836 eorum
283 1805 372 1845 gerit,
401 1811 434 1834 ut
465 1805 519 1833 Dii
549 1804 688 1834 homines
715 1806 808 1835 colere

148 1854 293 1884 dicuntur
310 1852 373 1882 viii.
388 1853 460 1882 724.
477 1858 508 1882 et
524 1852 606 1893 apud
623 1852 691 1883 Cic.
705 1853 746 1882 N.
763 1853 806 1883 D.

150 1903 170 1932 i.
201 1904 254 1932 41.
281 1902 334 1932 ubi
363 1901 433 1931 vide
462 1899 639 1931 Davisium.
686 1902 767 1936 Rite,
792 1913 808 1932 e

150 1951 270 1992 legibus
299 1949 406 1985 sacriS,
435 1951 529 1980 colere
552 1950 655 1980 Deum
678 1950 809 1981 formula

149 1999 308 2030 sollennis.
354 2000 443 2029 More
469 1999 597 2040 antiquo
627 1998 718 2029 simul
742 2010 807 2035 rex,

148 2049 240 2079 simul
270 2048 411 2079 sacerdos
439 2048 507 2078 fuit.
555 2048 672 2087 Templo
699 2051 809 2087 recepit

151 2097 193 2127 nil
221 2097 306 2127 aliud
328 2102 385 2132 est,
402 2097 472 2131 nisi,
493 2096 583 2127 duxit
604 2107 660 2126 nos
681 2096 711 2126 in
731 2103 808 2126 tem-

150 2146 249 2187 plum,
270 2151 302 2175 ut
322 2144 363 2175 ibi
384 2155 490 2186 preces
511 2145 703 2182 faceremus3
727 2155 810 2176 more

152 2204 209 2224 suo
226 2194 276 2224 uni
292 2194 384 2224 verbo
400 2193 460 2224 duo
475 2193 598 2223 diversa
613 2193 738 2222 nomina
754 2193 809 2223 ad-

147 2242 264 2283 junxit.
313 2241 400 2282 Virg.
422 2242 455 2272 d.
478 2242 501 2271 l.
526 2242 645 2280 Templa
669 2242 726 2271 Det·
745 2252 811 2272 sacco

151 2292 314 2321 venerabar
341 2296 457 2320 structa
487 2297 610 2320 vetusto.
664 2290 744 2326 Vota,
774 2301 811 2320 ex

154 2345 225 2370 voto
241 2338 352 2380 posita,
369 2344 402 2369 ut
424 2346 489 2369 rota
510 2350 647 2374 munera,
666 2345 736 2369 volte
751 2341 812 2369 vic-

154 2391 243 2423 timae,
262 2394 322 2418 etc.
344 2388 475 2429 passim:
502 2388 594 2418 etiam
619 2390 716 2418 votiva
738 2388 814 2418 talia

153 2437 307 2468 dicuntur.
356 2438 442 2467 Duas
469 2439 586 2476 stirpes,
616 2437 752 2478 palmam
783 2442 814 2466 et

154 2486 287 2520 laurum,
316 2496 335 2515 a
364 2485 482 2515 Latona
510 2492 651 2520 retentas,
681 2496 813 2526 quarum

156 2541 279 2564 truncos
303 2534 447 2564 manibus
469 2534 671 2576 apprehendit
699 2535 815 2564 Latona

154 2583 350 2624 parturiens3
386 2583 492 2624 Eurip.
530 2584 610 2614 Hec.
647 2594 712 2613 ver.
743 2584 815 2613 458.

159 2632 258 2662 Unius
272 2633 383 2673 palmae
396 2633 581 2663 mentionem
596 2633 713 2663 faciunt
724 2633 816 2662 Hom.

158 2681 266 2721 hymn.
286 2682 379 2722 Apol.
399 2693 461 2712 ver.
488 2683 547 2719 173
567 2681 736 2722 lheognis,
755 2692 818 2711 vcr.

650 1222 804 1257 Occurrit,

265 1269 368 1299 Etiam
408 1269 573 1300 serioribus
619 1270 807 1311 temporibus

875 1223 915 1259 63
939 1222 1162 1259 Callimachus,
1178 1224 1209 1253 h.
1226 1224 1298 1253 Del.
1313 1224 1387 1253 210.
1419 1224 1533 1254 Vetus-

875 1265 1024 1295 tissimam
1050 1266 1186 1306 palmam
1212 1266 1285 1296 inde
1312 1267 1351 1296 ab
1378 1266 1534 1307 Apollinis

875 1319 967 1344 aetate
987 1313 1018 1343 in
1040 1313 1141 1344 insula
1161 1314 1242 1344 Delo
1262 1314 1409 1355 conspici,
1431 1320 1535 1344 narrat

875 1361 1006 1397 Plinius,
1019 1361 1081 1392 xvi.
1098 1362 1149 1392 44.
1165 1362 1214 1392 Cf.
1228 1362 1266 1392 ad
1283 1362 1322 1392 vi.
1339 1363 1414 1393 335.

917 1412 991 1441 637.
1015 1411 1124 1446 Fun-ce,
1141 1418 1228 1441 exta:
1254 1411 1376 1452 proprie
1393 1416 1533 1441 extorum

875 1460 1096 1490 extremitates.
1145 1459 1191 1489 De
1207 1470 1284 1489 more
1298 1462 1456 1496 crematis;
1472 1465 1534 1490 tres

875 1510 910 1538 de
938 1519 1015 1538 more
1046 1509 1163 1544 litatis;
1203 1508 1274 1539 vide
1300 1507 1339 1538 ad
1370 1508 1432 1539 xiv.
1462 1509 1534 1539 156.

877 1556 968 1597 Regii
985 1556 1077 1587 codd.
1094 1557 1243 1587 cremati&
1291 1556 1396 1592 Positi,
1408 1567 1533 1587 accum-

876 1605 1002 1641 bentes3
1026 1605 1095 1635 vide
1112 1604 1151 1634 ad
1168 1615 1228 1635 ver.
1244 1605 1317 1635 543.
1364 1605 1534 1644 Tapetibus,

877 1653 1013 1684 vestibus
1035 1653 1189 1693 stragulis,
1209 1653 1329 1694 pulvini
1349 1653 1534 1684 lectulorum

877 1702 985 1733 instrui
1007 1702 1160 1732 solebant.
1206 1703 1296 1737 Alcis,
1321 1701 1396 1742 quia
1415 1702 1534 1744 pulvini

876 1751 946 1781 alti:
973 1750 1016 1781 sic
1032 1751 1124 1781 etiam
1140 1750 1302 1790 Virgilius,
1318 1751 1391 1780 ΖΕΗ.
1404 1750 1445 1781 ix.
1461 1752 1535 1782 325.

920 1801 991 1830 640.
1020 1800 1092 1830 Tum
1108 1801 1176 1838 pins
1192 1801 1341 1833 Anchises,
1358 1799 1433 1839 etc.]
1465 1801 1536 1830 Ser-

878 1849 943 1878 vius
973 1848 1012 1878 ad
1039 1849 1113 1878 [ΕΗ.
1143 1848 1187 1878 iii.
1218 1849 1275 1877 8⁴2:
1307 1847 1390 1877 “Ad
1416 1847 1535 1878 Anium

876 1896 1032 1927 Anchises
1058 1903 1130 1927 ante
1152 1896 1296 1927 Troicum
1318 1897 1436 1927 bellum
1460 1907 1533 1928 con-

876 1946 993 1975 sultum
1008 1951 1147 1981 venerat,
1163 1956 1202 1975 an
1217 1945 1406 1976 Salaminam
1420 1951 1538 1987 peteret

877 2004 980 2024 comes
1007 1994 1164 2024 Priamo.''
1210 1994 1292 2024 Hinc
1318 1994 1417 2024 Anius
1441 1994 1535 2025 etiam

877 2042 960 2084 apud
987 2043 1074 2084 Virg.
1105 2042 1136 2073 d.
1164 2043 1187 2073 l.
1227 2049 1352 2073 veterem
1387 2044 1537 2074 Anchisen

877 2094 1009 2133 agnoscit
1024 2094 1162 2122 amicum.
1209 2092 1317 2132 Bisque
1334 2094 1409 2123 duas
1425 2100 1536 2130 παίω,-

878 2140 978 2171 Anius
1006 2146 1140 2182 quatuor
1170 2140 1280 2171 habuit
1306 2141 1396 2177 filias,
1425 2142 1538 2182 quibus

879 2190 1023 2219 Bacchus
1045 2189 1208 2225 concessit,
1233 2195 1267 2219 ut
1290 2188 1445 2230 quidquid
1469 2197 1537 2220 tan-

878 2243 996 2279 gerent,
1013 2238 1045 2268 in
1064 2238 1262 2273 frumentum,
1284 2238 1331 2268 vel
1350 2237 1466 2274 vinum,
1489 2239 1538 2269 vel

879 2287 979 2317 oleum
993 2292 1234 2317 commutaretur
1251 2299 1256 2315 ε
1283 2297 1335 2316 eas
1346 2297 1442 2327 quum
1452 2287 1538 2328 Aga-

880 2346 1024 2365 memnon
1039 2336 1067 2366 vi
1083 2335 1198 2365 ducere
1209 2334 1304 2365 vellet
1319 2335 1349 2364 in
1365 2335 1537 2376 expeditio-

881 2395 950 2414 nem
968 2383 1142 2425 Trqjanam,
1162 2390 1196 2414 ut
1217 2384 1386 2414 exercitum
1407 2384 1536 2422 alerent,

883 2433 1000 2463 Bacchi
1039 2432 1154 2463 auxilio
1189 2432 1220 2464 in
1249 2432 1410 2463 columbas
1445 2433 1538 2465 fuisse

882 2492 1046 2512 conversas
1062 2481 1248 2513 fabulantur.

926 2532 998 2561 643.
1027 2531 1275 2567 Niceis-cz'lris;
1307 2530 1442 2561 candida
1462 2531 1539 2562 vitta

883 2580 1001 2620 insigne
1017 2580 1208 2611 sacerdotum
1225 2592 1232 2617 3
1259 2579 1340 2621 apud
1355 2579 1465 2621 Virgil.
1476 2591 1539 2611 ver.

884 2630 935 2659 81.
966 2628 1065 2658 Anius
1095 2630 1178 2659 vittis
1211 2635 1237 2659 et
1266 2640 1349 2659 sau-ru
1384 2630 1540 2659 redimitus

889 2685 1018 2717 tempora
1035 2679 1129 2708 lauro.
