1779 3130
356 164 975 205 METAMORPHOSEON
1010 165 1128 206 LIB.
1161 165 1297 207 XIV.

1425 168 1507 208 371

127 277 280 325 Utere
305 278 507 325 tentatis
532 294 752 341 operosae
777 278 960 324 viribus
986 279 1169 326 herbae.

126 353 233 400 Nec
259 355 488 400 medeare
514 355 648 408 mihi,
676 370 923 417 sanesque
950 356 1054 401 haec
1080 357 1283 403 vulnera
1307 357 1504 413 mando,

126 430 349 492 Fineque
375 430 441 476 nil
467 447 591 493 opus
618 438 720 478 est:
762 439 951 493 partem
977 431 1102 478 ferat
1126 433 1208 479 illa
1231 434 1458 481 caloris.''

125 506 192 552 At
212 506 356 553 Circe
376 507 562 568 (neque
581 506 712 553 enim
731 506 942 553 flammis
962 508 1113 554 habet
1134 508 1296 570 aptius
1318 510 1417 556 ulla
1441 513 1503 556 25

123 581 326 628 Talibus
353 581 630 644 ingenium;
675 598 762 628 seu
788 598 938 629 causa
963 590 1040 630 est
1065 584 1211 646 hujus
1239 584 1287 629 in
1313 586 1435 648 ipsa,

125 658 225 704 Seu
251 657 421 704 Venus
447 658 628 704 indicio
653 657 771 704 facit
794 658 886 705 hoc
912 658 1100 705 offensa
1125 661 1355 722 paterno>

122 733 263 780 Talia
286 735 435 780 verba
459 734 634 782 refert:
666 739 696 758 “
716 734 900 781 Melius
925 751 1190 797 sequerere
1214 736 1477 792 volentem,

124 810 498 874 Optantemque
520 810 712 865 eadem,
740 811 982 873 parilique
1007 812 1239 874 cupidine
1265 820 1480 876 captam.

124 887 318 949 Dignus
344 902 479 944 eras3
520 887 647 934 ultro
672 894 871 950 poteras
896 895 1131 951 certeque
1158 890 1341 951 rogari:
1441 894 1505 936 30

124 962 206 1018 Et,
234 963 275 1009 si
300 979 439 1026 spem
464 964 676 1019 dederis,
704 964 822 1010 mihi
848 966 1012 1021 crede,
1040 966 1289 1026 rogaberis
1316 966 1460 1013 ultro.

124 1039 236 1086 Neu
262 1039 477 1095 dubites,
505 1040 736 1103 absitque
762 1049 858 1088 tuae
883 1041 1066 1088 fiducia
1089 1041 1284 1088 formae:

121 1115 199 1162 En
223 1132 331 1177 ego,
359 1132 514 1179 quum.
543 1116 651 1163 Dea
675 1117 783 1172 sim,
812 1117 954 1164 nitidi
980 1134 1134 1180 quum
1159 1118 1260 1164 filia
1288 1118 1433 1174 Solis,

124 1192 356 1238 Carmine
394 1209 548 1255 quum
589 1200 799 1247 tantum,
844 1201 1036 1240 tantum
1081 1210 1234 1256 quum
1283 1195 1503 1255 gramine

324 1268 528 1331 possim,

1444 1273 1505 1316 34

123 1343 193 1390 Ut
217 1351 303 1391 tua
326 1344 434 1399 sim,
461 1360 640 1391 voveo:
682 1352 996 1408 spernentem
1023 1361 1230 1408 sperne:
1272 1347 1502 1408 sequenti

121 1420 297 1468 Redde
317 1420 472 1478 vices;
503 1437 701 1483 unoque
720 1421 844 1467 duas
871 1421 1110 1468 ulciscere
1135 1421 1315 1468 facto.''

160 1616 212 1645 24.
246 1615 378 1656 Fineque
401 1617 446 1646 nil
470 1617 542 1655 (aut
567 1626 638 1647 cum
669 1616 775 1648 multis

117 1664 211 1694 MSS.
236 1664 312 1695 Fine
340 1666 435 1703 nihil)
466 1676 537 1704 opus
565 1673 617 1696 est.
662 1666 699 1696 In
728 1666 774 1696 his

117 1713 218 1743 verbis
247 1713 359 1744 frustra
388 1714 543 1745 haeserunt
571 1714 771 1756 interpretes:

112 1762 199 1803 justa
230 1763 380 1804 oppositio
415 1762 445 1793 in
466 1764 563 1803 finire
597 1771 628 1794 et
660 1771 774 1803 partem

107 1811 209 1852 ferre.

159 1861 212 1890 25.
246 1861 288 1890 At
319 1860 417 1895 Circe,
445 1872 549 1901 neque,
575 1861 652 1900 etc.]
685 1862 775 1893 Circe

116 1908 184 1950 ipsa
201 1919 302 1939 amore
325 1909 458 1940 ardescit
473 1911 632 1951 conspecti
649 1910 775 1941 Glauci.

116 1957 210 1988 Hunc
232 1968 368 1988 amorem
389 1966 564 1989 memorant
581 1965 612 1989 et
629 1958 682 1989 alii
703 1969 775 1990 auc-

117 2012 210 2037 tores.
255 2007 364 2045 Aptius
387 2017 425 2037 ex
450 2017 532 2038 more
556 2007 652 2037 nostri
675 2014 774 2048 poetae

116 2060 163 2086 est
178 2055 454 2090 accommodatius,
468 2055 550 2096 quod
566 2055 657 2086 citius
672 2056 775 2087 conci-

116 2104 162 2145 pit
191 2114 348 2141 amorem3
384 2104 537 2134 Burman.
584 2104 699 2144 Hujus,
728 2105 774 2134 in-

114 2152 197 2193 genii
234 2163 259 2182 s.
295 2152 437 2193 pectoris.
484 2151 601 2182 Indicio
635 2158 772 2190 paterno,

116 2196 190 2236 quia
212 2195 263 2225 Sol
290 2194 482 2224 indicaverat
499 2194 628 2226 Veneris
653 2195 775 2225 adulte-

116 2250 216 2287 rium3
240 2250 281 2279 iv.
301 2249 356 2279 171
375 2260 443 2290 sqq.

158 2299 212 2329 28.
247 2299 416 2338 Sequerere,
444 2302 578 2339 peteres.
628 2298 775 2328 Valentem

115 2348 255 2378 absolute
271 2346 340 2388 capi
356 2353 468 2387 potest,
485 2347 638 2377 volentem
659 2348 774 2386 amari3

114 2395 187 2426 vide
204 2395 316 2426 Heius.
334 2395 375 2425 ad
394 2395 426 2425 ii.
446 2396 516 2425 128.
560 2394 649 2425 Idem
669 2401 772 2426 autem

115 2455 219 2475 rursus
247 2450 293 2474 ter
322 2444 411 2479 dixit,
443 2445 596 2480 volentem,
625 2451 773 2484 optantem

116 2495 226 2529 eadem,
240 2494 333 2533 parili
349 2495 490 2532 cupidine
505 2499 631 2531 captam.

157 2543 209 2573 30.
235 2541 402 2582 Οεντεᾳιιε.]
419 2542 463 2572 Τὸ
477 2553 532 2582 que
547 2542 577 2572 in
591 2542 714 2572 tertium
727 2542 771 2571 lo-

115 2601 186 2621 cum
201 2591 397 2625 translatum,
411 2597 445 2621 ut
460 2590 593 2632 saepius3
609 2590 679 2621 vide
692 2591 771 2620 Bur-

116 2649 276 2675 mannum,
291 2638 345 2680 qui
368 2644 472 2669 tamen
496 2638 596 2674 malit,
614 2650 666 2678 per
691 2645 773 2678 teque

118 2699 228 2727 rogarz.

886 1618 938 1648 32.
962 1619 1112 1658 Absitque,
1130 1618 1207 1659 etc.]
1244 1618 1329 1649 Olim
1351 1617 1501 1649 edebatur

842 1668 986 1707 adsitque,
1010 1668 1114 1705 male3
1139 1678 1264 1698 sensus:
1296 1668 1346 1697 Ne
1370 1667 1504 1703 dubites,

843 1725 920 1745 neve
936 1715 1026 1750 absit,
1038 1721 1098 1745 etc.
1115 1715 1264 1746 Heinsius
1279 1715 1367 1745 malit
1381 1717 1504 1746 absitve.

843 1763 1045 1802 Spernentem,
1062 1764 1209 1805 Scyllam.
1247 1765 1395 1804 Sequenti,
1412 1765 1503 1795 mihi.

848 1812 969 1852 Unaque
998 1814 1072 1842 duas
1101 1814 1243 1843 ulciscere
1263 1812 1366 1853 facto.
1419 1813 1501 1843 Bur-

843 1871 975 1891 mannus
999 1871 1016 1891 e
1041 1861 1196 1892 Vaticano
1221 1867 1252 1891 et
1272 1861 1409 1902 quinque
1435 1861 1505 1891 aliis

843 1916 1000 1950 receperat
1015 1912 1098 1946 duos,
1114 1909 1182 1940 scil.
1212 1909 1369 1940 Glaucum
1387 1914 1418 1939 et
1435 1909 1503 1939 Cir-

841 1968 925 1996 cen;
961 1959 1092 1989 eandem
1130 1958 1298 1989 lectionem
1328 1964 1505 1989 servaverat

843 2007 1022 2048 Gierigius3
1055 2017 1113 2048 ego
1150 2007 1284 2048 priscam
1322 2017 1443 2043 revoco,
1468 2012 1503 2037 ut

842 2057 917 2085 duas
934 2056 1084 2086 referatur
1103 2056 1142 2086 ad
1160 2056 1297 2097 Scyllam
1320 2061 1351 2085 et
1367 2055 1499 2086 Circen:

842 2110 949 2135 notum
972 2111 1019 2135 est
1041 2105 1150 2135 vocab.
1166 2105 1270 2135 ulcisci
1293 2106 1421 2144 aliquem,
1444 2104 1501 2134 du-

841 2154 956 2195 plicem
986 2165 1053 2184 esse
1083 2154 1358 2195 significationem:
1394 2154 1504 2195 punire

841 2202 972 2237 scilicet,
1000 2208 1030 2232 et
1060 2202 1228 2232 vindicare.
1286 2204 1393 2239 Quare
1420 2203 1500 2232 bona

841 2256 907 2280 erat
930 2250 1059 2291 antiqua
1081 2250 1174 2280 lectio
1198 2261 1268 2290 quae
1295 2249 1444 2290 reperitur
1471 2250 1503 2280 in

841 2298 1002 2328 codicibus
1018 2298 1148 2339 Regiis;
1172 2304 1202 2328 et
1218 2298 1296 2328 bene
1318 2297 1502 2338 interpreta-

841 2352 891 2377 tus
912 2353 959 2377 est
978 2347 1129 2388 glossator
1146 2346 1374 2377 vetustissimus
1396 2347 1427 2375 in
1451 2356 1501 2376 co-

841 2395 911 2425 dice
928 2396 967 2426 B.
984 2396 1031 2426 his
1045 2406 1115 2426 voc.
1132 2398 1221 2426 redde
1237 2399 1311 2426 vices
1332 2396 1412 2425 nobis
1426 2397 1503 2425 dua-

841 2445 892 2473 bus
916 2446 947 2474 inv
970 2455 1030 2473 uno
1042 2444 1144 2485 sczcto.
1189 2444 1277 2473 Idem
1295 2443 1372 2473 vidit
1395 2442 1502 2473 Nostri

840 2492 991 2533 interpres
1014 2494 1145 2523 Graecus
1169 2491 1340 2526 Planudes,
1356 2491 1408 2531 qui
1433 2502 1500 2521 ver-

842 2541 895 2570 tit:
912 2541 975 2578 †1)v
989 2542 1048 2581 μὲν
1063 2541 1201 2581 τιμώρει,
1221 2541 1282 2578 τὴν
1304 2539 1334 2570 δε
1352 2542 1500 2580 τιμωροῦ.

841 2599 935 2618 unam
951 2589 1074 2629 punias,
1093 2589 1222 2619 alteram
1238 2588 1388 2618 vindices.
1422 2589 1498 2618 Mox

840 2637 990 2668 Heinsius
1005 2639 1153 2678 pro-fact.)
1165 2637 1290 2668 volebat
1300 2636 1392 2667 scribi
1403 2644 1499 2676 pacta,

843 2692 876 2715 ut
886 2686 1110 2726 intelligeretur
1120 2693 1238 2725 pactum
1249 2685 1398 2727 nuptiale.
1416 2686 1499 2715 Lm.
