1779 3130
375 175 994 217 METAMORPHOSEON
1030 176 1147 217 LIB.
1183 177 1246 217 X.

1411 179 1495 220 159

115 288 248 335 Dum
267 289 393 336 ferat
417 297 467 337 et
486 290 771 353 Myrrham!
799 290 922 336 tanti
947 306 1072 337 nova
1092 307 1189 337 non
1211 291 1302 338 fuit
1327 292 1493 339 arbos!

112 363 228 427 Ipse
251 373 401 427 negat
425 366 655 414 nocuisse
681 367 771 412 tibi
798 383 886 414 sua
910 368 1010 413 tela
1037 367 1252 430 Cupido,

1397 372 1486 415 311

111 439 347 504 Myrrha3
387 441 624 504 facesque
651 458 765 488 suas
792 458 820 489 a
844 443 1048 490 crimine
1071 443 1290 490 vindicat
1314 444 1426 491 isto.

112 516 296 579 Stipite
321 524 370 564 te
399 517 592 580 Stygio,
621 518 928 581 tumidisque
955 519 1136 566 afflavit
1162 519 1417 577 Echidnis,

111 591 152 638 E
179 593 335 640 tribus
362 610 460 641 una
486 609 649 641 soror:
691 595 855 641 scelus
882 602 959 642 est
984 595 1149 642 odisse
1173 603 1461 659 parentem:

111 667 206 716 Hic
233 686 370 716 amor
389 678 465 717 est
484 671 596 717 odio
622 673 781 734 majus
803 671 994 719 scelus:
1026 672 1248 735 undique
1266 673 1381 719 lecti
1401 675 1497 719 315

109 744 180 792 Te
205 748 415 810 cupiunt
438 763 696 810 proceres3
738 753 944 809 totoque
973 748 1180 795 Oriente
1199 751 1435 812 juventus

110 821 190 868 Ad
216 822 417 869 thalami
444 830 695 870 certamen
722 823 890 870 adest:
933 840 995 870 ex
1021 825 1249 872 omnibus
1276 841 1429 872 unum

112 897 271 961 Elige,
301 899 525 962 Myrrha,
553 900 660 955 tibi,
688 900 808 946 dum
834 917 896 947 ne
923 900 986 946 sit
1010 901 1058 947 in
1084 901 1313 948 omnibus
1339 918 1482 948 unus,

111 974 206 1022 Illa
230 976 433 1038 quidem
459 977 625 1034 sentit,
654 976 888 1040 foedoque
913 986 1158 1041 repugnat
1182 979 1364 1026 amori:

113 1050 178 1099 Et
202 1069 390 1109 secum,
420 1059 450 1077 “
475 1054 586 1108 Quo
612 1062 778 1101 mente
804 1054 964 1101 feror?
1002 1055 1123 1117 quid
1149 1055 1387 1102 niolior?''
1424 1055 1496 1101 in-

312 1129 435 1192 quit.

1401 1135 1498 1179 320

112 1211 143 1229 “
166 1204 245 1262 Di,
270 1222 458 1270 precor,
483 1214 532 1254 et
557 1207 744 1263 Pietas,
769 1217 1065 1272 sacrataque
1081 1211 1194 1272 jura
1218 1215 1495 1272 parentum,

155 1345 228 1375 311.
252 1345 318 1384 Ipse
333 1352 423 1386 negat
439 1345 596 1386 nocuisse]
623 1346 769 1388 Turpitu·

111 1392 216 1423 dinem
241 1394 328 1424 istius
352 1394 463 1424 amoris
482 1393 617 1425 ostendit
638 1394 769 1436 primurn

111 1453 149 1474 ex
168 1443 235 1484 ejus
257 1443 386 1484 origine,
403 1450 468 1474 tum
491 1454 545 1485 per
567 1445 771 1486 comparatio-

112 1502 182 1522 nem
207 1503 278 1523 cum
302 1492 373 1523 odio
396 1493 546 1535 parentis,
573 1493 709 1535 denique
734 1504 771 1525 ex

112 1541 234 1572 insania
248 1541 376 1583 virginis
400 1541 431 1572 in
455 1542 638 1583 spernendis
660 1543 773 1584 procis,

115 1591 187 1622 Non
213 1592 266 1622 ille
292 1603 376 1623 amor
400 1592 533 1633 injectus
563 1603 580 1623 a
607 1593 773 1635 Cupidine,

115 1640 168 1671 sed
192 1641 232 1671 ad
253 1641 364 1672 Furias
385 1641 565 1672 referendus
584 1642 655 1672 talis
672 1642 771 1672 furor:

113 1691 194 1721 bene
205 1691 391 1733 Cupidinem
404 1690 522 1721 inducit
534 1702 566 1721 se
577 1697 774 1733 purgantem.

115 1738 211 1781 Apud
227 1740 387 1781 Hyginum
400 1746 429 1770 et
443 1740 588 1770 Lactant.
600 1740 631 1770 in
644 1740 774 1780 Argum.

116 1788 224 1819 Venus
244 1788 381 1818 immittit
399 1788 538 1830 Myrrhae
555 1788 649 1828 (sorte
668 1788 774 1820 Furia-

112 1847 180 1868 rum
204 1836 391 1875 ministerio)
413 1837 507 1867 istum
531 1836 674 1871 furorem,
691 1837 775 1878 quod

114 1893 213 1916 mater
224 1886 290 1927 ejus
301 1895 377 1916 ausa
390 1891 469 1916 esset
482 1896 514 1916 se
526 1886 669 1927 praeferre
679 1886 756 1917 Deae
767 1901 774 1925 3

115 1934 310 1976 eandemque
333 1935 508 1977 opinionem
534 1934 628 1965 etiam
649 1936 775 1972 Noster,

116 1995 180 2015 ver.
194 1985 268 2015 524.
284 1991 410 2015 secutus
424 1984 559 2015 videtur.
587 1986 719 2025 Myrrha
735 1987 774 2017 ab

114 2032 183 2063 aliis
200 2039 329 2064 vocatur
350 2033 491 2074 Smyrna,
507 2043 601 2064 causa
625 2039 673 2064 est
696 2034 774 2071 haec,

115 2081 190 2123 quia
215 2082 304 2112 arbor
329 2081 384 2112 illa
410 2081 530 2112 Graecis
556 2088 587 2112 et
610 2081 718 2124 μὺῤῥα
744 2090 776 2114 et

115 2130 247 2172 σμύρνα
262 2130 358 2162 dicta.
404 2131 464 2162 Sed
480 2130 584 2161 Latini
599 2132 776 2163 maluerunt

118 2179 250 2220 Myrrha
269 2179 420 2210 scribere:
446 2179 517 2210 vide
536 2181 711 2212 Munkerus
735 2182 775 2212 ad

116 2228 234 2270 Hygini
250 2229 388 2259 fabulam
405 2230 458 2260 58.
496 2229 609 2260 Gravis
625 2230 776 2272 oppositio

115 2278 146 2307 in
176 2278 242 2307 telis
272 2277 430 2316 Cupidinis
468 2284 499 2308 et
527 2280 627 2317 stipite
661 2279 775 2321 Stygio.

119 2326 264 2362 Tumidis,
276 2326 546 2368 scilicet-veneno.
577 2328 699 2369 Affiavit
715 2340 776 2359 non

116 2375 174 2406 nisi
191 2376 229 2406 de
248 2375 397 2406 Echidnis
416 2376 478 2406 dici
494 2382 606 2418 potest,
621 2377 674 2407 sed
693 2388 775 2409 more

115 2431 277 2466 poetarum
292 2436 387 2455 unum
401 2426 528 2456 verbum
540 2425 661 2457 duobus
677 2427 775 2457 nomi-

118 2473 208 2504 nibus
230 2475 343 2504 Noster
361 2474 620 2506 accommodavit.
665 2476 775 2518 Stipite

117 2529 148 2553 et
165 2523 271 2554 afflatu
284 2523 436 2554 Echidnae
453 2530 483 2554 te
495 2524 680 2561 vulneravit,
693 2536 775 2556 arno-

117 2581 181 2602 rem
192 2577 279 2602 tuum
291 2572 453 2603 excitavit.
472 2573 499 2603 E
510 2574 604 2603 tribus
615 2585 675 2604 una
685 2586 776 2605 soror.

120 2620 192 2650 Una
206 2630 243 2650 ex
260 2619 370 2657 Furiis,
385 2620 564 2663 Tisiphone,
580 2622 704 2659 Alecto,
724 2629 777 2654 aut

119 2669 271 2709 Megaera.

162 2718 234 2746 316.
265 2717 304 2747 'I'e
330 2720 456 2756 eupiunt
481 2719 639 2759 procerem]
673 2719 773 2749 Tanto

838 1346 940 1377 minus
977 1347 1099 1378 veniam
1146 1347 1322 1377 merebatur
1358 1346 1500 1388 Myrrha,

837 1406 932 1437 quum
957 1395 1059 1426 facilis
1083 1396 1110 1426 ei
1134 1401 1214 1426 esset
1238 1395 1374 1426 nubendi
1398 1394 1500 1437 copia,

840 1451 934 1486 atque
949 1445 1095 1476 maritum
1114 1445 1172 1475 sibi
1190 1444 1351 1486 deligendi
1367 1455 1384 1476 e
1399 1446 1498 1475 maxi-

841 1505 890 1524 mo
914 1505 1041 1525 numero
1060 1495 1214 1530 lectorum,
1231 1493 1499 1535 praestantissimo-

839 1554 917 1579 rum,
928 1544 1253 1584 procerum,juvenurn
1268 1542 1434 1584 regiorum,
1448 1541 1500 1583 qui

839 1602 907 1622 eam
932 1594 1104 1631 cupiebant,
1123 1591 1304 1623 ambiebant
1327 1590 1454 1633 nuptiis,
1470 1596 1501 1620 et

840 1643 967 1671 aderant
988 1643 1026 1671 ad
1047 1642 1173 1671 thalami
1189 1647 1348 1676 certamen,
1364 1650 1499 1682 praesen-

840 1695 886 1721 tes
902 1691 1075 1726 certabant,
1089 1696 1121 1721 ut
1135 1701 1204 1721 eam
1214 1690 1272 1720 sibi
1285 1690 1416 1731 quisque
1427 1699 1497 1718 con-

836 1742 945 1782 jugem
957 1739 1141 1770 vindicaret.
1167 1739 1293 1780 Totoque
1306 1739 1438 1768 Oriente.
1462 1737 1500 1767 ld

842 1789 917 1830 quia
940 1788 1031 1819 nimis
1049 1789 1204 1830 poeticum
1223 1788 1387 1830 judicabat
1405 1787 1501 1828 Casp.

842 1838 1052 1873 Hosmannus,
1062 1837 1236 1877 corrigebat
1247 1843 1362 1876 totoque
1378 1836 1501 1870 Oronte,

842 1892 877 1917 ut
895 1885 1120 1926 intelligeretur
1139 1896 1178 1916 ea
1196 1896 1267 1927 pars
1281 1885 1389 1926 Syriae,
1406 1894 1500 1925 quam

843 1936 977 1966 Orontes
1006 1934 1130 1975 irrigat3
1161 1934 1215 1965 sed
1240 1935 1320 1964 bene
1348 1935 1500 1964 Orientem

843 1985 1041 2015 Burmannus
1051 1983 1193 2014 defendit
1205 1984 1243 2014 ab
1255 1983 1302 2014 his
1315 1982 1386 2013 libri
1400 1982 1439 2013 iv.
1449 1983 1501 2013 56.

843 2032 882 2064 de
892 2033 1022 2063 Thisbe:
1046 2043 1118 2073 quas
1135 2033 1242 2063 Oriens
1257 2033 1360 2062 habuit
1375 2032 1502 2070 praelata

842 2082 959 2121 puellis.
1003 2082 1127 2122 Nempe
1144 2080 1169 2111 si
1185 2080 1330 2112 ditissimi
1346 2087 1376 2111 et
1392 2087 1501 2121 poten-

844 2130 952 2161 tissimi
965 2131 1044 2171 regis
1059 2131 1123 2162 filia
1138 2141 1157 2161 a
1170 2131 1271 2172 procis
1284 2130 1378 2160 totius
1390 2129 1501 2160 Orien—

844 2180 882 2210 tis
895 2179 1262 2222 expectatur‚historicus
1273 2190 1335 2210 non
1344 2184 1503 2210 vereretur

844 2228 902 2260 hoc
919 2229 977 2259 fide
993 2234 1077 2259 cei-ta
1092 2238 1234 2266 narrare3
1254 2239 1309 2259 cur
1323 2239 1383 2258 non
1399 2232 1501 2268 poeta,

843 2278 893 2309 cui
922 2284 1005 2308 certe
1034 2277 1109 2308 licet
1137 2277 1252 2307 famam
1286 2276 1501 2319 pulcherrimae

844 2327 957 2368 puellae
972 2327 1086 2368 fingere
1102 2326 1197 2357 etiarn
1212 2326 1251 2357 ad
1266 2327 1358 2366 longe
1371 2330 1504 2356 remotas

843 2382 953 2416 gentes
976 2375 1123 2406 diffusam
1146 2377 1237 2406 esse‘!
1286 2376 1368 2404 Dum
1391 2385 1427 2404 ne
1447 2376 1499 2407 sit,

844 2431 903 2455 etc.
929 2435 990 2455 uno
1016 2430 1103 2465 patre
1129 2434 1166 2454 ex
1193 2423 1335 2454 omnibus
1361 2428 1502 2464 excepto.

845 2473 933 2504 Lusit
948 2472 980 2503 in
996 2483 1103 2503 vocem
1119 2484 1208 2502 unus.

888 2523 960 2552 319.
984 2521 1112 2561 Sentit]
1137 2521 1267 2552 Sensum
1283 2519 1365 2551 enim
1381 2519 1501 2550 honesti

845 2576 876 2601 et
891 2570 989 2611 turpis
1003 2570 1147 2601 omnibus
1158 2569 1334 2601 hominibus
1348 2569 1503 2610 impressit

845 2621 944 2650 Deus.
990 2619 1030 2649 Et
1051 2619 1077 2649 is
1100 2629 1208 2649 sensus
1235 2618 1330 2649 etiam
1353 2618 1386 2648 in
1412 2628 1501 2658 seqq.

844 2667 955 2699 mediis
973 2667 1006 2697 in
1029 2667 1182 2698 furoribus
1204 2667 1342 2709 Myrrhae
1370 2667 1500 2697 subinde

844 2715 1079 2758 expergiscitur.
