1779 3130
251 182 335 223 408
624 179 674 219 P.
706 176 920 219 OVIDII
953 177 1232 218 NASONIS

257 296 462 356 Resque
489 292 664 339 Latina
687 291 806 338 fuit:
847 292 1072 338 succedit
1099 291 1280 337 Silvius
1305 290 1372 335 illi
1395 306 1405 336 z
1544 291 1640 335 610

256 370 367 424 Quo
394 377 546 424 satus,
575 369 781 430 antiquo
807 368 967 415 tenuit
991 366 1205 430 repetita
1230 366 1434 413 Latinus

256 445 472 492 Nomina
486 461 601 491 cum
617 451 814 507 sceptro
837 461 846 491 ε
875 445 1063 490 clarum
1084 444 1216 490 subit
1230 443 1360 489 Alba
1377 441 1608 488 Latinum
1627 458 1636 487 ε

255 521 433 585 Epitos
452 537 517 568 ex
542 521 653 577 illo;
685 528 799 583 post
824 521 955 567 hunc
978 521 1318 583 Capetusque,
1349 519 1638 581 Capysque,

257 603 360 650 Sed
387 603 558 666 Capys
583 609 697 648 ante
722 601 814 648 fuit
835 619 844 647 :
885 618 1091 664 regnum
1112 601 1374 647 Tiberinus
1400 601 1462 646 ab
1488 599 1585 646 illis

255 684 432 748 Cepit3
474 692 524 731 et
547 684 597 730 in
624 682 774 730 Tusci
800 683 1056 730 demersus
1081 682 1296 729 fluminis
1322 681 1466 727 undis
1545 684 1640 727 615

254 761 473 808 Nomina
490 760 610 808 fecit
631 776 773 823 aquae
792 777 801 807 :
830 760 892 807 de
912 776 1011 822 quo
1032 759 1379 820 Remulusque
1399 756 1641 819 feroxque

253 838 438 885 Acrota
462 845 578 884 sunt
602 837 784 899 geniti:
827 837 1070 883 Remulus
1098 835 1334 883 maturior
1360 835 1501 881 annis

255 914 514 961 Fulmineo
541 914 701 977 periit,
730 913 948 960 imitator
972 912 1208 967 fulminis,
1236 912 1355 958 ictu.

254 991 425 1038 Fratre
452 1006 540 1037 suo
567 996 818 1052 sceptrum
844 989 1142 1035 moderatior
1166 988 1351 1034 Acrota
1374 987 1487 1033 forti

256 1067 430 1114 Tradit
454 1066 729 1122 Aventino;
771 1066 872 1128 qui,
904 1082 1002 1128 quo
1028 1065 1271 1127 regnarat,
1300 1065 1476 1110 eodem

1547 1066 1643 1110 620

256 1143 430 1190 Monte
449 1145 587 1206 jacet
611 1143 820 1205 positus,
847 1142 1121 1204 tribuitque
1145 1141 1387 1187 vocabula
1412 1140 1584 1186 monti.

319 1219 536 1282 Jamque
563 1219 805 1265 Palatinae
838 1234 1082 1264 summam
1112 1217 1272 1263 Proca
1304 1217 1465 1278 gentis
1490 1217 1641 1263 habe-

452 1297 556 1342 bat.

256 1373 397 1434 Rege
423 1373 515 1418 sub
541 1372 633 1417 hoc
660 1371 886 1417 Pomona
910 1370 1027 1425 fuit3
1070 1386 1170 1432 qua
1194 1370 1329 1416 nulla
1355 1368 1554 1415 Latinas

256 1449 394 1495 Inter
421 1447 801 1509 Hamadryadas
827 1447 979 1493 coluit
1005 1446 1232 1492 solertius
1258 1447 1441 1501 hortos,

257 1525 364 1572 Nec
390 1524 482 1571 fuit
505 1524 694 1572 arborei
720 1523 984 1570 studiosior
1009 1523 1164 1570 altera
1187 1522 1351 1577 foetus,

253 1677 513 1719 significabatque
532 1688 601 1708 eum
627 1687 730 1717 regem
755 1677 807 1718 qui
833 1677 917 1707 Alba

254 1725 357 1756 dictus
377 1727 446 1758 fuit.
472 1736 544 1756 nam
562 1725 662 1767 poetis
682 1731 801 1755 mutare
823 1725 915 1755 inter-

255 1774 330 1804 dum
347 1774 471 1804 nomina
487 1774 643 1809 convenit,
657 1780 780 1803 auctore
796 1773 913 1808 Servio,

254 1829 286 1853 et
303 1833 341 1854 ne
358 1823 482 1853 Clarum
504 1822 678 1862 significare
694 1822 809 1851 Albam
825 1821 915 1851 dubi-

255 1871 403 1906 tes,idem
418 1877 520 1912 poeta,
533 1871 564 1901 in
578 1871 655 1901 libro
666 1871 749 1900 Fast.
762 1870 803 1900 iv.
820 1869 915 1910 Isque,

255 1920 378 1956 Latine,
395 1922 449 1950 tibi
468 1927 552 1959 pater
571 1927 635 1956 est;
660 1921 738 1950 subit
754 1920 833 1949 Alba
854 1919 916 1949 Lu-

255 1970 363 1998 tinum.
409 1968 460 1999 De
475 1968 531 1999 hoc
552 1968 620 1998 loco
635 1967 705 1998 vide
723 1967 814 2008 plura
833 1968 916 2009 apud

254 2017 427 2047 Burmann.
474 2017 576 2056 Epizns
591 2016 685 2046 etiam
702 2017 784 2046 Fast.
799 2016 841 2046 iv.
856 2018 916 2054 433

255 2065 344 2095 Livio
357 2065 470 2095 dicitur
484 2065 577 2106 Atys.
619 2065 918 2104 Capetusque—mute

245 2114 328 2154 fuit.
373 2113 495 2153 Ingenii
521 2114 617 2148 lusus,
648 2123 739 2153 quem
766 2114 917 2153 suggessit

255 2162 307 2191 lex
323 2161 478 2192 carminis.
505 2162 771 2202 Tuscnmflunzen,
788 2162 917 2198 Albula,

255 2210 287 2240 in
304 2211 392 2251 cujus
408 2211 538 2251 trajectu
554 2211 730 2241 submersus
744 2211 918 2241 Tiberinus.

300 2259 373 2288 616.
399 2258 445 2288 De
478 2271 533 2298 quo
567 2259 914 2299 Ren1ulus.—Acr0ta.]

254 2307 435 2337 Secundum
450 2307 586 2342 Livium,
601 2308 741 2337 Tiberini
760 2307 841 2338 filius
861 2308 918 2338 fuit

256 2355 408 2396 Agrippa.
438 2355 512 2385 Post
528 2366 597 2385 eum
615 2355 756 2396 regnavit
772 2356 919 2386 Remulus

255 2404 382 2439 Silvius,
411 2403 464 2444 qui
500 2403 629 2434 fulmine
665 2404 757 2439 ictus,
788 2415 916 2444 regnum

257 2451 384 2482 tradidit
408 2451 575 2482 Aventino.
622 2453 751 2488 Positus,
778 2459 813 2483 ut
832 2456 917 2488 situs,

256 2501 295 2531 de
311 2501 444 2542 sepulto.

300 2551 373 2580 622.
410 2549 530 2580 Summa
560 2549 673 2590 gentis,
705 2549 743 2579 de
773 2550 914 2591 imperio,

257 2599 337 2628 bene
359 2598 472 2636 habet3
495 2610 607 2628 summa
626 2600 732 2636 sceptri
753 2598 817 2628 xiii.
838 2600 913 2636 162;

254 2657 368 2676 summa
385 2648 452 2676 belli
469 2657 506 2676 ex
523 2648 633 2681 Ponto,
656 2647 700 2676 II.
717 2646 737 2676 i.
754 2648 807 2677 46.
854 2647 915 2677 Sed

256 2694 416 2735 quaeritur,
452 2705 514 2735 quo
542 2705 635 2725 sensu
666 2706 737 2735 gens
771 2695 914 2725 Palatina

1546 1524 1642 1568 625

985 1675 1071 1706 dicta
1087 1676 1138 1706 sit.
1163 1675 1548 1716 Micyllusexplicat,quae
1563 1676 1646 1705 circa

989 1725 1146 1755 Palatium
1161 1730 1193 1755 et
1209 1735 1246 1755 ea
1261 1725 1341 1760 loco,
1353 1724 1405 1755 ubi
1420 1731 1527 1766 postea
1541 1724 1645 1754 Roma

985 1773 1110 1804 condita
1126 1774 1194 1809 fuit,
1212 1780 1277 1803 tum
1294 1772 1466 1804 habitabat.
1498 1773 1646 1814 Ineptum

985 1823 1042 1853 hoc
1057 1822 1181 1864 judicat
1197 1822 1355 1857 Heinsius,
1371 1822 1424 1863 qui
1443 1822 1564 1857 suadet,
1584 1822 1645 1851 Pa·-

985 1873 1084 1902 latinae
1102 1874 1193 1910 rupis,
1208 1878 1261 1901 aut
1278 1872 1418 1901 Palatini
1428 1873 1510 1901 collis
1524 1882 1548 1901 s.
1564 1883 1645 1901 mon-

984 1923 1033 1951 tis.
1064 1921 1184 1951 Verum
1200 1931 1260 1950 non
1276 1920 1443 1951 admodum
1459 1927 1566 1962 potens
1581 1931 1644 1956 rex,

985 1970 1037 2010 qui
1075 1970 1159 2010 rupis
1197 1980 1348 1999 summam
1387 1969 1492 2000 habet.
1539 1970 1645 2005 Quum

984 2018 1076 2048 MSS.
1097 2018 1160 2048 fere
1182 2028 1288 2048 omnes
1312 2019 1476 2047 Palatinus
1497 2017 1645 2053 habeant,

984 2066 1016 2096 id
1036 2066 1156 2096 interea
1176 2066 1362 2097 servandum
1385 2066 1524 2101 arbitror,
1547 2065 1645 2096 donec

986 2116 1113 2146 meliora
1135 2115 1336 2156 proferantur.
1382 2115 1471 2145 Forte
1493 2114 1550 2145 hoc
1572 2125 1643 2154 cog-

986 2173 1099 2193 nomen
1117 2163 1248 2194 adhaesit
1272 2164 1390 2193 Procae.
1438 2163 1531 2203 Regii
1550 2163 1645 2194 nostri

986 2212 1076 2242 ambo
1092 2211 1168 2242 dant
1186 2212 1350 2242 Palatinus
1364 2223 1481 2241 summae
1497 2213 1559 2242 Iaca
1571 2223 1644 2253 gen-

988 2263 1023 2290 tis
1040 2261 1186 2297 Imbebat5
1210 2260 1254 2291 ita
1270 2267 1301 2291 et
1312 2271 1419 2291 omnes
1435 2260 1488 2290 alii
1505 2260 1644 2298 codices,

987 2309 1010 2339 si
1033 2310 1196 2340 Palatinus
1214 2320 1273 2340 non
1293 2310 1384 2340 fuerit
1403 2320 1574 2350 cognomen
1590 2310 1645 2340 ad-

986 2358 1085 2388 ditum
1117 2359 1228 2393 Procae,
1258 2359 1375 2400 optima
1412 2359 1487 2388 mihi
1524 2358 1646 2389 videtur

986 2407 1091 2443 lectio,
1108 2418 1201 2448 quarn
1223 2408 1342 2448 recepit
1364 2407 1534 2447 Gierigius.
1558 2407 1644 2437 LEM.

986 2457 1045 2486 Pro
1073 2458 1210 2491 Latinas,
1236 2457 1325 2487 multi
1351 2463 1471 2487 veteres
1496 2457 1644 2494 Latinos;

986 2511 1152 2546 utrumque
1167 2507 1259 2536 bene.

1028 2555 1102 2584 625.
1127 2555 1246 2589 Altera,
1259 2554 1331 2583 alia.
1356 2552 1505 2594 Nympha
1519 2563 1644 2594 operam

984 2601 1062 2631 dans
1084 2603 1224 2632 arborum
1248 2602 1377 2632 culturae
1396 2603 1475 2632 benc
1494 2601 1641 2632 describi-

984 2655 1042 2680 tur.
1078 2650 1196 2686 Ramos,
1209 2651 1344 2681 arbores.
1373 2650 1483 2680 Felicia
1495 2661 1591 2688 poma,
1609 2655 1643 2679 ut

983 2699 1025 2729 ix.
1040 2700 1092 2729 92.
