<?xml version="1.0" encoding="UTF-8"?>
<!DOCTYPE html PUBLIC "-//W3C//DTD XHTML 1.0 Transitional//EN"
    "http://www.w3.org/TR/xhtml1/DTD/xhtml1-transitional.dtd">
<html xmlns="http://www.w3.org/1999/xhtml" xml:lang="en" lang="en">
 <head>
  <title>
</title>
<meta http-equiv="Content-Type" content="text/html;charset=utf-8" />
  <meta name='ocr-system' content='tesseract 3.04.00' />
  <meta name='ocr-capabilities' content='ocr_page ocr_carea ocr_par ocr_line ocrx_word'/>
</head>
<body>
  <div class='ocr_page' id='page_1' title='image "./povidiinasonisop04oviduoft_0311.png"; bbox 0 0 1779 3130; ppageno 0'>
   <div class='ocr_carea' id='block_1_1' title="bbox 403 148 1549 198">
    <p class='ocr_par' dir='ltr' id='par_1_1' title="bbox 403 148 1549 198">
     <span class='ocr_line' id='line_1_1' title="bbox 403 148 1549 198; baseline -0.009 0"><span class='ocrx_word' id='word_1_1' title='bbox 403 153 1021 198; x_wconf 88' lang='lat' dir='ltr'><strong>METAMORPHOSEON</strong></span> <span class='ocrx_word' id='word_1_2' title='bbox 1055 151 1174 193; x_wconf 90' lang='lat' dir='ltr'>LIB.</span> <span class='ocrx_word' id='word_1_3' title='bbox 1200 150 1320 192; x_wconf 90' lang='lat' dir='ltr'>XII.</span> <span class='ocrx_word' id='word_1_4' title='bbox 1464 148 1549 189; x_wconf 76' lang='lat'>299</span> 
     </span>
    </p>
   </div>
   <div class='ocr_carea' id='block_1_2' title="bbox 162 264 1545 1092">
    <p class='ocr_par' dir='ltr' id='par_1_2' title="bbox 162 264 1545 1092">
     <span class='ocr_line' id='line_1_2' title="bbox 165 264 1432 334; baseline -0.006 -17"><span class='ocrx_word' id='word_1_5' title='bbox 165 271 298 318; x_wconf 90' lang='lat' dir='ltr'>Vivit</span> <span class='ocrx_word' id='word_1_6' title='bbox 318 272 497 327; x_wconf 87' lang='lat' dir='ltr'>adhuc,</span> <span class='ocrx_word' id='word_1_7' title='bbox 524 270 688 334; x_wconf 91' lang='lat' dir='ltr'>operis</span> <span class='ocrx_word' id='word_1_8' title='bbox 713 269 866 316; x_wconf 84' lang='lat' dir='ltr'>nostri</span> <span class='ocrx_word' id='word_1_9' title='bbox 892 268 1167 332; x_wconf 85' lang='lat' dir='ltr'>populator,</span> <span class='ocrx_word' id='word_1_10' title='bbox 1194 264 1432 312; x_wconf 86' lang='lat' dir='ltr'>Achilles.</span> 
     </span>
     <span class='ocr_line' id='line_1_3' title="bbox 166 339 1501 408; baseline -0.007 -14"><span class='ocrx_word' id='word_1_11' title='bbox 166 346 268 394; x_wconf 88' lang='lat' dir='ltr'>Det</span> <span class='ocrx_word' id='word_1_12' title='bbox 292 348 406 394; x_wconf 87' lang='lat' dir='ltr'>mihi</span> <span class='ocrx_word' id='word_1_13' title='bbox 435 364 517 394; x_wconf 89' lang='lat' dir='ltr'>se:</span> <span class='ocrx_word' id='word_1_14' title='bbox 558 346 686 401; x_wconf 77' lang='lat' dir='ltr'>faxo,</span> <span class='ocrx_word' id='word_1_15' title='bbox 713 346 891 408; x_wconf 89' lang='lat' dir='ltr'>triplici</span> <span class='ocrx_word' id='word_1_16' title='bbox 919 345 1039 407; x_wconf 87' lang='lat' dir='ltr'>quid</span> <span class='ocrx_word' id='word_1_17' title='bbox 1065 342 1271 405; x_wconf 80' lang='lat' dir='ltr'>cuspide</span> <span class='ocrx_word' id='word_1_18' title='bbox 1297 339 1501 404; x_wconf 88' lang='lat' dir='ltr'>possim,</span> 
     </span>
     <span class='ocr_line' id='line_1_4' title="bbox 166 416 1543 485; baseline -0.006 -16"><span class='ocrx_word' id='word_1_19' title='bbox 166 421 388 471; x_wconf 81' lang='lat' dir='ltr'>Sentiat:</span> <span class='ocrx_word' id='word_1_20' title='bbox 417 430 468 470; x_wconf 89' lang='lat' dir='ltr'>at</span> <span class='ocrx_word' id='word_1_21' title='bbox 485 422 719 485; x_wconf 88' lang='lat' dir='ltr'>quoniam</span> <span class='ocrx_word' id='word_1_22' title='bbox 735 437 1027 468; x_wconf 86' lang='lat' dir='ltr'>concurrere</span> <span class='ocrx_word' id='word_1_23' title='bbox 1047 419 1271 467; x_wconf 88' lang='lat' dir='ltr'>cominus</span> <span class='ocrx_word' id='word_1_24' title='bbox 1288 416 1416 463; x_wconf 88' lang='lat' dir='ltr'>hosti</span> <span class='ocrx_word' id='word_1_25' title='bbox 1448 417 1543 462; x_wconf 86' lang='lat'>595</span> 
     </span>
     <span class='ocr_line' id='line_1_5' title="bbox 165 493 1429 561; baseline -0.006 -15"><span class='ocrx_word' id='word_1_26' title='bbox 165 499 280 546; x_wconf 91' lang='lat' dir='ltr'>Non</span> <span class='ocrx_word' id='word_1_27' title='bbox 305 499 465 553; x_wconf 90' lang='lat' dir='ltr'>datur,</span> <span class='ocrx_word' id='word_1_28' title='bbox 492 499 686 545; x_wconf 87' lang='lat' dir='ltr'>occulta</span> <span class='ocrx_word' id='word_1_29' title='bbox 711 514 801 544; x_wconf 87' lang='lat' dir='ltr'>nec</span> <span class='ocrx_word' id='word_1_30' title='bbox 827 499 1029 561; x_wconf 85' lang='lat' dir='ltr'>opinum</span> <span class='ocrx_word' id='word_1_31' title='bbox 1056 495 1208 559; x_wconf 88' lang='lat' dir='ltr'>perde</span> <span class='ocrx_word' id='word_1_32' title='bbox 1233 493 1429 555; x_wconf 86' lang='lat' dir='ltr'>sagitta.</span> 
     </span>
     <span class='ocr_line' id='line_1_6' title="bbox 163 575 1486 637; baseline -0.006 -16"><span class='ocrx_word' id='word_1_33' title='bbox 163 575 381 632; x_wconf 84' lang='lat' dir='ltr'>Annuit3</span> <span class='ocrx_word' id='word_1_34' title='bbox 423 581 574 637; x_wconf 88' lang='lat' dir='ltr'>atque</span> <span class='ocrx_word' id='word_1_35' title='bbox 600 575 762 621; x_wconf 88' lang='lat' dir='ltr'>animo</span> <span class='ocrx_word' id='word_1_36' title='bbox 788 575 969 637; x_wconf 75' lang='lat' dir='ltr'>pariter</span> <span class='ocrx_word' id='word_1_37' title='bbox 993 580 1270 636; x_wconf 75' lang='lat' dir='ltr'>patruoque</span> <span class='ocrx_word' id='word_1_38' title='bbox 1296 583 1486 630; x_wconf 86' lang='lat' dir='ltr'>suoque</span> 
     </span>
     <span class='ocr_line' id='line_1_7' title="bbox 164 648 1346 712; baseline -0.006 -15"><span class='ocrx_word' id='word_1_39' title='bbox 164 651 338 697; x_wconf 91' lang='lat' dir='ltr'>Delius</span> <span class='ocrx_word' id='word_1_40' title='bbox 363 651 644 712; x_wconf 81' lang='lat' dir='ltr'>indulgens,</span> <span class='ocrx_word' id='word_1_41' title='bbox 672 651 853 697; x_wconf 86' lang='lat' dir='ltr'>nebula</span> <span class='ocrx_word' id='word_1_42' title='bbox 876 651 1067 697; x_wconf 80' lang='lat' dir='ltr'>velatus</span> <span class='ocrx_word' id='word_1_43' title='bbox 1094 648 1142 693; x_wconf 88' lang='lat' dir='ltr'>in</span> <span class='ocrx_word' id='word_1_44' title='bbox 1169 661 1346 708; x_wconf 82' lang='lat' dir='ltr'>agmen</span> 
     </span>
     <span class='ocr_line' id='line_1_8' title="bbox 162 723 1411 788; baseline -0.006 -15"><span class='ocrx_word' id='word_1_45' title='bbox 162 726 396 775; x_wconf 86' lang='lat' dir='ltr'>Pervenit</span> <span class='ocrx_word' id='word_1_46' title='bbox 421 727 645 782; x_wconf 88' lang='lat' dir='ltr'>Iliacum,</span> <span class='ocrx_word' id='word_1_47' title='bbox 673 726 937 788; x_wconf 87' lang='lat' dir='ltr'>mediaque</span> <span class='ocrx_word' id='word_1_48' title='bbox 963 726 1011 771; x_wconf 88' lang='lat' dir='ltr'>in</span> <span class='ocrx_word' id='word_1_49' title='bbox 1037 724 1173 771; x_wconf 68' lang='lat' dir='ltr'>ccede</span> <span class='ocrx_word' id='word_1_50' title='bbox 1197 723 1411 768; x_wconf 89' lang='lat' dir='ltr'>virorum</span> 
     </span>
     <span class='ocr_line' id='line_1_9' title="bbox 164 797 1545 866; baseline -0.008 -16"><span class='ocrx_word' id='word_1_51' title='bbox 164 803 298 850; x_wconf 88' lang='lat' dir='ltr'>Rara</span> <span class='ocrx_word' id='word_1_52' title='bbox 322 819 409 866; x_wconf 90' lang='lat' dir='ltr'>per</span> <span class='ocrx_word' id='word_1_53' title='bbox 433 803 628 865; x_wconf 87' lang='lat' dir='ltr'>ignotos</span> <span class='ocrx_word' id='word_1_54' title='bbox 651 810 968 866; x_wconf 80' lang='lat' dir='ltr'>spargentem</span> <span class='ocrx_word' id='word_1_55' title='bbox 994 800 1151 848; x_wconf 86' lang='lat' dir='ltr'>cernit</span> <span class='ocrx_word' id='word_1_56' title='bbox 1175 797 1390 844; x_wconf 89' lang='lat' dir='ltr'>Achivos</span> <span class='ocrx_word' id='word_1_57' title='bbox 1449 797 1545 841; x_wconf 83' lang='lat'>600</span> 
     </span>
     <span class='ocr_line' id='line_1_10' title="bbox 163 869 1545 941; baseline -0.007 -15"><span class='ocrx_word' id='word_1_58' title='bbox 163 879 467 927; x_wconf 89' lang='lat' dir='ltr'>TelaParin:</span> <span class='ocrx_word' id='word_1_59' title='bbox 490 879 751 941; x_wconf 83' lang='lat' dir='ltr'>fassusque</span> <span class='ocrx_word' id='word_1_60' title='bbox 765 880 952 926; x_wconf 85' lang='lat' dir='ltr'>Deum:</span> <span class='ocrx_word' id='word_1_61' title='bbox 979 884 1008 901; x_wconf 86' lang='lat'><strong>“</strong></span> <span class='ocrx_word' id='word_1_62' title='bbox 1023 876 1156 930; x_wconf 85' lang='lat' dir='ltr'>Quid</span> <span class='ocrx_word' id='word_1_63' title='bbox 1172 873 1365 938; x_wconf 84' lang='lat' dir='ltr'>spicula</span> <span class='ocrx_word' id='word_1_64' title='bbox 1379 869 1545 935; x_wconf 88' lang='lat' dir='ltr'>perdis</span> 
     </span>
     <span class='ocr_line' id='line_1_11' title="bbox 165 951 1542 1018; baseline -0.007 -16"><span class='ocrx_word' id='word_1_65' title='bbox 165 956 418 1018; x_wconf 86' lang='lat' dir='ltr'>Sanguine</span> <span class='ocrx_word' id='word_1_66' title='bbox 435 956 595 1018; x_wconf 87' lang='lat' dir='ltr'>plebis</span> <span class='ocrx_word' id='word_1_67' title='bbox 613 954 658 1001; x_wconf 75' lang='lat'>?&#39;’</span> <span class='ocrx_word' id='word_1_68' title='bbox 676 955 771 1002; x_wconf 87' lang='lat' dir='ltr'>ait:</span> <span class='ocrx_word' id='word_1_69' title='bbox 798 961 827 978; x_wconf 87' lang='lat'><strong>“</strong></span> <span class='ocrx_word' id='word_1_70' title='bbox 846 955 885 1000; x_wconf 89' lang='lat' dir='ltr'>si</span> <span class='ocrx_word' id='word_1_71' title='bbox 903 960 1090 1016; x_wconf 84' lang='lat' dir='ltr'>quaest</span> <span class='ocrx_word' id='word_1_72' title='bbox 1100 951 1186 998; x_wconf 90' lang='lat' dir='ltr'>tibi</span> <span class='ocrx_word' id='word_1_73' title='bbox 1200 964 1316 997; x_wconf 87' lang='lat' dir='ltr'>cura</span> <span class='ocrx_word' id='word_1_74' title='bbox 1330 956 1542 1001; x_wconf 91' lang='lat' dir='ltr'>tuorum,</span> 
     </span>
     <span class='ocr_line' id='line_1_12' title="bbox 162 1022 1522 1092; baseline -0.007 -15"><span class='ocrx_word' id='word_1_75' title='bbox 162 1031 367 1079; x_wconf 88' lang='lat' dir='ltr'>Vertere</span> <span class='ocrx_word' id='word_1_76' title='bbox 392 1032 440 1077; x_wconf 89' lang='lat' dir='ltr'>in</span> <span class='ocrx_word' id='word_1_77' title='bbox 467 1031 722 1085; x_wconf 82' lang='lat' dir='ltr'>AEaciden,</span> <span class='ocrx_word' id='word_1_78' title='bbox 750 1046 1007 1092; x_wconf 77' lang='lat' dir='ltr'>caesosque</span> <span class='ocrx_word' id='word_1_79' title='bbox 1033 1027 1273 1074; x_wconf 84' lang='lat' dir='ltr'>ulciscere</span> <span class='ocrx_word' id='word_1_80' title='bbox 1298 1022 1522 1071; x_wconf 87' lang='lat' dir='ltr'>fratres.”</span> 
     </span>
    </p>
   </div>
   <div class='ocr_carea' id='block_1_3' title="bbox 164 1101 1363 1154">
    <p class='ocr_par' dir='ltr' id='par_1_3' title="bbox 164 1101 1363 1154">
     <span class='ocr_line' id='line_1_13' title="bbox 164 1101 1363 1154; baseline -0.007 0"><span class='ocrx_word' id='word_1_81' title='bbox 164 1107 334 1154; x_wconf 83' lang='lat' dir='ltr'>Dixit:</span> <span class='ocrx_word' id='word_1_82' title='bbox 374 1114 425 1153; x_wconf 85' lang='lat' dir='ltr'>et</span> <span class='ocrx_word' id='word_1_83' title='bbox 449 1107 715 1154; x_wconf 84' lang='lat' dir='ltr'>ostendens</span> <span class='ocrx_word' id='word_1_84' title='bbox 741 1114 1042 1153; x_wconf 84' lang='lat' dir='ltr'>sternentem</span> <span class='ocrx_word' id='word_1_85' title='bbox 1068 1103 1215 1150; x_wconf 74' lang='lat' dir='ltr'>Troia</span> <span class='ocrx_word' id='word_1_86' title='bbox 1238 1101 1363 1148; x_wconf 89' lang='lat' dir='ltr'>ferro</span> 
     </span>
    </p>
   </div>
   <div class='ocr_carea' id='block_1_4' title="bbox 165 1180 1296 1247">
    <p class='ocr_par' dir='ltr' id='par_1_4' title="bbox 165 1180 1296 1247">
     <span class='ocr_line' id='line_1_14' title="bbox 165 1180 1296 1247; baseline -0.006 -17"><span class='ocrx_word' id='word_1_87' title='bbox 165 1184 386 1247; x_wconf 82' lang='lat' dir='ltr'>Corpora</span> <span class='ocrx_word' id='word_1_88' title='bbox 412 1183 637 1238; x_wconf 86' lang='lat' dir='ltr'>Peliden,</span> <span class='ocrx_word' id='word_1_89' title='bbox 667 1200 807 1230; x_wconf 83' lang='lat' dir='ltr'>arcus</span> <span class='ocrx_word' id='word_1_90' title='bbox 834 1181 1043 1230; x_wconf 86' lang='lat' dir='ltr'>obvertit</span> <span class='ocrx_word' id='word_1_91' title='bbox 1069 1181 1116 1225; x_wconf 91' lang='lat' dir='ltr'>in</span> <span class='ocrx_word' id='word_1_92' title='bbox 1142 1180 1296 1231; x_wconf 88' lang='lat' dir='ltr'>illum,</span> 
     </span>
    </p>
   </div>
   <div class='ocr_carea' id='block_1_5' title="bbox 156 1314 827 2722">
    <p class='ocr_par' dir='ltr' id='par_1_5' title="bbox 161 1314 821 1549">
     <span class='ocr_line' id='line_1_15' title="bbox 162 1314 820 1356; baseline -0.002 -11"><span class='ocrx_word' id='word_1_93' title='bbox 162 1316 240 1345; x_wconf 82' lang='lat' dir='ltr'>lator</span> <span class='ocrx_word' id='word_1_94' title='bbox 264 1316 392 1345; x_wconf 69' lang='lat' dir='ltr'>Atrides.</span> <span class='ocrx_word' id='word_1_95' title='bbox 439 1315 610 1345; x_wconf 80' lang='lat' dir='ltr'>Vaticanus</span> <span class='ocrx_word' id='word_1_96' title='bbox 639 1314 766 1356; x_wconf 79' lang='lat' dir='ltr'>primus,</span> <span class='ocrx_word' id='word_1_97' title='bbox 789 1321 820 1345; x_wconf 84' lang='lat' dir='ltr'>et</span> 
     </span>
     <span class='ocr_line' id='line_1_16' title="bbox 162 1363 819 1403; baseline -0.003 -9"><span class='ocrx_word' id='word_1_98' title='bbox 162 1364 356 1394; x_wconf 72' lang='lat' dir='ltr'>Genevensis</span> <span class='ocrx_word' id='word_1_99' title='bbox 368 1365 460 1402; x_wconf 63' lang='lat' dir='ltr'>operis</span> <span class='ocrx_word' id='word_1_100' title='bbox 477 1365 568 1393; x_wconf 56' lang='lat' dir='ltr'>nostri</span> <span class='ocrx_word' id='word_1_101' title='bbox 586 1365 720 1398; x_wconf 69' lang='lat' dir='ltr'>vinlutur,</span> <span class='ocrx_word' id='word_1_102' title='bbox 736 1363 819 1403; x_wconf 75' lang='lat' dir='ltr'>quod</span> 
     </span>
     <span class='ocr_line' id='line_1_17' title="bbox 162 1411 821 1453; baseline -0.002 -11"><span class='ocrx_word' id='word_1_103' title='bbox 162 1412 267 1453; x_wconf 83' lang='lat' dir='ltr'>placet</span> <span class='ocrx_word' id='word_1_104' title='bbox 282 1413 473 1447; x_wconf 76' lang='lat' dir='ltr'>Bur-manno,</span> <span class='ocrx_word' id='word_1_105' title='bbox 490 1411 564 1452; x_wconf 81' lang='lat' dir='ltr'>quia</span> <span class='ocrx_word' id='word_1_106' title='bbox 584 1422 672 1443; x_wconf 85' lang='lat' dir='ltr'>sacra</span> <span class='ocrx_word' id='word_1_107' title='bbox 689 1412 781 1452; x_wconf 82' lang='lat' dir='ltr'>Troja</span> <span class='ocrx_word' id='word_1_108' title='bbox 803 1422 821 1441; x_wconf 84' lang='lat' dir='ltr'>a</span> 
     </span>
     <span class='ocr_line' id='line_1_18' title="bbox 161 1459 819 1502; baseline -0.002 -12"><span class='ocrx_word' id='word_1_109' title='bbox 161 1460 222 1490; x_wconf 89' lang='lat' dir='ltr'>diis</span> <span class='ocrx_word' id='word_1_110' title='bbox 232 1460 331 1502; x_wconf 84' lang='lat' dir='ltr'>posita</span> <span class='ocrx_word' id='word_1_111' title='bbox 345 1466 430 1497; x_wconf 82' lang='lat' dir='ltr'>crat;</span> <span class='ocrx_word' id='word_1_112' title='bbox 445 1460 488 1490; x_wconf 88' lang='lat' dir='ltr'>sic</span> <span class='ocrx_word' id='word_1_113' title='bbox 508 1462 616 1490; x_wconf 71' lang='lat' dir='ltr'>violare</span> <span class='ocrx_word' id='word_1_114' title='bbox 628 1461 721 1490; x_wconf 85' lang='lat' dir='ltr'>etiam</span> <span class='ocrx_word' id='word_1_115' title='bbox 737 1459 819 1501; x_wconf 82' lang='lat' dir='ltr'>apud</span> 
     </span>
     <span class='ocr_line' id='line_1_19' title="bbox 163 1508 487 1549; baseline -0.003 -10"><span class='ocrx_word' id='word_1_116' title='bbox 163 1508 340 1549; x_wconf 79' lang='lat' dir='ltr'>Virgilium,</span> <span class='ocrx_word' id='word_1_117' title='bbox 358 1508 398 1538; x_wconf 77' lang='lat' dir='ltr'>xi.</span> <span class='ocrx_word' id='word_1_118' title='bbox 414 1509 487 1538; x_wconf 72' lang='lat'>255.</span> 
     </span>
    </p>

    <p class='ocr_par' dir='ltr' id='par_1_6' title="bbox 164 1555 821 1734">
     <span class='ocr_line' id='line_1_20' title="bbox 206 1555 820 1598; baseline -0.007 -10"><span class='ocrx_word' id='word_1_119' title='bbox 206 1558 279 1588; x_wconf 80' lang='lat'>594.</span> <span class='ocrx_word' id='word_1_120' title='bbox 306 1558 365 1587; x_wconf 74' lang='lat' dir='ltr'>Dat</span> <span class='ocrx_word' id='word_1_121' title='bbox 383 1568 410 1587; x_wconf 76' lang='lat' dir='ltr'>se</span> <span class='ocrx_word' id='word_1_122' title='bbox 425 1556 524 1592; x_wconf 58' lang='lat' dir='ltr'>alteri,</span> <span class='ocrx_word' id='word_1_123' title='bbox 541 1556 593 1598; x_wconf 86' lang='lat' dir='ltr'>qui</span> <span class='ocrx_word' id='word_1_124' title='bbox 610 1555 638 1586; x_wconf 82' lang='lat' dir='ltr'>ei</span> <span class='ocrx_word' id='word_1_125' title='bbox 653 1555 762 1586; x_wconf 75' lang='lat' dir='ltr'>obvius</span> <span class='ocrx_word' id='word_1_126' title='bbox 778 1555 820 1585; x_wconf 78' lang='lat' dir='ltr'>lit..</span> 
     </span>
     <span class='ocr_line' id='line_1_21' title="bbox 166 1604 821 1646; baseline -0.005 -10"><span class='ocrx_word' id='word_1_127' title='bbox 166 1606 259 1640; x_wconf 71' lang='lat' dir='ltr'>Fun),</span> <span class='ocrx_word' id='word_1_128' title='bbox 277 1606 368 1646; x_wconf 62' lang='lat' dir='ltr'>etsas</span> <span class='ocrx_word' id='word_1_129' title='bbox 378 1608 415 1635; x_wconf 85' lang='lat' dir='ltr'>im</span> <span class='ocrx_word' id='word_1_130' title='bbox 436 1605 534 1646; x_wconf 83' lang='lat' dir='ltr'>antiq.</span> <span class='ocrx_word' id='word_1_131' title='bbox 551 1615 604 1646; x_wconf 89' lang='lat' dir='ltr'>pro</span> <span class='ocrx_word' id='word_1_132' title='bbox 627 1604 751 1639; x_wconf 74' lang='lat' dir='ltr'>faciam,</span> <span class='ocrx_word' id='word_1_133' title='bbox 769 1609 821 1634; x_wconf 86' lang='lat' dir='ltr'>aut</span> 
     </span>
     <span class='ocr_line' id='line_1_22' title="bbox 164 1652 821 1694; baseline -0.003 -10"><span class='ocrx_word' id='word_1_134' title='bbox 164 1654 301 1685; x_wconf 85' lang='lat' dir='ltr'>fecerim.</span> <span class='ocrx_word' id='word_1_135' title='bbox 332 1654 471 1689; x_wconf 65' lang='lat' dir='ltr'>Occulta,</span> <span class='ocrx_word' id='word_1_136' title='bbox 487 1654 561 1694; x_wconf 77' lang='lat' dir='ltr'>quia</span> <span class='ocrx_word' id='word_1_137' title='bbox 578 1653 691 1694; x_wconf 85' lang='lat' dir='ltr'>Apollo</span> <span class='ocrx_word' id='word_1_138' title='bbox 707 1652 821 1682; x_wconf 73' lang='lat' dir='ltr'>nebula.</span> 
     </span>
     <span class='ocr_line' id='line_1_23' title="bbox 165 1704 568 1734; baseline -0.005 0"><span class='ocrx_word' id='word_1_139' title='bbox 165 1704 285 1734; x_wconf 84' lang='lat' dir='ltr'>velatus</span> <span class='ocrx_word' id='word_1_140' title='bbox 300 1714 360 1733; x_wconf 85' lang='lat' dir='ltr'>non</span> <span class='ocrx_word' id='word_1_141' title='bbox 375 1704 568 1734; x_wconf 83' lang='lat' dir='ltr'>cernebatur.</span> 
     </span>
    </p>

    <p class='ocr_par' dir='ltr' id='par_1_7' title="bbox 156 1750 824 2186">
     <span class='ocr_line' id='line_1_24' title="bbox 205 1750 820 1794; baseline -0.003 -11"><span class='ocrx_word' id='word_1_142' title='bbox 205 1754 279 1783; x_wconf 84' lang='lat'>597.</span> <span class='ocrx_word' id='word_1_143' title='bbox 305 1753 432 1788; x_wconf 65' lang='lat' dir='ltr'>Pan-ao,</span> <span class='ocrx_word' id='word_1_144' title='bbox 451 1763 504 1794; x_wconf 91' lang='lat' dir='ltr'>pro</span> <span class='ocrx_word' id='word_1_145' title='bbox 525 1753 628 1791; x_wconf 79' lang='lat' dir='ltr'>putrui</span> <span class='ocrx_word' id='word_1_146' title='bbox 646 1751 747 1791; x_wconf 81' lang='lat' dir='ltr'>(quod</span> <span class='ocrx_word' id='word_1_147' title='bbox 767 1750 820 1781; x_wconf 77' lang='lat' dir='ltr'>ha-</span> 
     </span>
     <span class='ocr_line' id='line_1_25' title="bbox 164 1802 822 1843; baseline -0.005 -10"><span class='ocrx_word' id='word_1_148' title='bbox 164 1803 241 1833; x_wconf 83' lang='lat' dir='ltr'>bent</span> <span class='ocrx_word' id='word_1_149' title='bbox 261 1802 381 1843; x_wconf 54' lang='lat' dir='ltr'>Regii)</span> <span class='ocrx_word' id='word_1_150' title='bbox 398 1810 432 1832; x_wconf 84' lang='lat' dir='ltr'>ut</span> <span class='ocrx_word' id='word_1_151' title='bbox 453 1802 494 1832; x_wconf 81' lang='lat' dir='ltr'>xi.</span> <span class='ocrx_word' id='word_1_152' title='bbox 514 1803 587 1832; x_wconf 66' lang='lat'>3⁸28.</span> <span class='ocrx_word' id='word_1_153' title='bbox 602 1808 710 1841; x_wconf 74' lang='lat' dir='ltr'>patruo</span> <span class='ocrx_word' id='word_1_154' title='bbox 726 1802 822 1836; x_wconf 70' lang='lat' dir='ltr'>corde,</span> 
     </span>
     <span class='ocr_line' id='line_1_26' title="bbox 165 1849 822 1890; baseline -0.005 -8"><span class='ocrx_word' id='word_1_155' title='bbox 165 1857 196 1882; x_wconf 89' lang='lat' dir='ltr'>et</span> <span class='ocrx_word' id='word_1_156' title='bbox 212 1851 294 1882; x_wconf 83' lang='lat' dir='ltr'>Fast.</span> <span class='ocrx_word' id='word_1_157' title='bbox 307 1851 347 1881; x_wconf 92' lang='lat' dir='ltr'>iv.</span> <span class='ocrx_word' id='word_1_158' title='bbox 364 1853 415 1882; x_wconf 79' lang='lat'>55.</span> <span class='ocrx_word' id='word_1_159' title='bbox 431 1862 495 1881; x_wconf 74' lang='lat' dir='ltr'>ense</span> <span class='ocrx_word' id='word_1_160' title='bbox 508 1858 628 1890; x_wconf 77' lang='lat' dir='ltr'>patruo.</span> <span class='ocrx_word' id='word_1_161' title='bbox 676 1849 822 1880; x_wconf 82' lang='lat' dir='ltr'>Libenter</span> 
     </span>
     <span class='ocr_line' id='line_1_27' title="bbox 165 1899 824 1940; baseline -0.005 -9"><span class='ocrx_word' id='word_1_162' title='bbox 165 1900 248 1931; x_wconf 85' lang='lat' dir='ltr'>enim</span> <span class='ocrx_word' id='word_1_163' title='bbox 277 1899 391 1931; x_wconf 84' lang='lat' dir='ltr'>talibus</span> <span class='ocrx_word' id='word_1_164' title='bbox 421 1911 488 1931; x_wconf 85' lang='lat' dir='ltr'>voc.</span> <span class='ocrx_word' id='word_1_165' title='bbox 516 1899 668 1940; x_wconf 78' lang='lat' dir='ltr'>adjective</span> <span class='ocrx_word' id='word_1_166' title='bbox 696 1904 824 1929; x_wconf 87' lang='lat' dir='ltr'>utuntur</span> 
     </span>
     <span class='ocr_line' id='line_1_28' title="bbox 165 1947 823 1991; baseline -0.003 -12"><span class='ocrx_word' id='word_1_167' title='bbox 165 1955 265 1991; x_wconf 83' lang='lat' dir='ltr'>poetae</span> <span class='ocrx_word' id='word_1_168' title='bbox 281 1961 288 1986; x_wconf 82' lang='lat'>3</span> <span class='ocrx_word' id='word_1_169' title='bbox 315 1948 384 1979; x_wconf 88' lang='lat' dir='ltr'>vide</span> <span class='ocrx_word' id='word_1_170' title='bbox 401 1949 562 1980; x_wconf 81' lang='lat' dir='ltr'>Drakenb.</span> <span class='ocrx_word' id='word_1_171' title='bbox 585 1948 625 1978; x_wconf 83' lang='lat' dir='ltr'>ad</span> <span class='ocrx_word' id='word_1_172' title='bbox 643 1947 764 1983; x_wconf 84' lang='lat' dir='ltr'>Silium,</span> <span class='ocrx_word' id='word_1_173' title='bbox 781 1947 823 1978; x_wconf 89' lang='lat' dir='ltr'>iii.</span> 
     </span>
     <span class='ocr_line' id='line_1_29' title="bbox 166 1998 823 2040; baseline -0.005 -11"><span class='ocrx_word' id='word_1_174' title='bbox 166 2000 245 2029; x_wconf 85' lang='lat'>387:</span> <span class='ocrx_word' id='word_1_175' title='bbox 278 1998 322 2029; x_wconf 88' lang='lat' dir='ltr'>sic</span> <span class='ocrx_word' id='word_1_176' title='bbox 351 1999 434 2040; x_wconf 81' lang='lat' dir='ltr'>apud</span> <span class='ocrx_word' id='word_1_177' title='bbox 465 1999 613 2028; x_wconf 82' lang='lat' dir='ltr'>Nostrum</span> <span class='ocrx_word' id='word_1_178' title='bbox 643 2004 823 2027; x_wconf 75' lang='lat' dir='ltr'>autumnum</span> 
     </span>
     <span class='ocr_line' id='line_1_30' title="bbox 156 2046 822 2089; baseline -0.003 -13"><span class='ocrx_word' id='word_1_179' title='bbox 156 2048 279 2089; x_wconf 67' lang='lat' dir='ltr'>srigns,</span> <span class='ocrx_word' id='word_1_180' title='bbox 303 2050 430 2078; x_wconf 78' lang='lat' dir='ltr'>maritus</span> <span class='ocrx_word' id='word_1_181' title='bbox 452 2049 554 2082; x_wconf 81' lang='lat' dir='ltr'>lectus,</span> <span class='ocrx_word' id='word_1_182' title='bbox 580 2048 607 2076; x_wconf 78' lang='lat' dir='ltr'>in</span> <span class='ocrx_word' id='word_1_183' title='bbox 627 2046 680 2076; x_wconf 76' lang='lat' dir='ltr'>&#39;ans</span> <span class='ocrx_word' id='word_1_184' title='bbox 706 2057 822 2080; x_wconf 70' lang='lat' dir='ltr'>munus,</span> 
     </span>
     <span class='ocr_line' id='line_1_31' title="bbox 165 2094 824 2137; baseline -0.003 -11"><span class='ocrx_word' id='word_1_185' title='bbox 165 2103 226 2127; x_wconf 88' lang='lat' dir='ltr'>etc.</span> <span class='ocrx_word' id='word_1_186' title='bbox 242 2098 349 2126; x_wconf 81' lang='lat' dir='ltr'>Animo</span> <span class='ocrx_word' id='word_1_187' title='bbox 365 2098 536 2137; x_wconf 73' lang='lat' dir='ltr'>indulgens,</span> <span class='ocrx_word' id='word_1_188' title='bbox 551 2096 726 2136; x_wconf 69' lang='lat' dir='ltr'>obsequens</span> <span class='ocrx_word' id='word_1_189' title='bbox 747 2094 824 2125; x_wconf 84' lang='lat' dir='ltr'>irato</span> 
     </span>
     <span class='ocr_line' id='line_1_32' title="bbox 165 2145 418 2186; baseline 0 -10"><span class='ocrx_word' id='word_1_190' title='bbox 165 2145 296 2186; x_wconf 87' lang='lat' dir='ltr'>impetui</span> <span class='ocrx_word' id='word_1_191' title='bbox 312 2145 418 2176; x_wconf 82' lang='lat' dir='ltr'>animi.</span> 
     </span>
    </p>

    <p class='ocr_par' dir='ltr' id='par_1_8' title="bbox 167 2190 827 2722">
     <span class='ocr_line' id='line_1_33' title="bbox 208 2190 823 2233; baseline -0.007 -9"><span class='ocrx_word' id='word_1_192' title='bbox 208 2194 283 2224; x_wconf 88' lang='grc'>600.</span> <span class='ocrx_word' id='word_1_193' title='bbox 309 2194 455 2233; x_wconf 77' lang='lat' dir='ltr'>Raraper</span> <span class='ocrx_word' id='word_1_194' title='bbox 470 2195 592 2233; x_wconf 66' lang='lat' dir='ltr'>ignotos,</span> <span class='ocrx_word' id='word_1_195' title='bbox 609 2192 689 2232; x_wconf 85' lang='lat' dir='ltr'>etc.]</span> <span class='ocrx_word' id='word_1_196' title='bbox 710 2190 823 2231; x_wconf 83' lang='lat' dir='ltr'>Dupli-</span> 
     </span>
     <span class='ocr_line' id='line_1_34' title="bbox 167 2239 822 2283; baseline -0.006 -10"><span class='ocrx_word' id='word_1_197' title='bbox 167 2243 243 2273; x_wconf 80' lang='lat' dir='ltr'>citer</span> <span class='ocrx_word' id='word_1_198' title='bbox 272 2242 372 2283; x_wconf 85' lang='lat' dir='ltr'>tangit</span> <span class='ocrx_word' id='word_1_199' title='bbox 396 2241 552 2282; x_wconf 82' lang='lat' dir='ltr'>ignaviam</span> <span class='ocrx_word' id='word_1_200' title='bbox 582 2241 715 2276; x_wconf 77' lang='lat' dir='ltr'>Paridis,</span> <span class='ocrx_word' id='word_1_201' title='bbox 740 2239 822 2281; x_wconf 87' lang='lat' dir='ltr'>quod</span> 
     </span>
     <span class='ocr_line' id='line_1_35' title="bbox 170 2290 823 2331; baseline -0.006 -10"><span class='ocrx_word' id='word_1_202' title='bbox 170 2302 240 2321; x_wconf 76' lang='lat' dir='ltr'>rara</span> <span class='ocrx_word' id='word_1_203' title='bbox 264 2291 325 2321; x_wconf 79' lang='lat' dir='ltr'>tela</span> <span class='ocrx_word' id='word_1_204' title='bbox 348 2290 475 2331; x_wconf 78' lang='lat' dir='ltr'>spargit,</span> <span class='ocrx_word' id='word_1_205' title='bbox 493 2296 524 2320; x_wconf 86' lang='lat' dir='ltr'>ct</span> <span class='ocrx_word' id='word_1_206' title='bbox 546 2290 628 2331; x_wconf 81' lang='lat' dir='ltr'>quod</span> <span class='ocrx_word' id='word_1_207' title='bbox 650 2300 687 2319; x_wconf 81' lang='lat' dir='ltr'>ea</span> <span class='ocrx_word' id='word_1_208' title='bbox 705 2299 757 2330; x_wconf 88' lang='lat' dir='ltr'>per</span> <span class='ocrx_word' id='word_1_209' title='bbox 779 2290 823 2329; x_wconf 81' lang='lat' dir='ltr'>ig-</span> 
     </span>
     <span class='ocr_line' id='line_1_36' title="bbox 170 2338 823 2380; baseline -0.005 -10"><span class='ocrx_word' id='word_1_210' title='bbox 170 2347 259 2376; x_wconf 75' lang='lat' dir='ltr'>notos,</span> <span class='ocrx_word' id='word_1_211' title='bbox 289 2339 442 2380; x_wconf 77' lang='lat' dir='ltr'>ignobiles</span> <span class='ocrx_word' id='word_1_212' title='bbox 471 2339 559 2379; x_wconf 85' lang='lat' dir='ltr'>(vide</span> <span class='ocrx_word' id='word_1_213' title='bbox 591 2338 630 2368; x_wconf 85' lang='lat' dir='ltr'>ad</span> <span class='ocrx_word' id='word_1_214' title='bbox 661 2339 701 2368; x_wconf 80' lang='lat' dir='ltr'>ix.</span> <span class='ocrx_word' id='word_1_215' title='bbox 732 2338 823 2374; x_wconf 79' lang='lat'>669.)</span> 
     </span>
     <span class='ocr_line' id='line_1_37' title="bbox 167 2387 824 2430; baseline -0.006 -10"><span class='ocrx_word' id='word_1_216' title='bbox 167 2389 301 2430; x_wconf 79' lang='lat' dir='ltr'>spargit:</span> <span class='ocrx_word' id='word_1_217' title='bbox 327 2388 381 2419; x_wconf 83' lang='lat' dir='ltr'>sed</span> <span class='ocrx_word' id='word_1_218' title='bbox 407 2388 479 2429; x_wconf 68' lang='lat' dir='ltr'>quia</span> <span class='ocrx_word' id='word_1_219' title='bbox 502 2387 659 2429; x_wconf 77' lang='lat' dir='ltr'>praecedit.</span> <span class='ocrx_word' id='word_1_220' title='bbox 677 2389 771 2417; x_wconf 73' lang='lat' dir='ltr'>media</span> <span class='ocrx_word' id='word_1_221' title='bbox 793 2388 824 2416; x_wconf 75' lang='grc' dir='ltr'>ἱιι</span> 
     </span>
     <span class='ocr_line' id='line_1_38' title="bbox 169 2435 825 2478; baseline -0.005 -10"><span class='ocrx_word' id='word_1_222' title='bbox 169 2441 246 2468; x_wconf 78' lang='lat' dir='ltr'>caede</span> <span class='ocrx_word' id='word_1_223' title='bbox 273 2440 413 2473; x_wconf 75' lang='lat' dir='ltr'>virorum,</span> <span class='ocrx_word' id='word_1_224' title='bbox 442 2443 474 2468; x_wconf 86' lang='lat' dir='ltr'>et</span> <span class='ocrx_word' id='word_1_225' title='bbox 496 2438 568 2478; x_wconf 78' lang='lat' dir='ltr'>quia</span> <span class='ocrx_word' id='word_1_226' title='bbox 600 2436 714 2477; x_wconf 75' lang='lat' dir='ltr'>Apollo</span> <span class='ocrx_word' id='word_1_227' title='bbox 741 2435 825 2466; x_wconf 83' lang='lat' dir='ltr'>dolet</span> 
     </span>
     <span class='ocr_line' id='line_1_39' title="bbox 168 2484 824 2527; baseline -0.005 -11"><span class='ocrx_word' id='word_1_228' title='bbox 168 2485 294 2527; x_wconf 86' lang='lat' dir='ltr'>perdere</span> <span class='ocrx_word' id='word_1_229' title='bbox 307 2497 377 2516; x_wconf 86' lang='lat' dir='ltr'>eum</span> <span class='ocrx_word' id='word_1_230' title='bbox 385 2485 504 2527; x_wconf 77' lang='lat' dir='ltr'>spicula</span> <span class='ocrx_word' id='word_1_231' title='bbox 513 2486 544 2515; x_wconf 91' lang='lat' dir='ltr'>in</span> <span class='ocrx_word' id='word_1_232' title='bbox 554 2484 705 2526; x_wconf 84' lang='lat' dir='ltr'>sanguine</span> <span class='ocrx_word' id='word_1_233' title='bbox 715 2484 824 2525; x_wconf 85' lang='lat' dir='ltr'>plebis,</span> 
     </span>
     <span class='ocr_line' id='line_1_40' title="bbox 172 2535 824 2576; baseline -0.006 -11"><span class='ocrx_word' id='word_1_234' title='bbox 172 2542 333 2576; x_wconf 82' lang='lat' dir='ltr'>propterea</span> <span class='ocrx_word' id='word_1_235' title='bbox 359 2546 432 2565; x_wconf 67' lang='grc' dir='ltr'><em>ται-ιι</em></span> <span class='ocrx_word' id='word_1_236' title='bbox 461 2536 519 2565; x_wconf 75' lang='lat' dir='ltr'>tela</span> <span class='ocrx_word' id='word_1_237' title='bbox 557 2535 735 2565; x_wconf 78' lang='lat' dir='ltr'>Burmanno</span> <span class='ocrx_word' id='word_1_238' title='bbox 765 2544 824 2562; x_wconf 88' lang='lat' dir='ltr'>non</span> 
     </span>
     <span class='ocr_line' id='line_1_41' title="bbox 171 2583 824 2626; baseline -0.005 -12"><span class='ocrx_word' id='word_1_239' title='bbox 171 2585 306 2626; x_wconf 81' lang='lat' dir='ltr'>placent.</span> <span class='ocrx_word' id='word_1_240' title='bbox 351 2585 488 2626; x_wconf 82' lang='lat' dir='ltr'>Conjicit</span> <span class='ocrx_word' id='word_1_241' title='bbox 509 2595 590 2624; x_wconf 81' lang='lat' dir='ltr'>ergo,</span> <span class='ocrx_word' id='word_1_242' title='bbox 613 2595 700 2619; x_wconf 69' lang='lat' dir='ltr'>mnia,</span> <span class='ocrx_word' id='word_1_243' title='bbox 718 2583 749 2612; x_wconf 89' lang='lat' dir='ltr'>id</span> <span class='ocrx_word' id='word_1_244' title='bbox 768 2588 824 2616; x_wconf 79' lang='lat' dir='ltr'>cst,</span> 
     </span>
     <span class='ocr_line' id='line_1_42' title="bbox 174 2633 827 2674; baseline -0.006 -10"><span class='ocrx_word' id='word_1_245' title='bbox 174 2634 310 2671; x_wconf 83' lang='lat' dir='ltr'>inutilia,</span> <span class='ocrx_word' id='word_1_246' title='bbox 331 2645 369 2665; x_wconf 78' lang='lat' dir='ltr'>cx</span> <span class='ocrx_word' id='word_1_247' title='bbox 391 2634 503 2674; x_wconf 78' lang='lat' dir='ltr'>quibus</span> <span class='ocrx_word' id='word_1_248' title='bbox 521 2633 597 2663; x_wconf 82' lang='lat' dir='ltr'>nihil</span> <span class='ocrx_word' id='word_1_249' title='bbox 617 2633 655 2663; x_wconf 81' lang='lat' dir='ltr'>ad</span> <span class='ocrx_word' id='word_1_250' title='bbox 675 2641 827 2662; x_wconf 78' lang='lat' dir='ltr'>summam</span> 
     </span>
     <span class='ocr_line' id='line_1_43' title="bbox 173 2680 827 2722; baseline -0.005 -10"><span class='ocrx_word' id='word_1_251' title='bbox 173 2682 247 2712; x_wconf 76' lang='lat' dir='ltr'>belli</span> <span class='ocrx_word' id='word_1_252' title='bbox 260 2682 380 2713; x_wconf 70' lang='lat' dir='ltr'>redibat</span> <span class='ocrx_word' id='word_1_253' title='bbox 399 2682 549 2717; x_wconf 72' lang='lat' dir='ltr'>utilitatis,</span> <span class='ocrx_word' id='word_1_254' title='bbox 567 2682 652 2722; x_wconf 79' lang='lat' dir='ltr'>quia,</span> <span class='ocrx_word' id='word_1_255' title='bbox 669 2680 741 2711; x_wconf 80' lang='lat' dir='ltr'>licet</span> <span class='ocrx_word' id='word_1_256' title='bbox 759 2680 827 2721; x_wconf 74' lang='lat' dir='ltr'>plu-</span> 
     </span>
    </p>
   </div>
   <div class='ocr_carea' id='block_1_6' title="bbox 1449 1176 1544 1221">
    <p class='ocr_par' dir='ltr' id='par_1_9' title="bbox 1449 1176 1544 1221">
     <span class='ocr_line' id='line_1_44' title="bbox 1449 1176 1544 1221; baseline -0.011 0"><span class='ocrx_word' id='word_1_257' title='bbox 1449 1176 1544 1221; x_wconf 84' lang='lat'>605</span> 
     </span>
    </p>
   </div>
   <div class='ocr_carea' id='block_1_7' title="bbox 887 1307 1549 2708">
    <p class='ocr_par' dir='ltr' id='par_1_10' title="bbox 887 1307 1547 1738">
     <span class='ocr_line' id='line_1_45' title="bbox 889 1307 1546 1347; baseline -0.015 -3"><span class='ocrx_word' id='word_1_258' title='bbox 889 1324 935 1344; x_wconf 80' lang='lat' dir='ltr'>res</span> <span class='ocrx_word' id='word_1_259' title='bbox 962 1316 1124 1347; x_wconf 81' lang='lat' dir='ltr'>sterneret,</span> <span class='ocrx_word' id='word_1_260' title='bbox 1152 1309 1226 1341; x_wconf 89' lang='lat' dir='ltr'>dum</span> <span class='ocrx_word' id='word_1_261' title='bbox 1264 1307 1406 1339; x_wconf 77' lang='lat' dir='ltr'>Achilles</span> <span class='ocrx_word' id='word_1_262' title='bbox 1442 1311 1546 1336; x_wconf 84' lang='lat' dir='ltr'>tamen</span> 
     </span>
     <span class='ocr_line' id='line_1_46' title="bbox 887 1355 1547 1403; baseline -0.014 -11"><span class='ocrx_word' id='word_1_263' title='bbox 887 1366 1072 1403; x_wconf 76' lang='lat' dir='ltr'>superesset,</span> <span class='ocrx_word' id='word_1_264' title='bbox 1099 1365 1184 1390; x_wconf 88' lang='lat' dir='ltr'>metu</span> <span class='ocrx_word' id='word_1_265' title='bbox 1218 1357 1295 1388; x_wconf 74' lang='lat' dir='ltr'>solvi</span> <span class='ocrx_word' id='word_1_266' title='bbox 1331 1355 1456 1396; x_wconf 72' lang='lat' dir='ltr'>&#39;l‘rojani</span> <span class='ocrx_word' id='word_1_267' title='bbox 1486 1364 1547 1384; x_wconf 90' lang='lat' dir='ltr'>non</span> 
     </span>
     <span class='ocr_line' id='line_1_47' title="bbox 887 1401 1545 1452; baseline -0.017 -10"><span class='ocrx_word' id='word_1_268' title='bbox 887 1416 1040 1452; x_wconf 74' lang='lat' dir='ltr'>poterant.</span> <span class='ocrx_word' id='word_1_269' title='bbox 1090 1409 1227 1439; x_wconf 84' lang='lat' dir='ltr'>Florent.</span> <span class='ocrx_word' id='word_1_270' title='bbox 1252 1406 1320 1436; x_wconf 77' lang='lat' dir='ltr'>MS.</span> <span class='ocrx_word' id='word_1_271' title='bbox 1335 1415 1445 1445; x_wconf 75' lang='lat' dir='ltr'>gnara,</span> <span class='ocrx_word' id='word_1_272' title='bbox 1462 1401 1545 1444; x_wconf 88' lang='lat' dir='ltr'>quod</span> 
     </span>
     <span class='ocr_line' id='line_1_48' title="bbox 889 1453 1545 1500; baseline -0.014 -10"><span class='ocrx_word' id='word_1_273' title='bbox 889 1459 1017 1490; x_wconf 77' lang='lat' dir='ltr'>Heinsio</span> <span class='ocrx_word' id='word_1_274' title='bbox 1033 1458 1189 1500; x_wconf 82' lang='lat' dir='ltr'>placebat,</span> <span class='ocrx_word' id='word_1_275' title='bbox 1205 1455 1257 1496; x_wconf 84' lang='lat' dir='ltr'>qui</span> <span class='ocrx_word' id='word_1_276' title='bbox 1274 1453 1545 1495; x_wconf 83' lang='lat' dir='ltr'>interpretabatur,</span> 
     </span>
     <span class='ocr_line' id='line_1_49' title="bbox 889 1501 1546 1548; baseline -0.014 -10"><span class='ocrx_word' id='word_1_277' title='bbox 889 1509 967 1538; x_wconf 75' lang='lat' dir='ltr'>bene</span> <span class='ocrx_word' id='word_1_278' title='bbox 991 1518 1026 1537; x_wconf 82' lang='lat' dir='ltr'>ac</span> <span class='ocrx_word' id='word_1_279' title='bbox 1051 1506 1147 1548; x_wconf 83' lang='lat' dir='ltr'>perite</span> <span class='ocrx_word' id='word_1_280' title='bbox 1171 1511 1259 1535; x_wconf 70' lang='lat' dir='ltr'>torta.</span> <span class='ocrx_word' id='word_1_281' title='bbox 1304 1503 1348 1532; x_wconf 87' lang='lat' dir='ltr'>At</span> <span class='ocrx_word' id='word_1_282' title='bbox 1369 1501 1394 1531; x_wconf 82' lang='lat' dir='ltr'>si</span> <span class='ocrx_word' id='word_1_283' title='bbox 1418 1501 1475 1531; x_wconf 88' lang='lat' dir='ltr'>hoc</span> <span class='ocrx_word' id='word_1_284' title='bbox 1494 1510 1546 1531; x_wconf 93' lang='lat' dir='ltr'>vo-</span> 
     </span>
     <span class='ocr_line' id='line_1_50' title="bbox 890 1550 1547 1597; baseline -0.009 -10"><span class='ocrx_word' id='word_1_285' title='bbox 890 1557 996 1587; x_wconf 82' lang='lat' dir='ltr'>luisset</span> <span class='ocrx_word' id='word_1_286' title='bbox 1006 1562 1106 1597; x_wconf 83' lang='lat' dir='ltr'>poeta,</span> <span class='ocrx_word' id='word_1_287' title='bbox 1119 1551 1337 1584; x_wconf 76' lang='lat' dir='ltr'>dixisscthaud</span> <span class='ocrx_word' id='word_1_288' title='bbox 1349 1550 1442 1581; x_wconf 82' lang='lat' dir='ltr'>dubie</span> <span class='ocrx_word' id='word_1_289' title='bbox 1453 1555 1547 1581; x_wconf 77' lang='lat' dir='ltr'>certa.</span> 
     </span>
     <span class='ocr_line' id='line_1_51' title="bbox 890 1597 1545 1646; baseline -0.012 -11"><span class='ocrx_word' id='word_1_290' title='bbox 890 1607 1036 1646; x_wconf 69' lang='lat' dir='ltr'>Spargere</span> <span class='ocrx_word' id='word_1_291' title='bbox 1055 1606 1125 1638; x_wconf 74' lang='lat' dir='ltr'>tela,</span> <span class='ocrx_word' id='word_1_292' title='bbox 1146 1609 1178 1633; x_wconf 87' lang='lat' dir='ltr'>ut</span> <span class='ocrx_word' id='word_1_293' title='bbox 1198 1612 1336 1641; x_wconf 69' lang='lat' dir='ltr'>spargere</span> <span class='ocrx_word' id='word_1_294' title='bbox 1349 1599 1502 1640; x_wconf 72' lang='lat' dir='ltr'>fulmina,</span> <span class='ocrx_word' id='word_1_295' title='bbox 1523 1597 1545 1628; x_wconf 89' lang='lat' dir='ltr'>i.</span> 
     </span>
     <span class='ocr_line' id='line_1_52' title="bbox 889 1646 1543 1694; baseline -0.014 -9"><span class='ocrx_word' id='word_1_296' title='bbox 889 1656 969 1693; x_wconf 75' lang='lat'>2533</span> <span class='ocrx_word' id='word_1_297' title='bbox 1006 1664 1144 1694; x_wconf 69' lang='lat' dir='ltr'>spmgere</span> <span class='ocrx_word' id='word_1_298' title='bbox 1171 1652 1295 1692; x_wconf 74' lang='lat' dir='ltr'>glandes</span> <span class='ocrx_word' id='word_1_299' title='bbox 1323 1650 1431 1691; x_wconf 71' lang='lat' dir='ltr'>sunda</span> <span class='ocrx_word' id='word_1_300' title='bbox 1461 1646 1543 1689; x_wconf 80' lang='lat' dir='ltr'>apud</span> 
     </span>
     <span class='ocr_line' id='line_1_53' title="bbox 890 1701 1250 1738; baseline -0.014 -4"><span class='ocrx_word' id='word_1_301' title='bbox 890 1704 1112 1738; x_wconf 75' lang='lat' dir='ltr'>Claudianum,</span> <span class='ocrx_word' id='word_1_302' title='bbox 1129 1701 1180 1731; x_wconf 91' lang='lat' dir='ltr'>vii.</span> <span class='ocrx_word' id='word_1_303' title='bbox 1199 1701 1250 1731; x_wconf 76' lang='lat'>50.</span> 
     </span>
    </p>

    <p class='ocr_par' dir='ltr' id='par_1_11' title="bbox 889 1744 1549 2708">
     <span class='ocr_line' id='line_1_54' title="bbox 932 1744 1545 1789; baseline -0.015 -6"><span class='ocrx_word' id='word_1_304' title='bbox 932 1754 1005 1782; x_wconf 82' lang='lat'>601.</span> <span class='ocrx_word' id='word_1_305' title='bbox 1030 1753 1136 1782; x_wconf 53' lang='lat' dir='ltr'>Fuscus</span> <span class='ocrx_word' id='word_1_306' title='bbox 1157 1751 1265 1783; x_wconf 67' lang='lat' dir='ltr'>Deam,</span> <span class='ocrx_word' id='word_1_307' title='bbox 1281 1752 1446 1789; x_wconf 75' lang='lat' dir='ltr'>postquam</span> <span class='ocrx_word' id='word_1_308' title='bbox 1466 1744 1545 1775; x_wconf 90' lang='lat' dir='ltr'>indi-</span> 
     </span>
     <span class='ocr_line' id='line_1_55' title="bbox 889 1795 1546 1837; baseline -0.014 -5"><span class='ocrx_word' id='word_1_309' title='bbox 889 1807 1024 1837; x_wconf 80' lang='lat' dir='ltr'>caverat,</span> <span class='ocrx_word' id='word_1_310' title='bbox 1048 1812 1079 1831; x_wconf 89' lang='lat' dir='ltr'>se</span> <span class='ocrx_word' id='word_1_311' title='bbox 1106 1800 1208 1830; x_wconf 79' lang='lat' dir='ltr'>Deum</span> <span class='ocrx_word' id='word_1_312' title='bbox 1232 1807 1309 1831; x_wconf 85' lang='lat' dir='ltr'>esse,</span> <span class='ocrx_word' id='word_1_313' title='bbox 1335 1802 1367 1826; x_wconf 85' lang='lat' dir='ltr'>ut</span> <span class='ocrx_word' id='word_1_314' title='bbox 1389 1795 1434 1826; x_wconf 89' lang='lat' dir='ltr'>iii.</span> <span class='ocrx_word' id='word_1_315' title='bbox 1460 1795 1489 1825; x_wconf 88' lang='lat' dir='ltr'>l.</span> <span class='ocrx_word' id='word_1_316' title='bbox 1514 1799 1546 1824; x_wconf 90' lang='lat' dir='ltr'>et</span> 
     </span>
     <span class='ocr_line' id='line_1_56' title="bbox 889 1842 1544 1892; baseline -0.015 -10"><span class='ocrx_word' id='word_1_317' title='bbox 889 1850 1028 1892; x_wconf 85' lang='lat' dir='ltr'>pluribus</span> <span class='ocrx_word' id='word_1_318' title='bbox 1044 1849 1129 1880; x_wconf 89' lang='lat' dir='ltr'>locis.</span> <span class='ocrx_word' id='word_1_319' title='bbox 1154 1847 1254 1878; x_wconf 80' lang='lat' dir='ltr'>Etiam</span> <span class='ocrx_word' id='word_1_320' title='bbox 1270 1845 1353 1886; x_wconf 84' lang='lat' dir='ltr'>apud.</span> <span class='ocrx_word' id='word_1_321' title='bbox 1366 1842 1544 1884; x_wconf 83' lang='lat' dir='ltr'>Virgilium,</span> 
     </span>
     <span class='ocr_line' id='line_1_57' title="bbox 889 1891 1546 1938; baseline -0.017 -7"><span class='ocrx_word' id='word_1_322' title='bbox 889 1901 964 1930; x_wconf 74' lang='lat' dir='ltr'>AEn.</span> <span class='ocrx_word' id='word_1_323' title='bbox 981 1899 1020 1930; x_wconf 92' lang='lat' dir='ltr'>vi.</span> <span class='ocrx_word' id='word_1_324' title='bbox 1038 1899 1089 1929; x_wconf 90' lang='grc'>57.</span> <span class='ocrx_word' id='word_1_325' title='bbox 1105 1897 1220 1938; x_wconf 82' lang='lat' dir='ltr'>Apollo</span> <span class='ocrx_word' id='word_1_326' title='bbox 1240 1893 1361 1925; x_wconf 82' lang='lat' dir='ltr'>Paridis</span> <span class='ocrx_word' id='word_1_327' title='bbox 1383 1893 1478 1923; x_wconf 86' lang='lat' dir='ltr'>telum</span> <span class='ocrx_word' id='word_1_328' title='bbox 1498 1891 1546 1921; x_wconf 83' lang='lat' dir='ltr'>di-</span> 
     </span>
     <span class='ocr_line' id='line_1_58' title="bbox 889 1940 1543 1990; baseline -0.014 -11"><span class='ocrx_word' id='word_1_329' title='bbox 889 1949 959 1990; x_wconf 83' lang='lat' dir='ltr'>rigit</span> <span class='ocrx_word' id='word_1_330' title='bbox 1000 1949 1032 1978; x_wconf 89' lang='lat' dir='ltr'>in</span> <span class='ocrx_word' id='word_1_331' title='bbox 1073 1946 1245 1981; x_wconf 80' lang='lat' dir='ltr'>Achillem,</span> <span class='ocrx_word' id='word_1_332' title='bbox 1283 1940 1543 1984; x_wconf 84' lang='lat' dir='ltr'>quemadmodum</span> 
     </span>
     <span class='ocr_line' id='line_1_59' title="bbox 889 1991 1543 2036; baseline -0.015 -8"><span class='ocrx_word' id='word_1_333' title='bbox 889 1998 1006 2027; x_wconf 88' lang='lat' dir='ltr'>Hector</span> <span class='ocrx_word' id='word_1_334' title='bbox 1014 1995 1147 2026; x_wconf 85' lang='lat' dir='ltr'>moriens</span> <span class='ocrx_word' id='word_1_335' title='bbox 1158 1992 1353 2036; x_wconf 65' lang='lat' dir='ltr'>praedixerat.</span> <span class='ocrx_word' id='word_1_336' title='bbox 1377 1991 1543 2024; x_wconf 84' lang='lat' dir='ltr'>Homerus,</span> 
     </span>
     <span class='ocr_line' id='line_1_60' title="bbox 890 2038 1544 2081; baseline -0.015 -4"><span class='ocrx_word' id='word_1_337' title='bbox 890 2046 929 2076; x_wconf 85' lang='lat' dir='ltr'>Il.</span> <span class='ocrx_word' id='word_1_338' title='bbox 949 2050 989 2077; x_wconf 85' lang='lat' dir='ltr'>X.</span> <span class='ocrx_word' id='word_1_339' title='bbox 1006 2047 1079 2076; x_wconf 84' lang='lat'>359.</span> <span class='ocrx_word' id='word_1_340' title='bbox 1094 2044 1145 2075; x_wconf 80' lang='grc' dir='ltr'>ὅτε</span> <span class='ocrx_word' id='word_1_341' title='bbox 1161 2042 1215 2074; x_wconf 79' lang='grc' dir='ltr'>κέν</span> <span class='ocrx_word' id='word_1_342' title='bbox 1230 2053 1264 2072; x_wconf 81' lang='grc' dir='ltr'>σε</span> <span class='ocrx_word' id='word_1_343' title='bbox 1281 2039 1384 2081; x_wconf 82' lang='grc' dir='ltr'>Πάρις</span> <span class='ocrx_word' id='word_1_344' title='bbox 1400 2039 1453 2070; x_wconf 81' lang='grc' dir='ltr'>καὶ</span> <span class='ocrx_word' id='word_1_345' title='bbox 1470 2038 1544 2069; x_wconf 81' lang='grc' dir='ltr'>Φοῖ-</span> 
     </span>
     <span class='ocr_line' id='line_1_61' title="bbox 890 2087 1547 2135; baseline -0.014 -9"><span class='ocrx_word' id='word_1_346' title='bbox 890 2094 949 2135; x_wconf 75' lang='grc' dir='ltr'>βος</span> <span class='ocrx_word' id='word_1_347' title='bbox 971 2094 1148 2125; x_wconf 79' lang='grc' dir='ltr'>Ἀπόλλων</span> <span class='ocrx_word' id='word_1_348' title='bbox 1166 2091 1323 2122; x_wconf 74' lang='grc' dir='ltr'>ὀλέσωσιν</span> <span class='ocrx_word' id='word_1_349' title='bbox 1340 2088 1386 2119; x_wconf 79' lang='grc' dir='ltr'>ἐνὶ</span> <span class='ocrx_word' id='word_1_350' title='bbox 1413 2087 1547 2128; x_wconf 75' lang='grc' dir='ltr'>Σκαιῇσι</span> 
     </span>
     <span class='ocr_line' id='line_1_62' title="bbox 892 2136 1549 2185; baseline -0.015 -10"><span class='ocrx_word' id='word_1_351' title='bbox 892 2144 1049 2185; x_wconf 73' lang='grc' dir='ltr'>πύλῃσιν.</span> <span class='ocrx_word' id='word_1_352' title='bbox 1071 2141 1166 2183; x_wconf 82' lang='lat' dir='ltr'>Apud</span> <span class='ocrx_word' id='word_1_353' title='bbox 1183 2140 1292 2177; x_wconf 85' lang='lat' dir='ltr'>Quint.</span> <span class='ocrx_word' id='word_1_354' title='bbox 1307 2137 1433 2168; x_wconf 86' lang='lat' dir='ltr'>Calabr.</span> <span class='ocrx_word' id='word_1_355' title='bbox 1450 2136 1492 2166; x_wconf 90' lang='lat' dir='ltr'>iii.</span> <span class='ocrx_word' id='word_1_356' title='bbox 1508 2137 1549 2166; x_wconf 84' lang='lat'>60</span> 
     </span>
     <span class='ocr_line' id='line_1_63' title="bbox 891 2184 1546 2233; baseline -0.014 -11"><span class='ocrx_word' id='word_1_357' title='bbox 891 2203 961 2233; x_wconf 84' lang='lat' dir='ltr'>sqq.</span> <span class='ocrx_word' id='word_1_358' title='bbox 1001 2191 1115 2232; x_wconf 82' lang='lat' dir='ltr'>Apollo</span> <span class='ocrx_word' id='word_1_359' title='bbox 1134 2190 1209 2230; x_wconf 82' lang='lat' dir='ltr'>ipse,</span> <span class='ocrx_word' id='word_1_360' title='bbox 1229 2188 1295 2217; x_wconf 86' lang='lat' dir='ltr'>sine</span> <span class='ocrx_word' id='word_1_361' title='bbox 1316 2185 1438 2216; x_wconf 78' lang='lat' dir='ltr'>Paridis</span> <span class='ocrx_word' id='word_1_362' title='bbox 1456 2184 1546 2214; x_wconf 85' lang='lat' dir='ltr'>mini-</span> 
     </span>
     <span class='ocr_line' id='line_1_64' title="bbox 892 2233 1545 2274; baseline -0.012 -4"><span class='ocrx_word' id='word_1_363' title='bbox 892 2241 993 2274; x_wconf 81' lang='lat' dir='ltr'>sterio,</span> <span class='ocrx_word' id='word_1_364' title='bbox 1006 2239 1146 2269; x_wconf 76' lang='lat' dir='ltr'>vulnerat</span> <span class='ocrx_word' id='word_1_365' title='bbox 1158 2236 1327 2267; x_wconf 85' lang='lat' dir='ltr'>Achillem.</span> <span class='ocrx_word' id='word_1_366' title='bbox 1345 2234 1476 2274; x_wconf 82' lang='lat' dir='ltr'>Sumpta</span> <span class='ocrx_word' id='word_1_367' title='bbox 1486 2233 1545 2262; x_wconf 87' lang='lat' dir='ltr'>Pa-</span> 
     </span>
     <span class='ocr_line' id='line_1_65' title="bbox 893 2280 1545 2321; baseline -0.015 -2"><span class='ocrx_word' id='word_1_368' title='bbox 893 2289 965 2319; x_wconf 81' lang='lat' dir='ltr'>ridis</span> <span class='ocrx_word' id='word_1_369' title='bbox 984 2289 1079 2318; x_wconf 72' lang='lat' dir='ltr'>forma</span> <span class='ocrx_word' id='word_1_370' title='bbox 1100 2297 1170 2317; x_wconf 89' lang='lat' dir='ltr'>eum</span> <span class='ocrx_word' id='word_1_371' title='bbox 1188 2284 1219 2315; x_wconf 89' lang='lat' dir='ltr'>id</span> <span class='ocrx_word' id='word_1_372' title='bbox 1244 2284 1351 2314; x_wconf 83' lang='lat' dir='ltr'>fecisse</span> <span class='ocrx_word' id='word_1_373' title='bbox 1368 2281 1462 2312; x_wconf 83' lang='lat' dir='ltr'>tradit</span> <span class='ocrx_word' id='word_1_374' title='bbox 1478 2280 1545 2321; x_wconf 76' lang='lat' dir='ltr'>lly-</span> 
     </span>
     <span class='ocr_line' id='line_1_66' title="bbox 892 2330 1546 2377; baseline -0.015 -9"><span class='ocrx_word' id='word_1_375' title='bbox 892 2338 993 2377; x_wconf 77' lang='lat' dir='ltr'>ginus,</span> <span class='ocrx_word' id='word_1_376' title='bbox 1014 2337 1077 2366; x_wconf 77' lang='lat' dir='ltr'>fab.</span> <span class='ocrx_word' id='word_1_377' title='bbox 1098 2335 1167 2365; x_wconf 89' lang='lat'>107.</span> <span class='ocrx_word' id='word_1_378' title='bbox 1214 2333 1241 2363; x_wconf 87' lang='grc' dir='ltr'>Λ</span> <span class='ocrx_word' id='word_1_379' title='bbox 1264 2332 1328 2362; x_wconf 80' lang='lat' dir='ltr'>solo</span> <span class='ocrx_word' id='word_1_380' title='bbox 1346 2330 1457 2360; x_wconf 81' lang='lat' dir='ltr'>Paride</span> <span class='ocrx_word' id='word_1_381' title='bbox 1475 2340 1546 2359; x_wconf 88' lang='lat' dir='ltr'>eum</span> 
     </span>
     <span class='ocr_line' id='line_1_67' title="bbox 892 2376 1548 2418; baseline -0.015 -2"><span class='ocrx_word' id='word_1_382' title='bbox 892 2386 1048 2417; x_wconf 59' lang='lat' dir='ltr'>sublatum</span> <span class='ocrx_word' id='word_1_383' title='bbox 1064 2388 1244 2415; x_wconf 79' lang='lat' dir='ltr'>memorant,</span> <span class='ocrx_word' id='word_1_384' title='bbox 1258 2378 1382 2410; x_wconf 80' lang='lat' dir='ltr'>remotis</span> <span class='ocrx_word' id='word_1_385' title='bbox 1394 2376 1548 2418; x_wconf 82' lang='lat' dir='ltr'>figmentis</span> 
     </span>
     <span class='ocr_line' id='line_1_68' title="bbox 893 2427 1547 2475; baseline -0.014 -11"><span class='ocrx_word' id='word_1_386' title='bbox 893 2434 1034 2475; x_wconf 81' lang='lat' dir='ltr'>poeticis,</span> <span class='ocrx_word' id='word_1_387' title='bbox 1054 2435 1153 2463; x_wconf 83' lang='lat' dir='ltr'>Dares</span> <span class='ocrx_word' id='word_1_388' title='bbox 1175 2429 1339 2470; x_wconf 77' lang='lat' dir='ltr'>Phrygius,</span> <span class='ocrx_word' id='word_1_389' title='bbox 1361 2437 1431 2468; x_wconf 82' lang='lat' dir='ltr'>cap.</span> <span class='ocrx_word' id='word_1_390' title='bbox 1448 2427 1500 2456; x_wconf 80' lang='lat'>35.</span> <span class='ocrx_word' id='word_1_391' title='bbox 1515 2432 1547 2456; x_wconf 88' lang='lat' dir='ltr'>et</span> 
     </span>
     <span class='ocr_line' id='line_1_69' title="bbox 892 2475 1546 2523; baseline -0.015 -10"><span class='ocrx_word' id='word_1_392' title='bbox 892 2483 1006 2523; x_wconf 84' lang='lat' dir='ltr'>Dictys</span> <span class='ocrx_word' id='word_1_393' title='bbox 1026 2482 1111 2513; x_wconf 86' lang='lat' dir='ltr'>Crct.</span> <span class='ocrx_word' id='word_1_394' title='bbox 1129 2480 1168 2509; x_wconf 83' lang='lat' dir='ltr'>iv.</span> <span class='ocrx_word' id='word_1_395' title='bbox 1184 2480 1214 2509; x_wconf 73' lang='lat'>2.</span> <span class='ocrx_word' id='word_1_396' title='bbox 1266 2477 1393 2510; x_wconf 71' lang='lat' dir='ltr'>Vertere,</span> <span class='ocrx_word' id='word_1_397' title='bbox 1415 2475 1546 2505; x_wconf 81' lang='lat' dir='ltr'>transfer</span> 
     </span>
     <span class='ocr_line' id='line_1_70' title="bbox 893 2524 1546 2562; baseline -0.015 0"><span class='ocrx_word' id='word_1_398' title='bbox 893 2532 956 2562; x_wconf 81' lang='lat' dir='ltr'>tela</span> <span class='ocrx_word' id='word_1_399' title='bbox 971 2536 1026 2560; x_wconf 84' lang='lat' dir='ltr'>tua</span> <span class='ocrx_word' id='word_1_400' title='bbox 1040 2531 1078 2559; x_wconf 82' lang='lat' dir='ltr'>ab</span> <span class='ocrx_word' id='word_1_401' title='bbox 1093 2528 1158 2558; x_wconf 82' lang='lat' dir='ltr'>istis</span> <span class='ocrx_word' id='word_1_402' title='bbox 1173 2528 1204 2557; x_wconf 90' lang='lat' dir='ltr'>in</span> <span class='ocrx_word' id='word_1_403' title='bbox 1220 2524 1385 2556; x_wconf 78' lang='lat' dir='ltr'>AEaciden.</span> <span class='ocrx_word' id='word_1_404' title='bbox 1423 2524 1546 2562; x_wconf 75' lang='lat' dir='ltr'>Spicula</span> 
     </span>
     <span class='ocr_line' id='line_1_71' title="bbox 892 2571 1547 2619; baseline -0.014 -9"><span class='ocrx_word' id='word_1_405' title='bbox 892 2582 1014 2619; x_wconf 61' lang='lat' dir='ltr'>perdest-</span> <span class='ocrx_word' id='word_1_406' title='bbox 1034 2580 1063 2609; x_wconf 89' lang='lat' dir='ltr'>in</span> <span class='ocrx_word' id='word_1_407' title='bbox 1081 2578 1227 2617; x_wconf 64' lang='lat' dir='ltr'>sunguine</span> <span class='ocrx_word' id='word_1_408' title='bbox 1241 2576 1331 2615; x_wconf 72' lang='lat' dir='ltr'>plebis</span> <span class='ocrx_word' id='word_1_409' title='bbox 1353 2573 1464 2603; x_wconf 79' lang='lat' dir='ltr'>frustra</span> <span class='ocrx_word' id='word_1_410' title='bbox 1478 2571 1547 2601; x_wconf 85' lang='lat' dir='ltr'>mit-</span> 
     </span>
     <span class='ocr_line' id='line_1_72' title="bbox 896 2621 1548 2664; baseline -0.012 -6"><span class='ocrx_word' id='word_1_411' title='bbox 896 2635 958 2660; x_wconf 80' lang='lat' dir='ltr'>tere</span> <span class='ocrx_word' id='word_1_412' title='bbox 981 2628 1043 2658; x_wconf 82' lang='lat' dir='ltr'>tela</span> <span class='ocrx_word' id='word_1_413' title='bbox 1062 2628 1092 2658; x_wconf 92' lang='lat' dir='ltr'>in</span> <span class='ocrx_word' id='word_1_414' title='bbox 1116 2626 1228 2656; x_wconf 83' lang='lat' dir='ltr'>milites</span> <span class='ocrx_word' id='word_1_415' title='bbox 1249 2622 1412 2664; x_wconf 82' lang='lat' dir='ltr'>gregarios,</span> <span class='ocrx_word' id='word_1_416' title='bbox 1436 2621 1548 2662; x_wconf 87' lang='lat' dir='ltr'>quibus</span> 
     </span>
     <span class='ocr_line' id='line_1_73' title="bbox 896 2669 1547 2708; baseline -0.015 0"><span class='ocrx_word' id='word_1_417' title='bbox 896 2677 1066 2708; x_wconf 72' lang='lat' dir='ltr'>intersectis</span> <span class='ocrx_word' id='word_1_418' title='bbox 1081 2674 1158 2706; x_wconf 86' lang='lat' dir='ltr'>nihil</span> <span class='ocrx_word' id='word_1_419' title='bbox 1176 2674 1311 2705; x_wconf 79' lang='lat' dir='ltr'>lucratur</span> <span class='ocrx_word' id='word_1_420' title='bbox 1326 2680 1447 2702; x_wconf 81' lang='lat' dir='ltr'>summa</span> <span class='ocrx_word' id='word_1_421' title='bbox 1463 2669 1547 2700; x_wconf 88' lang='lat' dir='ltr'>belli.</span> 
     </span>
    </p>
   </div>
  </div>
 </body>
</html>
