1779 3130
226 168 311 209 238
624 167 674 208 P.
709 165 921 209 OVIDII
956 167 1236 209 NASONIS

224 281 419 328 Funera
434 297 558 344 quos
574 289 828 338 maneant3
852 282 929 328 hic
945 283 1071 328 votis
1087 297 1271 329 numen
1286 282 1473 336 adorat,
1488 283 1617 343 [lens

225 357 542 420 Brachiaque
575 358 638 404 ad
668 358 865 414 coelum,
893 359 1029 420 quod
1058 375 1156 404 non
1182 358 1332 411 videt,
1359 358 1494 404 irrita
1522 359 1615 405 tol-

222 434 396 481 Poscit
419 450 593 497 ope1n;
635 435 852 481 subeunt
876 435 945 481 illi
971 436 1249 497 fratresque
1276 450 1587 497 parensque3

223 509 355 557 Huic
381 527 495 557 cum
514 510 803 573 pignoribus
829 511 1022 566 domus,
1047 518 1097 557 et
1118 511 1253 572 quod
1273 511 1455 573 cuique
1476 510 1614 557 relic-

222 585 483 649 Halcyone
510 586 683 649 Ceyca
706 593 899 643 movet;
943 587 1127 650 Ceycis
1154 586 1202 632 in
1229 603 1311 633 ore
1367 589 1492 648 [tum
1519 594 1612 633 est.

221 662 268 709 N
274 663 375 709 ulla
395 663 490 709 nisi
512 662 771 726 Halcyone
797 670 896 710 est:
921 670 987 718 et,
1007 678 1161 726 quum
1182 663 1433 710 desideret
1447 679 1612 718 unam,

221 738 424 786 Gaudet
442 739 618 786 abesse
633 745 822 787 tamen:
846 739 1018 802 patriae
1036 755 1239 801 quoque
1254 739 1406 786 vellet
1423 739 1486 785 ad
1501 754 1611 785 oras

220 814 511 878 Respicere,
532 815 684 877 inque
706 816 907 862 domum
929 831 1187 878 supremos
1207 823 1397 862 vertere
1418 815 1605 862 vultus:

222 892 409 938 Verum
433 892 516 938 ubi
543 892 608 938 sit
633 893 818 949 nescit3
859 900 999 939 tanta
1021 892 1263 953 vertigine
1288 899 1471 955 pontus
1513 894 1609 938 548

222 967 427 1024 Fervet;
470 974 521 1015 et
546 967 752 1016 inducta
777 968 930 1031 piceis
957 984 982 1015 e
1009 968 1226 1015 nubibus
1251 969 1427 1015 umbra

221 1043 384 1091 Omne
403 1045 526 1091 latet
545 1045 743 1100 coelum,
765 1045 1124 1108 duplicataque
1145 1046 1304 1092 noctis
1326 1045 1488 1107 imago
1505 1045 1605 1092 est!

219 1121 480 1183 Frangitur
503 1121 703 1168 incursu
729 1123 943 1169 nimbosi
970 1122 1182 1169 turbinis
1208 1123 1380 1179 arbos3
1447 1123 1607 1183 [stans

217 1197 479 1261 Frangitur
507 1206 558 1245 et
585 1198 833 1261 regimem
876 1200 1150 1264 spoliisque
1185 1200 1408 1247 animosa
1433 1215 1602 1262 super-

218 1383 330 1414 magno
355 1384 479 1415 pavore,
504 1375 712 1415 praesentique
739 1382 876 1406 conster-

217 1423 342 1453 natione
369 1423 489 1453 nullum
517 1424 648 1454 lacrimis
671 1424 774 1454 locum
801 1435 877 1461 esse,

217 1481 255 1501 ne
271 1472 302 1501 in
322 1471 428 1512 puella
448 1471 576 1512 quidem
596 1471 726 1508 infante,
741 1472 796 1503 sed
813 1479 876 1503 stu-

218 1531 323 1561 porem
349 1526 381 1551 et
407 1530 565 1561 pavorem.
611 1522 718 1559 Bene;
746 1521 801 1552 sed
826 1522 877 1552 ubi

216 1568 339 1598 animus
354 1578 370 1598 e
386 1568 484 1610 prima
500 1569 748 1600 consternatione
765 1580 796 1600 se
813 1570 877 1600 col-

216 1616 296 1658 ligit,
326 1617 434 1658 ntique
465 1623 639 1658 sequuntur
665 1618 816 1654 lacrimae,
845 1626 879 1650 ut

216 1676 280 1696 ver.
294 1666 377 1705 418;
395 1666 523 1697 Heroid.
542 1678 571 1697 x.
583 1668 624 1697 43
639 1679 646 1704 ;
664 1667 803 1709 Propert.
816 1669 878 1699 111.

218 1726 250 1746 v.
267 1716 306 1753 93
331 1715 418 1746 Curt.
442 1715 484 1746 ix.
500 1717 533 1746 2.
584 1716 672 1746 l'ocut
698 1718 750 1747 ille
773 1719 877 1754 beatos,

217 1771 278 1794 etc.
294 1770 328 1794 ut
351 1764 491 1805 Ulysses,
509 1765 573 1795 Od.
592 1769 628 1796 E.
646 1767 729 1804 2993
758 1768 878 1798 [lineas

218 1813 305 1853 Virg.
328 1813 350 1844 i.
373 1815 414 1844 93
439 1824 516 1854 sqq;
544 1820 575 1844 et
602 1815 735 1846 Ovidius
760 1816 824 1858 ipse
850 1818 876 1847 I.

214 1861 306 1892 Trist.
329 1862 364 1893 ii.
381 1864 519 1894 53—55.

216 1919 319 1947 neunt,
337 1911 390 1952 qui
410 1911 441 1941 in
457 1917 538 1942 terra
556 1912 735 1948 moriantur,
751 1913 803 1944 ubi
819 1915 875 1945 rite

214 1961 335 2002 sepeliri
349 1961 477 2001 possint,
490 1971 586 2001 quum
605 1962 745 2003 naufragi
762 1969 815 1993 aut
828 1964 873 1994 in-

216 2009 337 2038 humati
354 2009 386 2038 in
404 2009 491 2039 litore
503 2009 643 2050 jaceant,
661 2016 715 2040 aut
735 2011 874 2051 piscibus

214 2068 286 2088 esca
301 2064 420 2093 natent,
436 2068 505 2098 quae
522 2058 696 2089 tristissima
714 2070 777 2090 sors
793 2061 872 2090 anti-

216 2106 286 2147 quis
311 2107 396 2145 visa3
419 2107 490 2137 vide
514 2107 541 2137 Ι.
556 2107 649 2138 Trist.
665 2108 696 2138 d.
711 2108 734 2139 l.
749 2121 754 2138 z
771 2109 874 2149 sunus

215 2166 297 2185 nunc
324 2155 476 2196 exequiae,
507 2166 621 2197 pompa
650 2157 810 2192 funeralis,
841 2165 874 2188 ut

215 2204 242 2234 Ι.
257 2203 350 2234 Trist.
364 2203 408 2234 iii.
424 2205 476 2234 89.
522 2204 591 2235 Cic.
610 2205 664 2235 Or.
680 2204 712 2235 ii.
728 2208 779 2236 55.
817 2207 873 2237 Su-

215 2253 316 2287 bezmt,
326 2252 358 2282 in
370 2251 548 2282 memoriam
561 2253 702 2284 redeunt.
727 2254 873 2296 Pignora,

218 2301 317 2332 liberi.

578 1863 701 1894 funera
724 1877 792 1905 quos
814 1877 875 1896 ma-

259 2351 335 2380 544.
362 2349 517 2390 Halcyone
535 2350 642 2390 Ceyca,
659 2350 735 2390 εἶα]
760 2351 874 2382 Confer

217 2399 355 2440 Propert.
383 2398 428 2429 iii.
459 2401 489 2429 5.
519 2399 570 2430 ubi
605 2398 715 2429 similis
744 2399 873 2430 affectus

214 2448 305 2482 Paeti,
325 2447 468 2489 deprensi
483 2459 514 2478 in
532 2449 655 2489 EEgaeo,
674 2448 871 2479 describitur.

216 2497 263 2527 Ibi
285 2497 518 2528 Brouckhusius
538 2498 600 2528 alia
620 2497 689 2528 loca
713 2508 870 2540 compara-

217 2546 270 2576 rit.
316 2546 470 2576 Caeterum
487 2546 536 2577 hie
555 2557 678 2588 quoque
694 2547 872 2588 ingeniosus

216 2605 281 2625 esse
310 2594 444 2624 Ovidius
471 2595 581 2630 voluit,
609 2607 700 2636 quum
727 2598 871 2627 desideret

216 2655 318 2677 unam,
335 2643 455 2673 Gaudet
471 2645 564 2674 <inesse
581 2650 689 2674 [αηιρη.

259 2693 334 2723 550.
362 2694 453 2723 Omne
470 2694 539 2723 lale?
557 2694 687 2733 coelmu]
707 2694 791 2724 lolem
805 2695 869 2734 j-im

947 1375 1068 1406 dixerat
1088 1386 1150 1406 ver.
1172 1376 1246 1406 520.
1265 1382 1347 1405 curet
1368 1376 1486 1416 ignibus
1505 1376 1606 1411 (ether,

946 1431 1006 1456 etc.
1034 1425 1139 1455 Noctis
1156 1427 1261 1466 imago,
1278 1434 1350 1454 nox.

989 1474 1063 1504 552.
1089 1473 1352 1513 Spoliis—undu.]
1403 1472 1507 1509 Unda,
1536 1484 1606 1514 quae

945 1523 1063 1552 malum
1094 1528 1125 1552 et
1154 1522 1292 1563 regimen
1321 1522 1467 1562 fregerat,
1498 1524 1608 1561 spoliis,

947 1570 1039 1601 armis
1063 1571 1130 1602 istis
1157 1570 1318 1607 detractis,
1342 1573 1483 1607 animosa,
1514 1572 1607 1612 (alibi

945 1622 1088 1659 superbus
1103 1620 1142 1650 de
1160 1620 1293 1659 victore)
1313 1620 1394 1650 elata
1415 1627 1490 1656 erat,
1512 1626 1553 1656 et,
1574 1627 1608 1651 ut

946 1668 1078 1700 victores
1093 1669 1204 1700 occisis
1222 1669 1371 1705 hostibus,
1387 1675 1442 1699 ant
1460 1670 1531 1700 ferae
1552 1670 1608 1701 de-

942 1719 1034 1760 jectae
1060 1720 1173 1761 praedae
1199 1727 1367 1760 superstare
1386 1720 1543 1756 dicuntur,
1559 1721 1603 1751 sic

946 1766 1000 1798 illa
1013 1775 1183 1808 superstans
1194 1768 1284 1799 victae
1297 1768 1380 1804 navi,
1391 1779 1429 1799 ex
1440 1769 1605 1800 altitudine

945 1827 1002 1846 sua
1014 1819 1137 1857 despicit
1150 1819 1247 1848 undas
1257 1819 1404 1853 sinuatus,
1418 1817 1524 1853 flexas,
1535 1828 1603 1848 eur-

945 1871 1034 1895 vatas
1056 1866 1139 1896 circa
1161 1877 1285 1896 navem.
1331 1865 1442 1896 Pluere
1460 1865 1527 1896 haec
1544 1877 1605 1896 non

944 1919 1109 1954 potuerunt
1119 1914 1175 1944 nisi
1183 1925 1220 1944 ex
1230 1914 1352 1955 ingenio
1360 1914 1605 1945 foecundissimo.

942 1962 1019 1992 ΜΟΧ
1048 1963 1248 1993 Burmannus
1273 1963 1361 1992 malit
1385 1964 1507 2001 despicit
1528 1966 1602 2000 alas,

942 2017 977 2040 ut
1000 2010 1038 2041 (le
1062 2012 1205 2041 antennis
1221 2012 1287 2052 jarn
1312 2011 1341 2041 vi
1364 2011 1447 2041 venti
1469 2011 1605 2041 curvatis

943 2065 1028 2100 agat,
1046 2071 1138 2101 super
1153 2071 1230 2101 quas
1247 2060 1332 2090 unda
1348 2061 1506 2100 surgebat.
1538 2061 1602 2090 Nec

943 2109 1045 2145 lenius,
1077 2116 1140 2139 etc.
1187 2110 1259 2140 Non
1301 2110 1418 2140 minore
1454 2109 1603 2151 pondere,

939 2159 1126 2197 praecipitata
1152 2161 1226 2193 ruit,
1251 2158 1425 2199 praecipitat
1447 2168 1493 2193 se,
1513 2170 1602 2198 quam

941 2207 965 2234 si
988 2207 1052 2245 qziis
1079 2207 1190 2243 Athon,
1217 2213 1280 2237 etc.
1311 2218 1380 2248 quae
1411 2207 1602 2248 comparatio

942 2253 1013 2285 inde
1030 2255 1131 2291 fluxit,
1148 2256 1223 2297 quia
1238 2256 1349 2287 fluctus
1371 2255 1498 2286 maximi
1520 2268 1600 2286 mon-

943 2309 983 2334 tes
997 2316 1145 2344 aquarum
1157 2305 1219 2336 dici
1235 2305 1334 2335 solent
1348 2317 1356 2343 ;
1376 2305 1440 2335 vid.
1452 2305 1599 2335 Heinsius

942 2351 980 2381 ad
1010 2363 1073 2383 ver.
1102 2354 1178 2384 533.
1226 2354 1394 2384 Ridiculus
1419 2359 1466 2384 est
1488 2354 1558 2384 Jac.
1582 2365 1600 2384 a

942 2399 1054 2435 Cruce,
1085 2401 1137 2442 qui
1170 2402 1267 2432 alludi
1297 2402 1348 2432 hic
1373 2402 1531 2432 existimat
1560 2403 1598 2433 ad

940 2448 1077 2479 facinora
1099 2451 1212 2481 Xerxis
1234 2456 1266 2480 et
1288 2450 1444 2485 Herculis,
1469 2461 1599 2491 quorum

939 2496 992 2527 ille
1013 2497 1119 2528 Athon
1138 2509 1156 2529 a
1177 2499 1354 2529 continente
1378 2498 1523 2533 abscidit,
1547 2499 1597 2529 hic

938 2546 1131 2577 Thessaliam
1145 2553 1342 2588 stagnantem
1355 2547 1486 2588 aperuit.
1532 2548 1595 2577 Im-

939 2605 988 2624 mo
1005 2597 1104 2626 Athon
1125 2604 1156 2627 et
1172 2597 1307 2626 Pindum
1327 2596 1430 2638 posuit
1441 2607 1494 2637 pro
1509 2607 1596 2627 mon-

939 2644 1020 2674 tibus
1036 2645 1272 2686 quibuscunque
1291 2645 1459 2675 altissimis.
