1779 3130
365 160 983 205 METAMORPHOSEON
1017 160 1136 202 LIB.
1166 161 1306 203 XIII.

1441 161 1526 203 309

145 277 361 332 Viveret,
389 283 474 324 aut
497 283 630 324 certe
655 276 808 322 letum
834 275 938 322 sine
963 275 1167 323 crimine
1192 275 1426 322 haberet:

148 353 308 407 Quem
334 355 462 401 male
487 352 700 400 convicti
725 351 931 398 nimium
957 367 1144 398 memor
1168 352 1261 399 iste
1286 351 1462 398 furoris

150 429 367 477 Prodere
393 445 495 476 rem
523 429 749 474 Danaam
774 427 946 484 finxit3
988 428 1261 489 fictumque
1286 427 1513 490 probavit

151 506 351 552 Crimen
370 524 380 562 ;
409 513 459 552 et
477 505 710 559 ostendit,
734 504 868 565 quod
884 505 987 565 jain
1007 503 1318 566 praefoderat,
1340 520 1529 560 aurum,

151 581 282 644 Ergo
307 590 393 629 aut
417 582 565 629 exilio
590 581 717 628 vires
744 581 986 627 subduxit
1010 580 1230 635 Achivis,
1468 583 1527 627 61

150 658 252 705 Aut
275 674 425 706 nece:
466 659 535 705 sie
562 665 766 721 pugnat,
795 658 865 704 sio
892 666 969 705 est
992 657 1288 704 metuendus
1316 657 1509 704 Ulixes.

152 734 250 788 Qui
274 735 392 781 licet
415 735 612 797 eloquio
637 734 791 780 fidum
818 750 1020 796 quoque
1048 733 1264 780 Nestora
1285 734 1465 788 vincat,

154 809 303 857 Haud
328 822 494 859 tamen
527 811 724 866 efficiet,
752 811 1003 857 desertum
1029 817 1083 856 ut
1109 809 1325 857 Nestora
1348 810 1534 856 crimen

154 886 279 934 Esse
304 904 411 935 rear
435 889 651 944 nullum;
693 888 794 949 qui,
823 903 977 949 quum
1004 887 1288 949 imploraret
1315 885 1502 932 Ulixen

153 963 370 1012 Vulnere
396 965 566 1012 tardus
593 965 726 1026 equi,
754 964 1018 1025 fessusque
1045 964 1286 1010 senilibus
1312 963 1469 1019 annis,

154 1039 388 1088 Proditus
415 1058 443 1088 a
468 1041 601 1088 soeio
629 1049 731 1088 est:
773 1057 869 1088 non
894 1041 999 1087 haec
1027 1041 1146 1086 mihi
1170 1040 1375 1087 crimina
1397 1039 1533 1101 fingi,

157 1116 265 1163 Scit
290 1119 415 1165 bene
441 1117 690 1181 Tydides;
732 1118 818 1180 qui
844 1117 1042 1164 nomine
1068 1133 1199 1180 saepe
1224 1123 1453 1163 vocatum

156 1192 434 1257 Corripuit;
473 1195 767 1258 trepidoque
792 1193 960 1254 fugam
986 1193 1302 1257 exprobravit
1326 1192 1501 1240 amico.

154 1268 420 1333 Aspiciunt
443 1271 598 1318 oeulis
627 1271 804 1334 Superi
829 1270 1055 1316 mortalia
1072 1269 1239 1332 justis.

154 1439 227 1460 nam
243 1429 304 1460 vim
320 1429 386 1460 auri
401 1430 618 1471 pollicebatur,
634 1430 658 1461 si
674 1441 712 1461 ex
726 1440 810 1461 com-

154 1478 254 1519 posito
269 1484 371 1509 castra
386 1480 498 1510 Graeca
515 1479 669 1520 proderet.
713 1479 811 1510 Simul

156 1526 284 1557 militem
302 1527 395 1563 misit,
408 1527 460 1568 qui
475 1528 629 1569 Phrygem
646 1538 707 1558 non
722 1528 813 1569 longe

156 1586 174 1606 a
188 1579 296 1606 castris
307 1576 502 1607 interficeret.
526 1576 666 1618 Epistola
680 1583 813 1618 reperta,

157 1634 251 1664 quum
279 1625 464 1655 Palamedes
487 1625 527 1655 ad
546 1625 814 1664 Agamemnonem

155 1673 323 1713 perductus
335 1685 398 1704 rem
412 1681 551 1715 negaret,
562 1674 676 1710 Graeci,
688 1680 814 1705 auctore

157 1722 282 1762 Ulysse,
299 1723 329 1752 in
345 1723 476 1753 tentorio
493 1724 712 1764 quaesiverunt,
729 1722 814 1753 inve-

157 1777 329 1812 neruntque
345 1782 466 1807 aurum,
480 1772 562 1813 quod
578 1771 707 1813 Ulysses
722 1777 815 1802 noctu

157 1819 238 1850 clam
253 1820 295 1850 ibi
311 1821 465 1851 obruerat.

201 1869 251 1899 63.
278 1869 338 1903 Qui
358 1871 426 1900 licet
443 1871 566 1909 eloquio,
583 1869 662 1910 ete.]
687 1869 814 1899 Transi-

159 1922 208 1947 tus
225 1917 311 1958 justo
331 1918 485 1958 argutior:
501 1919 603 1958 fidum
623 1924 725 1953 vocat,
744 1917 818 1958 quia

158 1971 246 1996 tanto
260 1967 360 2008 majus
376 1967 610 2007 crimen,fidum
628 1967 745 1997 socium
761 1966 815 1997 de-

158 2024 269 2046 serere.
313 2015 446 2046 Lenzius
469 2015 630 2056 conjungit
650 2016 814 2056 eloquiofi-

158 2064 242 2098 dum,
259 2063 291 2093 id
312 2069 369 2099 est,
386 2064 497 2094 fretum
520 2064 709 2105 eloquentia,
727 2071 760 2094 ut
775 2064 818 2095 xi.

166 2112 238 2142 125.
255 2112 293 2143 de
314 2114 427 2148 Nesso,
443 2114 576 2153 opefidis
593 2115 712 2152 equina.
756 2112 816 2143 Sed

161 2161 294 2200 primum
318 2161 438 2197 dubito,
454 2163 589 2202 aufidus
612 2161 734 2192 dicatur
753 2173 818 2202 pr0,

151 2210 275 2249 fidens5
299 2209 411 2240 deinde
434 2210 547 2240 Nestor
571 2209 647 2240 nihil
671 2209 818 2240 molieba—

161 2264 210 2289 tur
236 2258 415 2299 eloquentia
440 2269 497 2289 sua
519 2258 627 2289 fretus.
673 2258 819 2299 Denique

163 2307 260 2348 major
278 2307 357 2338 inest
372 2307 429 2343 vis,
444 2307 469 2337 si
491 2309 604 2347 eloquio
626 2317 695 2337 cum
718 2310 819 2338 vincat

161 2356 398 2397 conjungamus.
446 2356 496 2386 De
526 2356 647 2396 Ulyssis
675 2355 820 2387 facundia

163 2405 234 2435 vide
259 2405 387 2435 Homer.
409 2405 447 2435 Il.
466 2409 503 2436 Γ.
525 2406 598 2435 222.
643 2406 704 2435 Pro
717 2406 819 2445 ficium

165 2465 286 2494 quoque,
311 2453 501 2484 Basileensis
517 2454 620 2494 fidum
648 2455 714 2488 sibi,
739 2453 822 2494 quod

164 2502 334 2533 efficacius.
361 2503 521 2533 Desertum
535 2509 570 2532 ut
589 2502 716 2532 Nestoi-a
729 2514 738 2538 ,-
753 2513 822 2542 sep-

167 2556 229 2581 tem
254 2551 324 2581 libn·
347 2562 406 2581 non
432 2551 549 2582 habent
574 2557 625 2588 ut,·
649 2551 720 2581 vide
744 2551 823 2580 Bur-

166 2610 315 2631 mannum
345 2600 384 2631 ad
413 2600 601 2637 Quintilian.
624 2599 705 2630 decl.
729 2599 770 2630 xi.
794 2600 824 2629 7.

169 2650 273 2685 Quum
296 2649 399 2680 Graeci
424 2648 552 2680 fulmine
577 2649 664 2680 Jovis
689 2654 825 2679 conster-

170 2697 232 2726 nati
252 2697 404 2737 fugerent,
419 2698 532 2728 Nestor
553 2697 679 2728 relictus
699 2702 745 2727 est
766 2701 826 2726 tar-

1475 1272 1538 1316 70

878 1430 975 1461 ditate
999 1429 1084 1471 equi,
1108 1429 1230 1460 Paridis
1253 1429 1343 1459 hasta
1364 1428 1397 1459 in
1419 1438 1540 1459 summo

880 1479 994 1509 vertice
1011 1478 1178 1509 vulnerati.
1225 1478 1360 1508 Hectore
1382 1477 1476 1518 igitur
1499 1477 1539 1506 ir-

880 1534 999 1564 ruente,
1021 1528 1192 1558 Diomedes
1218 1527 1249 1557 in
1277 1526 1358 1558 senis
1388 1526 1539 1557 auxilium

880 1577 1057 1618 imploravit
1084 1577 1240 1617 Ulyssem,
1266 1576 1319 1606 sed
1350 1576 1481 1613 frustra3
1510 1580 1542 1606 et

881 1626 913 1656 ni
935 1625 1106 1656 Diomedes
1128 1625 1194 1667 ipse
1214 1623 1330 1655 auxilio
1347 1623 1543 1660 occurrisset,

882 1674 964 1705 haud
984 1675 1078 1705 dubie
1100 1673 1264 1705 interiisset
1284 1673 1420 1711 Nest0r3
1446 1672 1540 1713 Ulys-

882 1734 931 1753 ses
954 1723 1058 1764 fugam
1078 1723 1143 1764 jam
1167 1729 1353 1764 paraverat3
1376 1722 1415 1752 11.
1435 1725 1471 1753 Θ.
1489 1722 1542 1752 80.

884 1772 1029 1803 Proditus
1044 1771 1168 1813 gravius
1183 1782 1276 1812 quam
1293 1771 1445 1802 desertus.
1471 1771 1542 1801 Tre-

879 1822 961 1860 pido,
979 1831 1038 1862 prae
1056 1827 1140 1851 metu
1157 1821 1299 1851 celeriter
1314 1819 1456 1861 fugienti.
1482 1820 1544 1850 Esc-

881 1871 1056 1908 probravit5
1081 1868 1194 1899 alludit
1214 1869 1253 1899 ad
1268 1870 1365 1900 verba
1386 1879 1454 1910 quae
1476 1868 1543 1898 Ho-

883 1928 998 1953 merus,
1027 1928 1090 1948 ver.
1116 1918 1168 1948 94.
1197 1916 1345 1948 Diomedi
1379 1915 1541 1947 attribuit:

886 1969 938 2005 Πῆ
955 1966 1089 2007 φεύγεις,
1103 1967 1183 2007 μετὰ
1200 1969 1287 1997 νῶτα
1304 1965 1431 2006 βαλὼν,
1446 1966 1544 2002 κακὸς

885 2017 938 2051 ὣς,
955 2014 1076 2056 ὁμίλῳ.

927 2065 979 2095 70.
1004 2065 1163 2103 Aspiciam
1188 2064 1307 2103 Superi,
1323 2063 1404 2104 etc.]
1432 2062 1545 2093 Gravis

884 2112 950 2143 haec
973 2112 1127 2143 sententia
1147 2123 1184 2143 eo
1202 2112 1346 2153 pertinet,
1363 2112 1445 2153 quod
1467 2123 1543 2142 aux-

885 2161 938 2192 ilio
954 2172 1024 2192 mox
1040 2162 1104 2202 ipse
1125 2162 1249 2202 egebat,
1265 2160 1318 2202 qui
1340 2171 1400 2191 non
1421 2160 1546 2191 tulerat.

887 2211 1033 2240 Mortalia
1049 2210 1188 2241 absolute
1204 2215 1235 2240 et
1247 2209 1441 2240 substantive
1457 2208 1546 2250 poni-

886 2265 946 2295 tur,
961 2270 1008 2290 res
1026 2259 1190 2297 humanae3
1213 2258 1284 2288 vide
1306 2257 1486 2288 Bentleium
1504 2256 1545 2286 ad

886 2309 998 2338 Horat.
1020 2307 1091 2337 Art.
1110 2307 1199 2337 Poet.
1216 2307 1268 2337 68.
1315 2307 1391 2347 Eget
1414 2306 1548 2336 amilio.-

887 2358 1000 2398 egebat
1022 2362 1126 2387 autem
1153 2356 1292 2397 Ulysses,
1316 2366 1412 2396 quum
1438 2354 1546 2396 Troja-

887 2417 994 2436 norum
1023 2404 1163 2435 cohortes
1190 2404 1221 2434 in
1249 2415 1331 2440 eum,
1358 2403 1428 2433 Soci
1457 2403 1549 2433 hasta

889 2455 1096 2488 vulneratum,
1124 2453 1294 2490 irruerent;
1322 2458 1388 2482 tum
1424 2457 1469 2482 ter
1501 2451 1547 2481 ita

889 2504 1047 2537 clamabat,
1071 2502 1151 2533 ὅσον
1178 2503 1300 2543 κεφαλὴ
1326 2500 1403 2542 χάδε
1433 2500 1547 2542 φωτός

890 2552 931 2581 Il.
950 2555 990 2582 A.
1007 2552 1082 2581 461.
1128 2550 1234 2591 Atque
1254 2550 1320 2580 haec
1344 2549 1549 2590 ignominiose

892 2600 1060 2631 admodum
1076 2599 1127 2630 hic
1147 2604 1322 2634 narrantur,
1339 2599 1549 2640 Ulyssemque

892 2649 1010 2679 faciunt
1043 2649 1188 2690 ignavam
1225 2647 1396 2678 mulierem.
1442 2647 1550 2688 Legem

894 2700 947 2728 sibi
976 2699 1105 2733 dixerat,
1136 2697 1344 2729 conditionem
1373 2696 1438 2738 ipse
1470 2706 1548 2737 prae·
