1779 3130
224 175 310 215 364

612 170 662 209 P.
697 167 910 208 OVIDII
944 166 1227 208 NASONIS

228 287 452 339 Dixerat,
483 289 513 306 “
531 291 580 329 et
604 281 780 329 vestris
808 281 1081 344 periturum
1106 279 1354 327 admittite
1379 279 1593 341 regnis.''

226 361 513 423 Insequitur
533 359 755 422 Cyclops
774 376 784 413 ;
814 365 1108 420 partemque
1129 373 1156 404 e
1176 364 1344 403 monte
1365 356 1609 402 revulsam

225 437 410 493 Mittit;
453 444 502 483 et
527 444 780 482 extremus
806 433 1031 495 quamvis
1057 433 1281 496 pervenit
1304 432 1366 478 ad
1391 431 1530 477 illum

224 513 451 574 Angulus
478 528 503 559 e
530 526 668 565 saxo,
695 517 854 556 totum
879 517 1045 556 tamen
1072 509 1235 555 obruit
1258 508 1402 555 Acin.

226 588 294 635 At
318 605 424 642 nos,
453 587 588 649 quod
614 587 772 632 solum
797 585 901 632 fieri
928 601 1015 648 per
1038 585 1139 631 fata
1161 585 1360 638 licebat,

1515 586 1609 629 885

226 666 473 720 Fecimus,
501 672 554 710 ut
577 664 705 710 vires
731 670 1006 709 assumeret
1029 662 1148 708 Acis
1174 661 1346 707 avitas.

224 742 490 789 Poeniceus
516 741 578 788 de
603 740 731 786 mole
757 755 899 786 cruor
923 739 1174 793 manabat,
1202 746 1252 784 et
1275 738 1404 785 intra

225 819 483 882 Temporis
509 819 746 879 exiguum
771 817 919 862 rubor
943 830 1238 862 evanescere
1263 814 1439 877 coepit3

225 896 406 958 Fitque
431 895 564 941 color
589 893 746 957 primo
771 893 954 939 turbati
979 892 1194 938 fluminis
1221 891 1393 946 imbre,

222 972 572 1033 Purgaturque
594 985 756 1015 mora:
786 977 891 1015 tum
912 969 1065 1015 moles
1087 968 1243 1015 fracta
1261 967 1490 1023 dehiscit,
1514 971 1609 1014 890

223 1049 450 1111 Vivaque
476 1063 564 1110 per
589 1047 752 1101 rimas,
781 1054 1148 1109 properataque
1173 1045 1330 1107 surgit
1353 1045 1556 1100 arundo,

229 1125 403 1187 Osque
429 1140 605 1171 cavum
631 1124 740 1171 saxi
766 1132 908 1170 sonat
933 1122 1273 1170 exultantibus
1299 1122 1472 1169 undis:

224 1201 456 1264 Miraque
482 1201 584 1247 res!
609 1201 774 1246 subito
801 1201 964 1247 media
988 1207 1132 1246 tenus
1158 1199 1325 1247 extitit
1348 1199 1456 1245 alvo

221 1278 478 1325 Incinctus
498 1276 695 1339 juvenis
721 1277 864 1324 flexis
892 1293 1017 1324 nova
1041 1293 1226 1323 cornua
1249 1276 1421 1323 cannis
1443 1295 1452 1331 ;
1512 1278 1605 1323 894

221 1354 334 1410 Qui,
363 1354 453 1401 nisi
482 1354 617 1416 quod
644 1355 816 1416 major,
841 1355 976 1417 quocl
1003 1362 1105 1401 toto
1132 1354 1341 1401 caerulus
1368 1369 1451 1400 ore
1477 1361 1570 1408 est,

259 1530 334 1559 882.
363 1529 540 1568 Partemqiie
559 1540 573 1558 e
593 1536 701 1563 riwnte,
719 1529 801 1569 etc.]
836 1530 877 1559 E·

217 1577 292 1608 tiam
316 1577 400 1619 apud
423 1578 605 1614 Homerum,
633 1579 715 1608 4812
754 1577 826 1609 Ἠκε
853 1577 877 1609 δ’

215 1624 412 1667 ἀποῤῥὴξας
435 1627 578 1667 κορυφὴν
603 1627 691 1666 ὄρεος
715 1626 877 1668 μεγάλοιο.

221 1675 261 1704 Ua
288 1678 361 1705 vires
394 1682 552 1705 assmneret
578 1678 684 1710 auium,
709 1682 742 1706 ut
768 1676 878 1707 fluvius

215 1724 313 1759 fieret,
327 1723 592 1764 quemadmodum
604 1735 678 1754 avus
690 1724 878 1765 Symaethus.

220 1772 301 1802 l'ires
323 1772 501 1803 fluminibus
530 1772 707 1802 tribuuntur
734 1773 828 1802 etiam
856 1773 877 1803 i.

215 1821 298 1851 273:
335 1827 365 1851 et
393 1832 538 1851 assumere
567 1821 610 1851 sic
641 1821 733 1851 etiam
759 1827 806 1851 est
834 1821 876 1852 xi.

217 1871 278 1900 789
291 1882 299 1907 3
322 1869 375 1899 xii.
390 1870 410 1900 i.

258 1918 332 1947 887.
352 1917 657 1956 Poeniceus—mora.]
677 1917 793 1947 Putida
808 1917 874 1948 haec

215 1966 378 2005 diligentia
399 1965 566 1996 condonari
584 1972 685 2006 potest
699 1966 873 2006 garrulitati

214 2015 340 2056 puellae,
366 2014 476 2044 Acidis
499 2015 545 2045 sui
569 2015 687 2044 obitum
711 2015 872 2045 narrantis.

213 2064 291 2094 Mox
308 2065 393 2094 moles
403 2067 493 2103 jacta
511 2063 620 2093 Heius.
642 2063 722 2093 male
738 2063 872 2093 illustrat

213 2123 250 2142 ex
276 2113 450 2152 illo,juctis
474 2116 505 2143 1'11¹
524 2114 621 2142 altum
638 2113 768 2147 molibus,
789 2112 872 2153 quod

212 2172 294 2203 saepe
307 2161 390 2203 apud
402 2169 543 2192 auctores
559 2161 717 2191 Romanos
730 2161 871 2192 occurrit.

212 2211 387 2252 Imo,jacta
402 2221 419 2240 a
432 2210 634 2251 PolyphemO,
648 2216 682 2240 ut
696 2217 778 2240 recte
796 2210 872 2241 Gla-

211 2269 322 2289 reanus
335 2268 367 2289 et
383 2259 547 2300 Micyllus.
581 2259 654 2288 Duo
669 2258 763 2298 Regii
779 2259 872 2289 nostri

211 2308 326 2338 liabent
343 2315 434 2342 tuctu,
451 2308 532 2348 quod
551 2307 582 2337 in
604 2307 759 2348 plerisque
780 2308 873 2338 MSS.

211 2357 336 2397 legitur,
362 2362 392 2386 et
417 2357 455 2387 de
482 2367 543 2397 quo
569 2362 672 2386 tacere
699 2356 872 2397 Gierigium

213 2407 304 2436 miror
319 2418 324 2434 :
359 2416 419 2435 non
436 2405 519 2435 mala
535 2413 637 2435 tamen
654 2411 701 2435 est
715 2415 752 2435 ea
767 2405 872 2440 lectio,

213 2459 243 2483 et
264 2455 300 2485 τὸ
318 2461 399 2484 taeta
417 2454 484 2484 scil.
502 2464 520 2484 a
537 2464 599 2489 me,
618 2453 811 2484 referendum
827 2460 873 2484 est

213 2501 253 2531 ad
280 2513 318 2532 ea
341 2513 410 2543 quae
435 2502 626 2544 praecedunt,
650 2504 692 2532 Ac
715 2513 775 2537 nos,
797 2504 873 2542 quod

211 2552 301 2581 solum
316 2553 391 2591 fieri
411 2563 464 2591 per
478 2552 552 2593 sum
579 2553 695 2587 licebat,
717 2552 868 2581 Fecimus.-

210 2606 355 2640 praeterea
388 2601 413 2630 si
441 2606 611 2631 nostrorum
639 2601 780 2631 codicum
804 2600 866 2630 lec-

211 2647 326 2678 tionem
351 2648 509 2679 restituere
532 2649 609 2679 nolit
633 2649 865 2689 lector‚frcu·tu

210 2697 416 2736 praestantius,
433 2707 524 2738 quam
533 2699 619 2736 jactu
638 2698 766 2728 videtur.

990 1532 1064 1560 891.
1092 1528 1502 1569 Properatciqne—ctrumim]
1525 1528 1609 1566 Quia

945 1579 1108 1609 fluviorum
1121 1589 1173 1608 ora
1186 1577 1336 1608 arundine
1351 1578 1412 1608 fere
1423 1578 1526 1608 cincta
1539 1588 1606 1609 esse

945 1627 1055 1663 solent,
1081 1627 1152 1657 hinc
1181 1626 1274 1657 etiam
1301 1637 1405 1656 eorum
1431 1626 1545 1657 frontes
1573 1627 1605 1657 in

946 1676 1153 1707 monumentis
1186 1682 1216 1705 et
1253 1674 1336 1716 apud
1372 1680 1498 1715 poetas:
1534 1675 1606 1706 Art.

946 1725 1053 1755 Amat.
1071 1724 1091 1755 i.
1107 1725 1191 1762 2223
1215 1724 1284 1754 vide
1302 1730 1333 1754 et
1347 1724 1397 1754 ad.
1413 1724 1454 1754 ix.
1471 1725 1501 1754 3.

989 1776 1062 1804 892.
1088 1775 1182 1814 Osqiie
1197 1785 1299 1803 curam
1316 1775 1389 1808 susi,
1405 1772 1481 1812 etc.]
1515 1773 1605 1804 Bona

944 1823 1171 1864 prorumpentis
1204 1833 1220 1852 e
1258 1832 1389 1852 caverna
1427 1822 1513 1852 fluvii
1550 1823 1603 1853 de-

942 1871 1091 1912 scriptio:
1119 1874 1253 1901 multare
1276 1878 1311 1900 ut
1333 1871 1383 1900 hic
1405 1870 1444 1901 de
1465 1881 1603 1911 prorum-

942 1927 1047 1960 pente,
1070 1920 1112 1950 sic
1136 1919 1186 1949 vii.
1202 1920 1277 1949 263.
1298 1919 1337 1949 de
1357 1919 1495 1949 fervente
1512 1930 1605 1960 aqua.

944 1969 1055 1999 Extizit
1079 1975 1111 1998 ut
1132 1968 1166 1998 ii.
1193 1969 1268 1998 264.
1315 1969 1365 1998 De
1386 1970 1522 1998 cornibus
1545 1970 1604 1999 flu-

941 2017 1058 2047 viorum
1074 2017 1209 2047 diximus
1229 2017 1267 2047 ad
1290 2016 1332 2046 ix.
1356 2018 1382 2046 l.
1428 2018 1487 2047 Pro
1499 2019 1605 2059 flexis,

940 2066 1048 2096 Heius.
1069 2065 1199 2106 conjicit
1216 2067 1320 2104 plexis,
1344 2065 1427 2105 quod
1447 2076 1521 2096 sane
1539 2066 1602 2097 usi-

940 2114 1043 2144 tatius.
1090 2114 1202 2153 Mujor,
1220 2119 1257 2143 ut
1277 2113 1319 2144 ix.
1335 2115 1407 2144 269.
1428 2115 1601 2145 Hercules:

940 2162 1033 2193 habet
1048 2162 1177 2192 formam
1193 2168 1360 2202 augustam
1376 2168 1405 2192 et
1421 2162 1490 2203 plus
1507 2174 1601 2204 quain

940 2210 1117 2246 humanam,
1142 2211 1342 2251 membraque
1368 2221 1499 2251 magna3
1530 2211 1600 2242 vide

940 2259 979 2289 ad
1004 2270 1066 2290 ver.
1089 2261 1163 2290 962.
1214 2261 1284 2290 Acis
1309 2259 1421 2290 fluvius
1445 2260 1555 2299 (hodie
1578 2262 1600 2290 il

930 2310 1029 2348 ιήιιηιε
1046 2309 1180 2343 Freddo)
1196 2319 1232 2339 ex
1251 2310 1350 2339 Aitna
1362 2309 1526 2350 profluens,
1542 2320 1599 2340 un<

940 2357 995 2387 das
1024 2368 1095 2387 suas
1123 2357 1328 2398 gelidissimas
1356 2356 1490 2387 maximo
1527 2369 1597 2389 cum

940 2406 1058 2446 impetu
1083 2405 1115 2435 in
1142 2416 1225 2436 mare
1250 2405 1396 2435 devolvit.
1441 2405 1537 2436 Plura
1559 2406 1598 2436 de

940 2454 1006 2495 ejus
1030 2459 1142 2484 natura
1167 2454 1261 2485 habet
1285 2455 1426 2494 Brydon.
1451 2454 1483 2484 in
1511 2455 1598 2485 Reise

942 2503 1017 2533 nach
1039 2502 1163 2532 Sicilien
1188 2503 1226 2533 P.
1243 2503 1263 2533 i.
1283 2514 1313 2544 p.
1330 2503 1382 2533 96.
1426 2502 1598 2543 Scriptores

939 2551 1035 2581 Siculi
1053 2561 1090 2581 ex
1115 2551 1365 2593 inscriptionibus
1387 2551 1521 2592 antiquis
1540 2552 1595 2582 do-

936 2605 1018 2634 cent,
1028 2600 1103 2629 Acin
1117 2599 1210 2630 fuisse
1219 2610 1321 2640 regem
1332 2599 1580 2640 antiquissimum
1588 2624 1595 2635 ,

934 2659 1026 2688 quem
1060 2648 1270 2689 Polyphemus
1306 2648 1405 2689 gigaS,
1436 2649 1592 2691 zelotypia

934 2697 1087 2733 incensus,
1102 2697 1302 2728 interfecerit.
