1779 3130
366 173 933 216 METAMORPHOSEO
943 175 984 215 N
1018 175 1138 216 LIB.
1173 174 1236 215 X.

1413 175 1497 215 133

114 287 191 333 Ad
221 287 381 350 Styga
404 287 629 335 Taenaria
653 295 728 334 est
754 305 902 335 ausus
929 289 1231 336 descendere
1258 296 1426 352 porta;

115 363 313 426 Perque
339 365 472 411 leves
499 365 728 427 populos,
750 365 1113 427 simulacraque
1139 364 1309 412 functa
1333 367 1496 428 sepul—

309 441 422 495 cris,

1440 445 1496 488 14

112 515 466 578 Persephonen
493 516 628 572 adiit,
656 516 1003 578 inamoenaque
1029 532 1181 578 regna
1202 524 1453 566 tenentem

115 592 414 639 Umbrarum
430 594 682 639 dominum
701 612 711 650 3
743 593 1002 656 pulsisque
1022 594 1083 640 ad
1105 595 1324 641 carmina
1339 597 1498 643 nervis

115 668 197 714 Sic
224 669 317 715 ait:
361 674 390 692 “
411 669 453 715 O
482 669 630 732 positi
657 670 748 715 sub
775 676 903 715 terra
929 670 1131 716 numina
1155 671 1343 726 mundi,

114 743 171 790 In
198 761 346 807 quem
372 745 636 792 recidimus
663 745 908 807 quidquid
935 746 1140 792 mortale
1167 762 1405 802 creamur,

115 820 167 866 Si
194 820 324 875 licet,
352 829 401 868 et
425 821 534 868 falsi
561 820 735 884 positis
761 822 1053 882 ambagibus
1076 822 1191 878 oris,

111 897 242 944 Vera
267 898 401 960 loqui
427 899 613 953 sinitis;
655 915 752 944 non
777 899 890 954 huc,
918 906 972 945 ut
995 915 1152 961 opaca
1176 900 1394 947 viderem
1434 905 1498 946 20

113 974 331 1029 Tartara,
359 975 596 1022 descendi
618 993 628 1030 ;
670 991 760 1021 nec
787 975 856 1021 uti
882 975 1054 1022 villosa
1078 976 1294 1022 colubris

113 1050 275 1098 Terna
301 1051 545 1098 Medusaei
570 1051 804 1098 vincirem
831 1058 1034 1113 guttura
1059 1053 1280 1099 monstri.

157 1195 205 1224 14.
231 1194 322 1224 Leues
336 1195 468 1233 populos,
487 1193 556 1224 scil.
580 1194 770 1230 umbrarum,

113 1253 183 1283 quae
196 1243 263 1277 levi,
273 1242 304 1272 id
317 1248 373 1277 est,
382 1241 468 1272 tenui
478 1248 508 1272 et
520 1242 692 1272 umbratico
705 1252 771 1272 cor-

112 1301 184 1332 pore
196 1291 313 1321 indutae
325 1290 474 1321 incedunt
486 1302 494 1328 3
510 1291 619 1321 Horat.
632 1291 657 1320 Ι.
668 1290 730 1321 Od.
740 1302 771 1320 x.

118 1340 165 1370 18.
179 1340 248 1370 levis
261 1341 362 1370 turba.
391 1340 607 1379 Persephonen.
648 1339 771 1369 Proser-

113 1388 228 1430 pinam.
252 1389 302 1419 De
315 1390 469 1419 inumst’nis
484 1390 582 1429 regnis
598 1387 661 1418 redi
676 1388 715 1418 ad
730 1387 772 1418 ir.

116 1436 191 1466 476.
221 1436 402 1466 Umbrarum
417 1439 578 1467 dominum.
597 1436 773 1466 Plutonem.

165 1487 210 1516 16.
237 1486 362 1522 Pulsis;
379 1486 527 1527 pulsatis:
546 1486 649 1516 confer
659 1487 773 1516 v.340.

115 1535 196 1576 Ergo
213 1535 343 1565 formula
362 1536 411 1565 Sic
433 1537 475 1565 ait
497 1535 590 1565 etiam
611 1535 772 1577 praemitti·

116 1590 166 1614 tur
191 1583 333 1619 orationi,
356 1584 436 1625 quod
464 1586 597 1624 negabat
620 1585 773 1614 Burman-

115 1644 172 1663 nus
188 1633 227 1663 ad
244 1633 306 1663 viii.
323 1634 396 1664 618.
443 1634 554 1663 Omnis
571 1640 686 1669 autem,
703 1644 772 1674 quae

114 1682 264 1723 sequitur,
285 1683 383 1713 oratio
405 1688 609 1724 attemperata
631 1683 707 1713 satis
728 1690 774 1712 est

114 1730 242 1761 consilio
257 1730 386 1772 Orphei.
433 1731 508 1760 Mox
529 1731 644 1771 ambigi
661 1737 772 1772 potest,

116 1786 216 1809 utrum
240 1779 401 1819 vulgatum
427 1781 590 1809 decidimus
612 1780 772 1815 defendas,

116 1838 154 1857 an
182 1838 253 1857 cum
278 1827 407 1857 heinsio
436 1829 594 1858 recidimus
618 1827 773 1868 praeferas‚

115 1877 198 1917 quod
214 1882 245 1907 et
260 1876 361 1918 ipsum
383 1877 581 1917 antiquorum
603 1878 683 1907 MSS
700 1887 772 1907 auc-

115 1926 237 1956 toritate
258 1936 289 1955 se
315 1932 426 1955 tuetur.
474 1926 513 1955 Et
532 1925 656 1966 placitis
675 1926 774 1956 Hera-

116 1975 182 2004 cliti
204 1974 317 2010 omnia,
334 1985 403 2015 quae
426 1974 550 2005 interire
572 1975 620 2005 vel
637 1975 712 2004 mori
730 1976 773 2005 vi—

116 2024 237 2058 dentur,
255 2023 285 2054 in
305 2022 391 2065 ᾅδην
414 2026 562 2054 recidunt.
608 2024 676 2054 Cic.
700 2024 776 2054 Nat.

116 2073 160 2103 D.
177 2073 209 2103 ii.
225 2073 277 2103 26.
323 2073 488 2104 “Terrena
505 2073 549 2103 vis
564 2073 663 2103 omnis
679 2078 774 2114 atque

117 2128 227 2152 natura
255 2121 323 2151 Diti
348 2121 428 2162 patri
453 2121 599 2151 dedicata
625 2127 691 2151 est:
721 2122 774 2162 qui

116 2169 226 2205 Dives,
260 2176 294 2200 ut
325 2170 408 2211 apud
443 2171 570 2201 Graecos
600 2170 771 2206 Πλούτων,

117 2219 191 2259 quia
214 2225 245 2249 et
267 2219 408 2250 recidant
431 2220 535 2249 omnia
558 2219 589 2249 in
614 2226 720 2255 terras,
745 2226 776 2250 et

116 2267 254 2298 oriantur
269 2278 284 2297 e
302 2268 422 2298 terris.”
448 2267 617 2298 Claudian.
631 2268 671 2297 R.
685 2269 773 2298 Pros.

117 2316 139 2346 i.
157 2317 210 2347 57.
227 2317 267 2347 de
282 2317 426 2352 Plutone,
444 2321 464 2333 “
477 2317 530 2357 qui
547 2317 637 2347 finem
654 2316 775 2347 cunctis

117 2372 148 2396 et
163 2365 282 2396 semina
298 2366 428 2406 praebes,
449 2365 674 2406 Nascendique
692 2365 776 2395 vices

118 2414 237 2444 alterna
261 2419 357 2444 morte
388 2413 548 2455 rependis:
587 2414 649 2450 Qui
679 2414 773 2444 vitam

119 2464 277 2504 letumque
288 2463 388 2503 regis3
413 2473 481 2493 nam
494 2462 646 2504 quidquid
659 2463 774 2503 ubique

119 2512 229 2553 Gignit
245 2512 401 2548 materies,
417 2512 473 2542 hoc
491 2518 520 2542 te
540 2512 674 2542 donante
690 2522 773 2542 crea-

120 2568 179 2596 tur,
201 2561 407 2601 Debeturque
438 2561 506 2597 tibi,
532 2561 685 2602 certisque
711 2571 776 2590 am-

120 2609 252 2649 bagibus
265 2609 324 2639 aevi
345 2610 464 2640 Rursus
484 2620 644 2651 corporeos
666 2610 775 2640 anima:

121 2657 284 2688 mittuntur
308 2657 339 2688 in
363 2659 478 2689 ortus.‘'
523 2662 601 2695 Quae
630 2659 698 2689 loca
723 2660 776 2688 de-

123 2706 250 2736 fendunt
267 2707 303 2738 τὸ
320 2709 489 2737 recidimus.
515 2707 615 2737 Etiam
634 2707 687 2737 xii.
704 2708 776 2738 523.

839 1204 893 1235 pro
905 1197 1057 1225 decr-usum
1068 1206 1149 1226 unus
1162 1201 1321 1226 retrusum.
1347 1196 1502 1237 Quidquid

839 1245 964 1273 mortale
979 1255 1138 1280 creamur,·
1164 1244 1343 1285 quicunque
1355 1246 1501 1276 mortales

839 1301 993 1322 creamur.
1024 1293 1182 1328 Lucanus,
1198 1292 1250 1322 vii.
1266 1294 1339 1323 363.
1354 1295 1501 1333 quidquid

840 1340 989 1370 hominum
1004 1351 1114 1370 sumus.
1143 1341 1226 1370 Huic
1243 1347 1346 1371 autem
1360 1341 1421 1382 legi
1437 1353 1498 1372 non

840 1388 970 1429 subjecti
1000 1394 1088 1420 erant
1111 1389 1252 1431 praeclari
1277 1390 1425 1421 homines.
1471 1391 1499 1421 Ii

841 1437 923 1468 enim
940 1440 1010 1469 cmlo
1025 1440 1144 1469 demitti
1162 1438 1308 1469 dicuntur
1323 1450 1341 1470 a
1357 1440 1500 1481 Virgilio,

841 1487 911 1518 Ecl.
936 1487 976 1518 iv.
1001 1489 1030 1518 7.
1054 1494 1085 1518 et
1108 1498 1203 1528 quum
1227 1489 1408 1525 moriuntur,
1431 1491 1502 1520 emto

842 1538 1024 1573 reddunt-ur,
1039 1538 1180 1568 caelestem
1199 1541 1330 1568 animam
1348 1540 1417 1570 caelo
1432 1541 1500 1570 red-

841 1588 939 1622 dunt5
964 1585 1079 1616 Vellei.
1095 1586 1128 1616 ii.
1149 1587 1219 1617 123.

888 1635 936 1664 19.
959 1636 1031 1665 Jam
1045 1635 1380 1667 fidemsacitdicendis.
1404 1638 1497 1668 Men-

842 1683 971 1714 dacibus
999 1684 1142 1714 tribuitur
1153 1684 1285 1725 falsum,
1312 1685 1434 1722 fallens,
1461 1699 1499 1721 os,

842 1732 998 1773 iidemque
1011 1734 1182 1773 ambagibus
1196 1733 1360 1763 mendacia
1375 1745 1431 1764 sua
1446 1745 1498 1765 ce-

841 1781 919 1811 lant.
968 1781 1056 1811 Falsa
1073 1793 1124 1811 ora
1140 1781 1183 1811 sic
1201 1781 1294 1812 etiam
1312 1782 1442 1814 Heroid.
1458 1785 1499 1814 vi.

842 1831 882 1860 63
898 1841 905 1866 ;
919 1831 1006 1871 falsa
1018 1831 1125 1871 lingua
1137 1830 1212 1860 ibid.
1231 1830 1281 1860 vii.
1294 1831 1345 1861 67.
1360 1837 1390 1861 et
1406 1843 1498 1873 supra

842 1879 875 1908 ii.
890 1880 964 1909 631.
991 1879 1099 1909 Posles
1113 1880 1306 1920 ambagibus,
1323 1880 1423 1911 missis
1435 1891 1500 1911 am-

842 1928 983 1968 bagibus,
1000 1928 1064 1957 sine
1081 1928 1277 1967 ambagibus.

885 1978 939 2006 20.
966 1977 1034 2006 Non
1054 1977 1121 2012 huc,
1140 1983 1175 2006 ut
1193 1988 1296 2016 opaca,
1320 1977 1396 2017 etc.]
1428 1979 1499 2009 Non

842 2036 921 2056 vano
937 2026 1066 2056 consilio
1082 2025 1143 2055 hue
1159 2026 1307 2056 descendi
1321 2038 1328 2064 3
1357 2027 1411 2057 sed
1427 2038 1499 2058 con-

838 2075 906 2116 jux,
921 2086 984 2116 qua
996 2074 1105 2105 marito
1119 2074 1196 2105 nihil
1206 2075 1306 2106 carius
1318 2086 1383 2106 esse
1395 2076 1500 2112 debet,

842 2134 936 2154 causa
952 2124 1008 2154 viae
1026 2126 1111 2165 justa
1129 2130 1186 2154 est.
1234 2124 1296 2154 Nee
1316 2127 1362 2154 uti
1384 2128 1497 2161 villosa,

842 2179 904 2203 etc.
936 2183 992 2203 nec
1018 2179 1053 2203 ut
1089 2173 1259 2203 Cerberum
1293 2175 1498 2211 extraherem,

843 2221 924 2262 quod
960 2221 1033 2251 fecit
1062 2221 1226 2257 Hercules,
1252 2222 1304 2251 vii.
1340 2224 1402 2252 410
1426 2234 1498 2265 sqq.

843 2270 1041 2301 Antecezlens
1066 2272 1208 2300 vincirem
1237 2277 1380 2311 guttura,
1417 2273 1500 2304 colla

842 2329 896 2359 pro
918 2325 1139 2360 consequente,
1158 2320 1372 2358 extraherem3
1397 2322 1501 2353 vincto

842 2367 923 2397 enim
945 2367 1025 2397 collo
1050 2367 1214 2397 trahuntur
1237 2378 1340 2398 caneS.
1391 2369 1499 2401 Villam

842 2418 980 2449 colubris,
1005 2427 1074 2456 quae
1099 2416 1242 2446 villorum
1266 2417 1334 2446 loco
1358 2418 1499 2449 colubros

843 2464 969 2494 babent.
1014 2464 1064 2494 Sic
1083 2475 1144 2494 ver.
1161 2465 1233 2495 349.
1248 2468 1374 2496 crinitas
1390 2479 1500 2507 ungue.

843 2513 1011 2543 Claudiam.
1041 2513 1139 2553 Nupt.
1169 2513 1254 2543 Hon.
1285 2515 1358 2545 223.
1387 2518 1498 2547 crinita

842 2563 969 2601 sagittis.
1019 2562 1199 2591 Μσάιιειιίιηι1
1226 2569 1400 2599 monstrum,
1425 2565 1499 2605 quia

845 2609 996 2645 Echidna,
1018 2621 1087 2650 quae
1112 2610 1279 2640 Cerberum
1305 2612 1435 2653 peperit,
1460 2625 1497 2643 ex

842 2659 1010 2700 'l'ypbaone
1033 2665 1063 2689 et
1088 2658 1222 2689 Medusa
1242 2667 1412 2701 prognata;
1433 2663 1496 2693 lle-

844 2706 958 2742 siodus,
974 2707 1130 2747 Theogon.
1147 2708 1209 2739 ‘295
1226 2719 1296 2749 sqq.
1314 2715 1344 2740 et
1358 2711 1430 2740 306.
