1779 3130
385 163 1008 206 METAMORPHOSEON
1041 163 1161 206 LIB.
1191 165 1283 207 IX.
1426 167 1510 208 115

122 275 236 323 Non
262 277 533 340 exploratis
559 278 759 342 implevi
784 278 937 325 lintea
959 278 1136 326 ventis.

120 351 329 399 Auferor
353 353 403 399 in
429 354 659 416 scopulos
686 354 849 416 igitur,
877 356 1235 418 submersaque
1259 362 1364 403 toto

118 428 318 475 Obruor
340 428 543 476 Oceano
567 447 576 486 ;
607 445 771 492 neque
796 431 982 478 habent
1002 447 1114 478 mea
1129 432 1238 479 vela
1257 447 1501 481 recursus.

119 503 285 557 Quid?
312 506 446 567 quod
472 512 522 552 et
546 505 794 553 ominibus
820 508 969 554 certis
996 507 1294 571 prohibebar
1319 510 1470 556 amori

117 578 384 642 Indulgere
409 597 535 636 meo,
562 589 666 628 tum
693 598 847 644 quum
873 583 992 629 mihi
1016 583 1142 630 ferre
1161 584 1358 645 jubenti
1406 588 1501 633 595

118 654 336 712 Excidit,
360 664 410 704 et
429 656 548 705 fecit
573 674 688 720 spes
715 666 910 705 nostras
935 675 1049 706 cera
1074 659 1323 707 caducas?

117 731 297 779 Nonne
318 733 394 779 vel
419 733 504 779 illa
527 733 634 780 dies
659 733 833 791 fuerat,
860 735 937 781 vel
963 741 1068 781 tota
1090 736 1334 791 voluntas,

117 807 218 855 Sed
240 809 405 872 potius
431 810 669 857 mutanda
692 811 828 857 dies?
866 811 1004 858 Deus
1030 811 1138 874 ipse
1164 813 1414 867 monebat,

118 884 374 947 Signaque
398 893 534 933 certa
557 887 725 941 dabat,
753 887 794 933 si
821 903 917 933 non
943 888 1070 934 male
1096 903 1218 934 sana
1240 887 1462 935 fuissem.

116 959 181 1007 Et
206 968 372 1008 tamen
396 961 505 1025 ipsa
527 962 681 1024 loqui,
704 978 795 1009 nec
822 979 900 1010 me
926 963 1235 1010 committere
1254 980 1379 1010 cerae
1405 967 1502 1011 600

115 1036 414 1093 Debueram,
443 1054 764 1101 praesensque
789 1055 925 1086 meos
952 1040 1143 1102 aperire
1169 1039 1373 1086 furores.

113 1112 336 1160 Vidisset
360 1114 586 1161 lacrimas
609 1133 619 1171 ;
660 1115 824 1161 vultus
849 1115 1054 1161 vidisset
1079 1116 1318 1163 amantis:

115 1187 265 1236 Plura
288 1190 424 1253 loqui
449 1197 690 1253 poteram,
719 1207 869 1253 quam
895 1207 1007 1253 quae
1032 1207 1210 1254 cepere
1236 1192 1449 1239 tabellae.

114 1265 273 1312 Invito
299 1266 437 1329 potui
463 1267 771 1314 circumdare
799 1267 1000 1314 brachia
1020 1268 1176 1324 collo;

111 1341 465 1406 Amplectique
490 1343 661 1406 pedeS,
683 1343 943 1405 affusaque
969 1360 1176 1406 poscere
1196 1344 1347 1390 vitam
1369 1361 1378 1391 :
1404 1346 1500 1392 605

113 1417 195 1473 Et,
223 1420 263 1466 si
288 1422 533 1483 rejicerer,
560 1421 699 1484 potui
725 1421 961 1467 moritura
983 1420 1154 1467 videri.

113 1495 295 1544 Omnia
315 1497 572 1554 fecissem3
614 1513 824 1559 quorum
851 1497 891 1543 si
917 1497 1112 1559 singula
1136 1497 1310 1544 duram

110 1571 334 1620 Flectere
359 1589 456 1620 non
482 1581 724 1637 poterant,
746 1573 1026 1636 potuissent
1051 1573 1233 1627 omnia,
1257 1580 1495 1621 mentem.

111 1647 337 1695 Forsitan
361 1657 412 1696 et
435 1650 571 1696 missi
598 1649 663 1696 sit
689 1650 919 1711 quaedam
946 1649 1094 1712 culpa
1117 1648 1346 1695 ministri.

834 1811 1010 1847 consilium,
1036 1811 1181 1853 abjicere.
1227 1812 1350 1842 Monere
1377 1812 1497 1853 proprie

151 1812 226 1842 592.
248 1812 391 1853 Auferor,
417 1813 494 1852 etc.]
521 1813 631 1843 Amor.
660 1814 703 1844 ΙΙ.
725 1813 766 1844 iv,

834 1862 873 1892 de
910 1861 1076 1897 ominibus,
1114 1860 1263 1902 auguriis,
1293 1867 1353 1891 etc.
1411 1861 1495 1891 Male

109 1860 148 1889 8:
174 1860 320 1901 Auferor,
342 1867 378 1890 ut
401 1863 506 1901 rapida
525 1865 641 1892 cimcita
660 1865 768 1902 puppis

106 1920 196 1949 aqua.

150 1959 224 1989 594.
245 1958 347 1992 Quid?
370 1960 446 1999 quod
469 1965 495 1988 et
517 1960 671 1994 ominibus,
688 1958 764 1998 etc.]

109 2007 155 2037 Ex
185 2018 268 2037 more
296 2007 577 2049 superstitiosorum
608 2008 766 2038 hominum

106 2055 175 2086 haec
204 2056 299 2091 dicta,
325 2056 390 2097 qui,
413 2056 466 2087 ubi
496 2056 617 2087 adversi
646 2055 766 2097 aliquid

106 2104 143 2135 iis
180 2105 306 2141 accidit,
333 2105 365 2135 id
393 2105 464 2136 inde
497 2112 652 2147 repetunt,
683 2105 766 2146 quod

105 2152 260 2183 ominibus
297 2164 358 2183 non
395 2154 577 2195 paruerint3
617 2154 766 2195 Virgilius

105 2201 175 2231 Ecl.
187 2201 209 2232 i.
230 2202 279 2232 16.
308 2202 399 2232 Certa
413 2204 512 2232 omina
528 2209 559 2232 et
574 2204 660 2244 signu
677 2202 765 2243 (vide

105 2248 137 2280 in
152 2250 244 2280 finem
261 2250 359 2290 notae)
375 2256 448 2281 sunt
462 2252 636 2293 perspicua,
647 2256 677 2282 et
693 2262 764 2293 opp.

105 2300 244 2335 obscuris,
267 2311 336 2341 quae
359 2300 484 2330 dubites
511 2311 550 2330 an
575 2300 686 2331 ominis
701 2301 764 2330 vim

106 2347 252 2378 habeant.
291 2348 452 2389 Virgilius,
484 2351 603 2390 Georg.
635 2349 657 2379 i.
690 2350 764 2379 229.

106 2397 186 2427 haud
200 2399 319 2427 obscura
336 2400 433 2438 signat.
482 2399 579 2434 Fecit,
598 2404 658 2429 etc.
683 2399 764 2429 Cera

105 2444 225 2476 caduca
241 2446 407 2486 portendit,
421 2458 506 2488 spem
523 2458 646 2488 quoque
662 2457 762 2476 meam

103 2503 170 2523 esse
186 2496 341 2530 caducum,
358 2495 389 2524 id
403 2502 459 2530 est,
474 2506 583 2525 vanam
601 2508 608 2533 3
637 2496 763 2524 Caducae

103 2554 213 2582 preces,
231 2543 253 2573 i.
280 2543 365 2574 Fast.
386 2545 458 2574 181.
497 2545 554 2574 Sed
574 2546 671 2582 potius
699 2555 763 2573 mu-

106 2592 199 2621 tanda
221 2593 282 2621 dies
305 2593 385 2623 bene
408 2592 448 2622 ad
475 2593 587 2622 amoris
612 2591 761 2622 ardentis-

104 2639 172 2669 simi
193 2641 355 2671 veritatem
381 2641 557 2683 repetitum,
582 2651 678 2682 quum
703 2650 761 2670 non

106 2688 269 2720 sustineret
307 2696 394 2720 totam
435 2691 625 2723 volunlatem,
664 2695 760 2718 mium

832 1922 916 1946 sana,
943 1909 1075 1948 insana3
1101 1909 1252 1951 Virgilius
1280 1912 1305 1940 si
1332 1920 1412 1940 mens
1436 1921 1496 1941 non

835 1960 1039 2000 Iaerafuisset.

878 2010 953 2039 600.
980 2009 1021 2038 Et
1038 2014 1136 2038 tamen
1152 2010 1214 2047 ipsa
1231 2008 1320 2047 loqui,
1336 2007 1414 2047 εἰς]
1434 2007 1496 2038 Co-

834 2068 899 2088 ram
924 2057 1047 2093 melius,
1064 2068 1159 2098 quam
1180 2057 1287 2091 literis,
1309 2055 1433 2086 fratrem
1449 2054 1495 2086 vi-

834 2106 956 2136 cissem.
990 2106 1058 2144 Ipsa
1075 2115 1191 2140 coram,
1207 2116 1278 2146 opp.
1295 2104 1403 2134 literis.
1443 2105 1496 2134 Me

833 2165 904 2185 cum
927 2154 957 2185 vi
981 2154 1113 2190 dictum,
1138 2153 1182 2188 id,
1209 2153 1291 2183 unde
1316 2152 1401 2182 salus
1426 2162 1497 2183 mea

832 2203 959 2244 pendet.
1004 2202 1106 2233 Etiam
1130 2204 1311 2232 committere
1332 2202 1417 2231 verb.
1441 2201 1496 2231 de-

833 2252 960 2282 lectum.
1002 2253 1075 2282 Jam
1092 2250 1213 2292 singula
1231 2254 1364 2284 enarrat,
1382 2248 1495 2289 quibus

832 2311 969 2342 praesens
997 2300 1099 2330 fratris
1130 2299 1267 2330 animum
1292 2298 1340 2328 vel
1371 2298 1493 2328 mollem

832 2360 966 2385 movere,
985 2349 1034 2379 vel
1059 2349 1170 2378 durum
1189 2348 1310 2377 vincere
1334 2352 1365 2376 et
1384 2356 1495 2387 cogere

832 2399 994 2428 tenuisset.
1053 2398 1131 2426 Sunt
1168 2402 1270 2426 autem
1299 2395 1353 2424 illa
1383 2404 1490 2424 aman-

832 2448 921 2482 tium,
940 2446 1124 2481 (lolentium‚
1139 2443 1403 2485 persuadentium,
1419 2453 1493 2484 sup-

831 2496 960 2536 plicum,
976 2494 1220 2535 desperantium.
1268 2491 1407 2532 Afficsnm
1428 2491 1491 2522 sive

832 2545 1005 2573 advolutum
1022 2542 1159 2580 amplecti
1173 2542 1257 2579 pedes
1274 2545 1327 2569 aut
1342 2540 1491 2569 ‹zdhoerere

829 2595 952 2633 genibus*
978 2591 1071 2621 etiam
1101 2590 1209 2619 Roma:
1242 2590 1386 2628 frequens
1411 2598 1487 2628 sup-

830 2641 1012 2683 plicantium
1051 2649 1137 2676 111083
1178 2637 1307 2671 Plinius,
1339 2636 1398 2666 IX.
1430 2636 1489 2677 Ep.

832 2689 896 2720 xxi.
923 2692 945 2719 Ι,
