1779 3130
358 161 975 204 METAMORPHOSEON
1010 161 1127 203 LIB.
1162 161 1253 203 XI.

1410 162 1494 202 ‘247

118 276 422 338 Ambiguus3
464 294 560 324 non
587 278 681 324 ista
703 277 840 339 vagis
868 276 1144 323 rumoribus
1166 276 1333 323 audis:

118 351 233 414 Ipse
253 369 344 413 ego
369 352 471 400 fata
491 353 579 399 tibi
603 368 819 415 praesens
846 368 956 399 mea
980 352 1243 414 naufragus
1269 351 1379 399 edo.

121 427 296 489 Surge,
323 444 441 489 age;
473 429 537 474 da
561 428 817 483 lacrimas3
846 429 1173 490 lugubriaque
1192 428 1369 485 indue3
1405 444 1496 475 nec

123 503 494 566 Indeploratum
521 504 611 549 sub
637 503 800 550 inania
825 503 1030 550 Tartara
1053 503 1245 550 mitte.''

1397 505 1499 565 [me

119 579 308 641 Adjicit
331 580 406 625 his
431 595 603 626 vocem
625 579 916 641 Morpheus,
940 595 1090 641 quam
1116 579 1342 642 conjugis
1368 580 1451 627 illa

122 655 361 702 Crederet
386 671 495 702 esse
522 657 624 702 sui:
666 655 812 701 fletus
835 671 1037 717 quoque
1062 654 1268 702 fundere
1294 672 1433 702 veros

120 731 269 777 Visus
295 739 422 786 erat;
453 739 750 794 gestumque
778 747 950 778 manus
979 731 1162 794 Ceycis
1182 732 1451 779 habebant.

122 807 337 869 Ingemit
363 807 622 871 Halcyone
644 809 922 863 lacrimans,
950 814 1206 870 motatque
1232 810 1442 856 lacertos

122 883 220 930 Per
239 900 487 941 somnum3
507 901 787 947 corpusque
803 893 977 948 petens
995 885 1309 947 amplectitur
1325 901 1466 932 auras
1488 902 1498 932 :

125 959 509 1022 Exclamatque;
532 966 561 984 “
577 961 786 1008 Mane...
806 977 904 1022 quo
920 969 969 1007 te
986 961 1146 1023 rapis?
1164 961 1342 1007 ibimus
1358 961 1504 1008 una.’'

124 1036 259 1083 Voce
285 1053 389 1091 sua,
418 1037 685 1099 specieque
709 1036 797 1082 viri
823 1037 1021 1082 turbata
1046 1051 1274 1098 soporem

1408 1040 1502 1083 677

128 1111 355 1167 Excutit;
396 1121 446 1159 et
469 1113 626 1175 primo
651 1113 691 1159 si
717 1113 781 1159 sit
805 1112 1142 1175 circumspicit
1166 1111 1282 1166 illic,

127 1187 239 1241 Qua
263 1189 407 1235 modo
432 1189 565 1235 visus
592 1196 725 1235 erat:
767 1203 881 1234 nam
908 1188 1024 1234 moti
1051 1203 1172 1234 voce
1198 1188 1405 1234 ministri

129 1263 406 1311 Intulerant
430 1265 622 1311 lumen:
662 1273 926 1328 postquam
952 1281 1047 1311 non
1069 1265 1254 1311 invenit
1278 1281 1505 1328 usquam,

132 1339 357 1388 Percutit
371 1357 456 1387 ora
470 1357 633 1397 manu,
657 1342 910 1404 laniatque
933 1357 961 1388 a
979 1348 1181 1404 pectore
1196 1348 1376 1397 vesteS,
1413 1345 1502 1389 681

171 1514 245 1545 670.
261 1516 330 1550 Sub,
347 1516 390 1551 in,
407 1523 524 1546 tartara
545 1519 662 1546 mittere
677 1516 787 1547 dieun-

130 1569 179 1593 tur
189 1563 241 1604 qui
257 1563 333 1594 alios
345 1565 518 1595 trucidant:
538 1565 591 1595 sed
609 1575 690 1595 nunc
705 1568 788 1596 mitte

130 1617 188 1647 est,
218 1612 283 1643 sine
310 1613 509 1644 descendere.
563 1613 685 1647 Ιιιαιιία,
715 1614 789 1655 quia

132 1661 248 1690 umbrae
275 1661 317 1691 ibi
341 1661 462 1692 inanes.
497 1662 654 1698 Horatius,
676 1664 705 1693 I.
726 1663 788 1694 Od.

132 1708 173 1739 iv.
194 1710 243 1739 17.
261 1712 362 1740 domus
377 1712 460 1741 exilis
475 1711 630 1741 Plutonia.

175 1758 249 1788 673.
273 1759 452 1798 Gestumque
474 1770 587 1794 manus,
603 1760 684 1799 εἴα]
714 1759 788 1790 Pla-

134 1807 243 1842 nudes,
266 1815 468 1848 sceptrumque
490 1820 595 1838 manus
612 1809 715 1848 Ceycis
737 1809 788 1838 Ῐια-

134 1858 256 1886 bebant.-
279 1857 333 1887 καὶ
356 1859 526 1897 σκῆπτρον
550 1858 590 1898 τῇ
614 1858 695 1898 χειρὶ
714 1858 789 1898 εἶχε.

134 1903 227 1945 Regii
243 1904 335 1935 nostri
347 1911 530 1946 gestumque,
542 1910 603 1936 etc.
627 1906 708 1936 Vide
720 1916 789 1946 quae

135 1953 253 1983 notavit
277 1953 317 1983 ad
343 1953 425 1984 hunc
447 1954 561 1990 locum,
584 1955 644 1985 vol.
663 1964 730 1995 seq.
756 1955 790 1985 C.

137 2001 324 2032 Boissonade.

177 2051 252 2081 677.
272 2051 327 2081 Sui
347 2061 364 2081 e
385 2061 437 2082 sex
454 2051 547 2081 MSS.
561 2050 679 2091 recepit
694 2051 791 2080 Hein-

134 2098 198 2129 sius
222 2098 295 2140 quia
319 2109 422 2129 versus
450 2105 511 2129 tres
539 2098 676 2140 proxime
705 2105 791 2129 ante-

136 2147 284 2177 cedentes
307 2147 424 2188 spurios
447 2147 633 2188 judicabat:
665 2146 712 2177 sin
741 2158 793 2178 eos

136 2202 271 2231 tuemur,
302 2196 410 2236 utique
439 2196 606 2236 legendum
633 2195 689 2226 erit
723 2196 794 2227 Voce

136 2255 201 2274 sua.
246 2245 352 2285 Atque
367 2244 424 2274 hoc
441 2255 498 2284 ego
513 2243 620 2279 malui,
636 2254 707 2274 nam
722 2254 793 2275 mox

137 2293 269 2323 ministri
304 2293 465 2324 traduntur
502 2293 576 2323 moti
609 2303 676 2324 esse
714 2304 792 2329 voce,

138 2352 249 2382 nempe
286 2341 475 2381 HalcyoneS.
533 2341 665 2371 Somniis
700 2342 795 2373 territi

137 2401 221 2432 saepe
246 2391 347 2421 solent
364 2391 504 2421 membra
526 2401 661 2426 movere,
678 2390 795 2422 clamo-

138 2449 248 2481 resque
267 2440 387 2475 tollere,
406 2440 519 2481 quibus
538 2440 693 2471 excutitur
714 2451 793 2471 som·

140 2498 208 2524 nus,
234 2488 329 2529 idque
350 2499 382 2518 se
408 2488 516 2519 secisse
544 2488 704 2529 Halcyone
729 2489 796 2530 ipsa

140 2547 211 2567 mox
239 2542 342 2567 narrat
367 2547 430 2568 ver.
456 2537 531 2568 687.
578 2537 695 2574 Quidni
723 2548 796 2578 ergo

142 2585 254 2616 Noster
268 2585 301 2616 id
314 2586 475 2622 notaverit,
484 2586 537 2627 qui
554 2586 631 2616 nihil
646 2586 709 2616 fere
724 2597 797 2628 sup-

142 2634 255 2674 primit,
268 2635 349 2675 quod
360 2635 545 2668 inexhausta
559 2636 625 2677 ejus
633 2634 798 2677 phantasia

145 2683 202 2724 ipsi
218 2683 393 2725 suppeditat
405 2685 416 2713 ’ἒ

897 1518 970 1547 679.
999 1517 1146 1551 Ministri,
1173 1517 1264 1552 servi,
1289 1518 1341 1558 qui
1368 1517 1406 1547 ad
1433 1517 1511 1549 sores

855 1564 992 1595 cubiculi
1009 1564 1153 1595 dominici
1169 1565 1334 1601 excubare,
1346 1570 1388 1601 et,
1398 1565 1422 1596 si
1433 1566 1510 1607 quid

855 1613 1021 1649 accideret,
1037 1619 1148 1655 praesto
1168 1624 1246 1648 esse,
1264 1613 1368 1644 lumen
1388 1614 1510 1651 inferre,

855 1667 917 1692 etc.
943 1662 1103 1700 solebant;
1127 1662 1198 1693 vide
1216 1663 1380 1693 Drakenb.
1400 1663 1439 1694 ad
1463 1664 1510 1694 Si-

855 1711 943 1747 lium,
964 1711 984 1742 i.
1000 1712 1051 1741 66.
1070 1711 1122 1742 ubi
1145 1711 1257 1749 famuli
1277 1713 1316 1741 ad
1339 1713 1443 1742 limina
1459 1723 1512 1743 vo-

856 1765 976 1790 cantur.

900 1808 975 1838 681.
993 1810 1018 1838 Α
1032 1814 1149 1847 pectore
1167 1807 1397 1850 βραχυλόγως,
1415 1810 1512 1840 laniat

858 1863 946 1886 vestes
961 1856 999 1886 de
1015 1856 1149 1887 detrahit
1170 1868 1188 1885 a
1208 1863 1334 1895 pectore,
1350 1863 1383 1887 ut
1398 1856 1440 1887 ix.
1456 1859 1510 1888 58.

857 1907 928 1935 solii
950 1907 1039 1936 duros
1061 1917 1079 1934 a
1096 1911 1211 1944 pectore
1232 1916 1334 1935 nexus.
1379 1905 1443 1936 Nec
1457 1908 1513 1937 sol-

858 1965 923 1984 vere
951 1961 1051 1989 curat,
1076 1964 1137 1983 non
1165 1959 1284 1984 tantum
1313 1955 1460 1995 temporis
1483 1961 1515 1986 et

858 2012 958 2043 operae
974 2002 1138 2044 impendit,
1154 2008 1189 2032 ut
1200 2002 1309 2038 solvat,
1322 2002 1376 2033 sed
1390 2005 1513 2035 scindit.

858 2051 920 2081 III.
940 2052 1034 2082 Trist.
1051 2051 1095 2081 iii.
1116 2051 1171 2082 51.
1192 2052 1288 2082 Parce
1311 2058 1409 2082 tamen
1437 2054 1514 2083 lace-

857 2111 927 2130 rare
953 2111 1055 2141 genas,
1080 2111 1133 2131 nec
1161 2102 1261 2131 scinde
1286 2102 1418 2140 capillos.
1463 2101 1515 2132 So-

859 2149 1100 2180 lantia—verba.
1148 2149 1344 2190 Schepperus
1385 2150 1517 2190 putabat

859 2198 953 2228 verba
977 2197 1076 2238 magis
1102 2197 1263 2239 pathetica
1285 2197 1358 2233 fore,
1381 2197 1407 2227 si
1431 2198 1518 2239 legas

859 2247 1002 2276 solamina
1027 2247 1122 2276 tollite
1143 2252 1250 2276 vestra.
1297 2245 1417 2276 Passim
1433 2246 1516 2287 apud

861 2295 1008 2325 Nostrum
1032 2297 1198 2334 precantia,
1218 2296 1391 2330 narrantia,
1416 2296 1518 2335 indig-

861 2347 979 2379 nantia,
1007 2345 1155 2383 jarantia
1187 2344 1286 2378 verba,
1315 2348 1347 2373 et
1382 2343 1517 2381 similia;

861 2402 950 2422 serva
965 2392 1058 2432 igitur
1078 2391 1243 2422 lectionem
1262 2390 1403 2421 codicum
1419 2392 1519 2422 solan-

862 2443 915 2471 tia.
968 2441 1019 2470 De
1047 2441 1174 2470 solantia
1201 2440 1287 2469 verba
1315 2438 1379 2469 vid.
1409 2439 1449 2469 ad
1475 2440 1519 2470 ix.

866 2490 935 2520 159.
982 2489 1100 2523 Tollite,
1125 2489 1327 2518 intermittite.
1360 2487 1518 2523 Horatius,

863 2537 924 2567 Od.
938 2536 958 2567 i.
971 2537 1022 2567 27.
1039 2538 1133 2566 tollite
1146 2537 1304 2565 barbarum
1315 2546 1431 2566 morem.
1455 2536 1517 2566 Ve-

864 2591 912 2615 tus
927 2590 1019 2626 poeta
1042 2584 1125 2626 apud
1133 2584 1334 2619 ciceronem,
1349 2584 1405 2614 Or.
1419 2584 1452 2614 ii.
1466 2585 1518 2616 46.

863 2634 982 2675 auferte
997 2635 1083 2665 istam
1096 2635 1172 2664 enim
1187 2634 1362 2672 superbiam.
