1779 3130
371 156 990 199 METAMORPHOSEON
1024 157 1142 199 LIB.
1177 157 1266 198 XI.

1435 153 1520 198 225

140 270 381 318 Vulnerat
405 278 694 326 armentum,
723 272 996 334 sternitque
1021 272 1264 319 hostiliter
1288 286 1448 318 omne.

139 347 263 395 Pars
289 362 490 409 quoque
514 347 577 392 de
603 347 744 393 nobis
768 347 964 394 funesto
991 347 1160 394 saucia
1184 363 1366 401 morSU,

140 423 273 469 Dum
299 422 631 477 defensamus,
658 422 757 468 leto
783 430 860 469 est
884 423 1028 469 data:
1069 423 1309 485 sanguine
1334 423 1451 468 litus

140 497 388 560 Undaque
408 498 564 560 prima
579 498 772 552 rubent,
789 498 1160 560 demugitaeque
1175 499 1398 560 paludes
1422 500 1517 544 375

140 574 242 621 Sed
267 589 403 619 mora
427 574 665 620 damnosa
688 582 780 629 est,
808 591 899 621 nec
925 592 1001 621 res
1027 575 1253 621 dubitare
1277 573 1498 620 remittit.

138 649 272 695 Dum
297 656 526 712 superest
549 649 754 712 aliquid,
781 651 946 696 cuncti
972 666 1220 705 coeamus,
1248 657 1298 696 et
1322 665 1472 704 arma,

137 727 289 772 Arma
313 741 647 788 capessamus,
675 727 1041 788 conjunctaque
1067 727 1166 772 tela
1190 725 1432 780 feramus;

136 802 346 848 Dixerat
369 803 576 863 agrestis
596 819 606 848 ε
646 818 736 848 nec
764 801 917 849 Pelea
940 802 1121 848 damna
1145 802 1437 855 movebant3

136 878 254 934 Sed,
282 894 469 925 memor
493 877 712 933 admissi,
741 877 958 924 Nereida
982 877 1169 938 colligit
1192 877 1361 923 orbam
1420 878 1516 921 380

137 954 333 1000 Damna
353 970 441 1000 suo
462 953 658 1000 inferias
685 954 907 1001 extincto
933 954 1129 1000 mittere
1156 953 1344 999 Phoco

136 1030 351 1077 Induere
373 1046 507 1076 arma
530 1031 673 1086 viros,
700 1031 1014 1093 violentaque
1040 1045 1234 1076 sumere
1259 1030 1357 1075 tela

137 1107 250 1154 Rex
268 1107 414 1169 jubet
440 1107 647 1161 OEtaeus,
673 1122 786 1152 cum
812 1108 923 1169 quis
950 1106 1095 1152 simul
1120 1106 1227 1168 ipse
1252 1104 1460 1168 parabat

135 1182 240 1231 Ire:
281 1183 367 1230 sed
388 1182 647 1245 Halcyone
672 1184 854 1245 conjux
879 1183 1045 1229 excita
1068 1182 1283 1228 tumultu

177 1323 252 1352 374.
291 1322 509 1363 Desensamus:
541 1323 580 1352 de
608 1323 666 1353 hoc
696 1323 790 1353 verbo

133 1371 204 1401 vide
231 1370 270 1401 ad
297 1371 352 1401 xii.
377 1373 450 1401 376.
510 1372 655 1411 [sudoque
682 1374 791 1410 prima.

132 1418 226 1455 Quod
249 1423 296 1449 est
318 1419 504 1460 principium
528 1419 692 1455 undarum,
708 1419 790 1460 quod

132 1466 205 1497 litus
234 1467 354 1498 lambit.
399 1468 573 1508 Demugire,
597 1467 792 1508 singulariter

133 1515 262 1552 dictum,
279 1516 399 1557 mugitu
415 1516 555 1557 implere.

177 1565 252 1595 376.
278 1566 348 1600 Res,
363 1565 494 1595 vastatio
510 1565 585 1606 lupi.
632 1566 791 1601 Dubitare,

134 1614 265 1644 dubium
284 1619 315 1644 et
331 1614 531 1644 fluctuantem
552 1614 702 1649 cunctari,
719 1625 791 1644 con-

132 1662 202 1693 silia
214 1662 361 1693 conferre.
376 1662 526 1697 Reminit,
536 1662 618 1697 sinit,
630 1662 791 1703 permittit,

134 1717 169 1741 ut
184 1722 216 1741 x.
234 1712 307 1741 330.
333 1711 482 1745 Cueamns,
499 1717 533 1741 ut
548 1721 609 1741 ver.
622 1713 674 1742 24,
698 1713 793 1742 Arma

133 1760 180 1790 bis
196 1759 240 1790 ita
254 1759 326 1800 poni
342 1760 420 1789 solet
436 1759 467 1789 in
482 1759 538 1789 illa
555 1759 685 1790 formula
698 1772 705 1797 ;
720 1759 790 1790 vide

133 1808 307 1839 Heinsium.
334 1808 502 1847 szjunccn
514 1819 579 1849 pro,
590 1808 790 1849 conjunctim.

177 1858 251 1888 379.
277 1857 443 1891 Nec—sed,
459 1867 520 1887 non
545 1862 619 1892 tam,
635 1867 740 1898 quam,
757 1862 791 1887 ut

133 1911 218 1936 recte
234 1906 431 1935 Burmannus
446 1910 552 1935 contra
567 1905 685 1946 Tanaq.
714 1906 790 1936 Fab.

135 1954 188 1994 qui
209 1953 334 1995 corrigit
349 1960 376 1984 et
394 1954 496 1984 Pelea.
541 1954 680 1989 Admissi,
696 1954 791 1985 caedis

133 2003 275 2033 fraternae
310 2007 504 2043 perpetratae.
557 2002 677 2039 Nereis,
715 2003 790 2033 Psa-

134 2050 250 2085 mathe,
279 2050 376 2080 Nerei
404 2049 479 2085 filia,
510 2060 547 2080 ex
581 2060 644 2090 qua
672 2052 791 2082 AEacus

133 2099 272 2129 Phocum
295 2104 455 2139 genuerat.
502 2099 638 2140 Colligit,
658 2099 791 2139 judicat,

133 2147 302 2178 existimat.
341 2147 411 2183 Suo,
427 2147 490 2177 filio
504 2158 571 2178 suo.
609 2149 681 2178 Non
698 2147 792 2189 igitur

135 2195 284 2226 assentior
309 2196 436 2226 Heinsio
462 2198 572 2227 damna
597 2199 653 2231 sui,
677 2196 709 2226 id
733 2203 790 2233 est,

134 2245 251 2274 damna
265 2254 332 2279 sua,
349 2254 365 2274 e
380 2245 472 2275 MSS.
489 2245 646 2274 nonnullis
662 2245 790 2275 vetusti-

134 2293 239 2323 oribus
253 2292 438 2334 praeferenti.
466 2292 599 2334 Inserice,
615 2302 704 2323 sacra
720 2293 790 2323 Diis

135 2342 286 2372 Manibus
300 2340 462 2381 placandis
475 2340 568 2377 saeta,
584 2351 652 2382 quae
670 2341 790 2382 proprie

135 2390 282 2420 dicuntur
295 2391 375 2420 mitti
390 2389 522 2429 etserrz'.
566 2391 671 2426 Quum
690 2390 792 2420 caedes

135 2438 220 2470 facta
231 2444 328 2469 morte
341 2443 395 2469 aut
406 2438 518 2479 insigni
528 2437 688 2479 parricidae
702 2437 792 2468 clade

136 2493 364 2528 compensatur,
380 2487 435 2517 Dii
453 2487 600 2517 dicuntur
614 2486 791 2517 interfecto-

137 2546 200 2565 rem
226 2542 280 2566 aut
303 2535 360 2566 illa
385 2537 500 2567 damna
525 2536 653 2576 inferias
677 2538 794 2566 mittere

137 2583 319 2622 interfect03
341 2585 453 2616 Horat.
470 2585 516 2616 II.
532 2585 593 2616 Od.
609 2585 629 2615 i.
642 2585 696 2616 27.
709 2585 793 2616 Juno

137 2634 282 2664 victorum
301 2640 416 2673 nepotes
436 2633 568 2664 Rettulit
588 2634 715 2677 inferias
732 2634 790 2664 Ju—

135 2681 265 2721 gurthae.

182 2729 279 2759 VOL.
298 2730 357 2761 IV.

901 1323 977 1352 382.
996 1322 1127 1352 induere
1143 1331 1227 1350 arma
1246 1322 1329 1355 viros,
1346 1318 1426 1358 εἴα]
1454 1317 1514 1347 Hic

859 1380 983 1411 quoque
1011 1380 1109 1399 mores
1139 1379 1210 1399 suos
1235 1367 1386 1398 amabiles
1415 1372 1518 1396 servat

859 1420 961 1460 Ceyx.
1008 1420 1112 1458 Agma,
1135 1417 1269 1457 galeam,
1291 1415 1428 1450 loricam,
1451 1415 1516 1454 cly-

858 1478 962 1508 peum,
980 1477 1049 1508 quae
1072 1465 1324 1496 vestimentorum
1349 1463 1454 1498 instar,
1472 1464 1517 1492 in-

858 1518 1009 1551 (luuntur,
1034 1525 1167 1555 namque
1192 1514 1287 1544 etiam
1310 1512 1428 1553 clypeis
1454 1512 1517 1541 loro

860 1571 913 1595 aut
939 1575 1021 1595 ansae
1054 1563 1220 1593 insertatur
1248 1561 1382 1592 sinistra.
1435 1560 1515 1595 Tela,

859 1613 1011 1654 gladium,
1031 1613 1150 1654 jacula,
1175 1612 1313 1652 sagittas,
1339 1609 1451 1650 quibus
1474 1611 1517 1639 vis

859 1662 997 1693 infertur.
1046 1662 1167 1695 (Eleius,
1190 1659 1265 1700 quia
1285 1658 1452 1688 Trachinia
1473 1656 1519 1687 vi-

860 1711 929 1742 cina
945 1712 1025 1742 OEtae
1048 1710 1157 1740 monti.
1203 1708 1299 1739 Multi
1322 1708 1414 1737 MSS.
1429 1708 1517 1736 ‹sthe-

859 1761 934 1795 wius,
951 1759 1034 1801 quod
1048 1758 1218 1799 explicant,
1233 1757 1399 1791 sidereum,
1414 1755 1518 1797 splen—

859 1809 985 1839 didam:
1012 1809 1082 1842 imo,
1105 1807 1157 1848 qui
1173 1807 1353 1840 aetheream,
1371 1804 1438 1834 scil.
1451 1814 1516 1834 coe-

858 1858 965 1888 lestem
982 1857 1129 1898 originem
1146 1856 1240 1886 habet
1254 1868 1259 1884 :
1277 1854 1347 1885 vide
1366 1864 1427 1884 ver.
1442 1854 1517 1883 271.

858 1906 907 1937 Sic
919 1906 1013 1937 etiam
1023 1917 1087 1936 ver.
1100 1906 1174 1936 445.
1188 1906 1318 1935 sidereus
1332 1902 1401 1944 capi
1412 1902 1518 1932 debet.

901 1955 975 1985 384.
1004 1954 1061 1984 Sed
1096 1954 1253 1993 Halcyone
1287 1953 1405 1990 cnrzjuoe,
1436 1949 1514 1989 etc.]

858 2003 944 2044 Apta
961 2003 1027 2034 haec
1048 2002 1173 2044 ingenio
1189 2000 1331 2032 muliebri
1345 2012 1351 2029 :
1377 2001 1469 2029 arciri
1485 2005 1517 2028 et

859 2053 983 2082 excitari
1008 2050 1155 2081 dicuutur
1178 2050 1231 2091 qui
1258 2056 1312 2079 aut
1337 2047 1435 2079 vocati
1464 2052 1519 2077 aut

858 2099 1068 2142 perterrefacti
1084 2099 1123 2130 de
1139 2099 1216 2130 sella
1236 2109 1291 2129 sua
1306 2102 1432 2138 repente
1448 2106 1517 2137 pro-

858 2149 978 2180 siliunt.
1041 2149 1200 2183 Tumuhu,
1229 2146 1359 2188 strepitu
1385 2144 1519 2174 virorum

859 2198 899 2228 ad
923 2207 1008 2228 arma
1031 2196 1290 2228 concurrentium.
1336 2193 1463 2225 Prosilit
1483 2198 1518 2223 ut

857 2246 1034 2277 Semiramis
1070 2245 1154 2287 apud
1192 2244 1365 2279 Valerium,
1399 2243 1441 2273 ix.
1470 2243 1489 2272 3
1509 2254 1515 2271 ;

858 2299 878 2311 “
897 2296 1001 2331 Quum
1025 2294 1053 2324 ei
1078 2293 1160 2324 circa
1187 2293 1305 2323 cultum
1332 2291 1442 2332 capitis
1465 2301 1517 2321 oc-

858 2348 979 2384 cupatae
1017 2342 1191 2372 nuntiatum
1229 2346 1319 2376 esset,
1353 2339 1519 2380 Babylona

858 2391 1022 2426 defecisse,
1036 2391 1135 2421 altera
1156 2395 1243 2431 parte
1266 2389 1394 2419 crinium
1412 2387 1515 2418 adhuc

857 2440 968 2475 soluta,
984 2438 1123 2480 protinus
1138 2438 1177 2468 ad
1193 2448 1260 2468 eam
1277 2435 1516 2478 expugnandam

858 2489 1011 2526 cucurrit3
1036 2498 1094 2518 nec
1118 2487 1201 2528 prius
1223 2486 1363 2516 decorem
1387 2484 1517 2526 capillo-

858 2547 925 2566 rum
945 2537 976 2567 in
995 2535 1144 2570 ordinem,
1160 2545 1261 2576 quam
1274 2539 1392 2564 tantam
1408 2534 1516 2564 urbem

859 2585 891 2615 in
905 2590 1090 2626 potestatem
1110 2594 1198 2614 suam
1212 2582 1367 2623 redegit.'’
1406 2582 1443 2611 Ιιι
1462 2582 1516 2612 'usa

859 2633 898 2663 de
922 2632 1134 2674 amplexante,
1158 2631 1253 2662 etiam
1272 2629 1401 2661 Heroid.
1415 2630 1448 2660 ii.
1462 2631 1516 2662 93.

859 2681 1006 2712 Similiter
1020 2681 1134 2722 affusus
1147 2680 1189 2711 ix.
1201 2680 1274 2711 366.
1317 2678 1515 2710 Schirachius

989 2731 1017 2761 G
1034 2741 1053 2770 g
