1779 3130
262 193 318 232 40

655 190 705 230 Ρ.
739 188 951 230 OVIDII
985 188 1262 230 NASONIS

263 304 525 351 Exsatiata
548 304 741 358 domus,
769 309 949 366 praeter
975 302 1295 364 Gorgenque,
1324 316 1603 362 nurumque

263 380 458 427 Nobilis
483 379 754 434 Alcmenae,
782 378 912 424 natis
938 377 988 423 in
1013 393 1221 440 corpore
1248 377 1424 440 pennis

260 457 484 511 Allevat3
521 463 572 502 et
596 456 769 516 longas
795 471 882 517 per
906 455 1110 501 brachia
1134 454 1339 517 porrigit
1360 454 1492 508 alas;

263 533 559 595 Corneaque
584 548 668 578 ora
688 532 832 587 facit3
873 546 1142 592 versasque
1168 546 1254 593 per
1280 546 1394 577 aera
1418 527 1587 574 mittit.

325 607 387 654 V.
412 608 610 656 Interea
633 607 856 654 Theseus
883 607 1057 653 sociati
1082 613 1221 669 parte
1246 606 1428 652 laboris

1549 605 1643 650 546

262 684 501 739 Functus,
531 683 838 730 Erechtheas
864 682 1145 728 Tritonidos
1171 683 1274 729 ibat
1299 683 1360 729 ad
1386 697 1541 728 arces.

263 761 459 807 Clausit
482 761 589 815 iter,
616 760 834 822 fecitque
859 775 1020 805 moras
1047 759 1297 805 Achelous
1323 757 1477 811 eunti,

262 836 428 883 Imbre
465 844 690 883 tumens:
741 842 770 859 ‘⁴
802 836 1028 882 Succede
1066 835 1239 890 meis‚”
1273 835 1355 889 ait,
1385 840 1414 857 “
1439 833 1642 895 inclyte,

462 913 624 967 tectis,

1549 910 1645 954 549

262 988 568 1051 Cecropida3
610 1004 700 1035 nec
727 995 775 1034 te
801 988 1055 1034 committe
1081 987 1343 1050 rapacibus
1370 985 1533 1032 undis.

262 1063 408 1111 Ferre
434 1066 600 1112 trabes
627 1065 827 1119 solidas,
855 1064 1158 1125 obliquaque
1183 1063 1376 1109 volvere
1397 1077 1578 1124 magno

261 1139 516 1188 Murmure
542 1158 663 1188 saxa
688 1142 876 1188 solent:
917 1141 1014 1186 vidi
1039 1139 1346 1187 contermina
1371 1139 1489 1202 ripae

261 1216 390 1263 Cum
416 1218 648 1280 gregibus
675 1219 872 1265 stabula
897 1217 996 1264 alta
1019 1217 1169 1273 trahi3
1201 1232 1291 1263 nec
1310 1216 1520 1262 fortibus
1542 1215 1642 1262 illic

256 1404 329 1428 sunt
352 1409 370 1429 a
385 1400 549 1430 veteribus.
595 1400 731 1440 Collegit
743 1399 798 1429 illa
813 1399 915 1430 omnia

258 1447 396 1487 Begerus
408 1448 439 1477 in
452 1448 538 1484 libro,
550 1448 749 1490 Meleagrides
761 1455 789 1478 et
802 1450 915 1478 AEtolia

256 1506 289 1525 ex
318 1499 506 1532 numismate,
538 1496 683 1538 inspersis
713 1497 916 1527 marmoribus

257 1543 454 1583 quibusdam.

299 1594 479 1623 546—610.
515 1594 609 1634 Origo
639 1594 820 1630 insularum,
845 1606 916 1634 quus

258 1642 402 1671 Achelous
415 1643 548 1683 fecerat,
568 1643 757 1672 Echz'nadum
777 1650 804 1673 et
828 1644 914 1673 Peri-

256 1691 351 1721 meles.
396 1693 444 1722 Ac
470 1691 637 1722 Echinades
659 1692 786 1733 quidem
806 1693 915 1723 insulae

256 1747 373 1779 asperae
396 1745 427 1769 et
447 1739 584 1776 incultae,
603 1740 686 1770 unde
702 1746 733 1771 et
753 1740 789 1771 iis
805 1751 916 1771 nomen

256 1786 401 1822 inditum,
429 1799 488 1818 non
512 1789 603 1829 longe
629 1790 756 1820 aberant
780 1791 818 1820 ab
839 1790 916 1820 ostio

257 1834 407 1865 Acheloi:
433 1837 554 1872 Strabo,
569 1837 623 1868 lib.
639 1849 669 1867 x.
684 1849 715 1878 p.
729 1839 809 1875 4533
832 1838 916 1869 Thu-

256 1883 394 1924 cydides,
418 1886 463 1915 II.
487 1897 517 1926 p.
544 1887 623 1923 1713
659 1893 689 1916 et
717 1887 756 1917 ab
784 1887 916 1917 Acheloi

255 1931 411 1964 alluvione
434 1940 514 1964 natae
537 1934 758 1965 credebantur:
784 1935 914 1972 Plinius,

256 1980 287 2011 ii.
304 1983 365 2020 853
394 1983 524 2024 Dionys.
544 1983 665 2024 Perieg.
681 1995 744 2014 ver.
760 1986 822 2014 433
846 1996 915 2026 sqq.

257 2030 402 2067 Causam,
415 2043 468 2062 eur
482 2043 543 2062 nou
557 2033 734 2063 cohaereant
746 2044 817 2063 cum
833 2040 914 2065 terra

256 2079 445 2115 continente,
463 2081 645 2116 Pausanias,
661 2081 778 2112 Arcad.
794 2094 825 2123 p.
842 2083 914 2113 647.

256 2127 357 2158 reddit
393 2128 492 2159 hanc:
533 2140 629 2169 quum
660 2130 788 2164 AEtolia‚
819 2131 916 2171 pulsis

258 2176 380 2212 AEZtolis,
397 2177 655 2218 incultajaceret,
670 2177 845 2208 Acheloum
861 2178 915 2209 de-

255 2224 340 2255 siisse
355 2225 460 2256 limum
480 2232 511 2256 et
533 2226 636 2256 sordes
660 2227 825 2262 advehere,
845 2228 915 2268 qui-

255 2273 313 2303 bus
345 2274 523 2304 Echinades
559 2281 797 2305 annecterentur
826 2282 914 2306 terrae

255 2321 435 2352 continenti.
474 2322 535 2352 Sed
547 2323 629 2364 apud
645 2323 798 2363 mythicos
811 2325 914 2354 Ache-

257 2369 440 2405 lous,iratus
454 2371 536 2407 ideo,
547 2371 628 2411 quod
646 2382 663 2401 a
679 2372 822 2412 nymphis
832 2379 914 2413 post-

258 2418 422 2448 haberetur
449 2419 519 2450 Diis
554 2419 686 2455 rusticis,
717 2430 770 2450 eas
799 2421 914 2457 efficit;

256 2473 287 2496 et
303 2466 345 2496 sie
362 2466 429 2497 haec
446 2467 552 2498 fabula
566 2467 726 2498 commode
741 2470 916 2499 annectitur

259 2515 418 2555 superiori,
441 2515 473 2545 in
502 2527 563 2556 qua
589 2516 695 2546 Diana
719 2517 851 2547 similem
876 2519 914 2548 ob

258 2573 384 2593 causam
406 2564 604 2595 irascebatur.
650 2565 759 2595 Sociati
781 2577 851 2605 pars
871 2568 915 2596 Ια-

258 2612 355 2648 boris,·
385 2622 455 2652 pars
476 2613 572 2642 virilis
601 2613 723 2644 laboris.
767 2614 916 2645 Nondum

258 2659 386 2690 dimittit
404 2661 520 2696 Thesea,
537 2661 589 2691 sed
613 2662 716 2703 plures
736 2663 828 2693 rebus
849 2663 916 2704 ejus

259 2707 380 2740 fabulas
395 2710 543 2746 annectit,
561 2721 740 2752 quanquam
763 2722 824 2742 non
841 2711 916 2742 satis

985 1398 1125 1429 feliciter.
1174 1398 1297 1428 Etenim
1335 1398 1507 1432 Acheloum,
1538 1397 1592 1438 qui
1628 1407 1646 1427 e

988 1447 1088 1477 Pindo
1103 1447 1221 1477 effusus
1244 1448 1282 1477 ab
1298 1457 1412 1477 occasu
1428 1446 1582 1477 „Etoliam
1598 1446 1645 1476 di-

983 1495 1116 1526 rimebat
1135 1496 1174 1526 ab
1194 1495 1423 1531 AcarnanibuS,
1441 1494 1549 1536 objicit
1562 1494 1645 1525 The-

983 1555 1035 1575 seo
1052 1544 1215 1585 Calydone
1231 1544 1375 1575 Athenas
1390 1543 1545 1574 redeunti.
1583 1544 1644 1573 Ar-

984 1605 1048 1629 ces5
1073 1594 1196 1624 urbem:
1225 1593 1295 1624 vide
1319 1593 1357 1623 ad
1379 1593 1430 1623 vii.
1447 1593 1499 1624 54.
1544 1593 1646 1624 Athe-

985 1653 1041 1672 nas
1070 1643 1121 1673 hic
1156 1642 1274 1684 duplici
1310 1642 1448 1684 epitheto
1481 1642 1646 1683 insignitas

984 1692 1063 1722 male
1088 1692 1131 1721 ait
1148 1692 1272 1733 Gierig:
1298 1701 1370 1721 nam
1390 1691 1560 1722 Tritonidos
1582 1702 1645 1722 non

983 1746 1029 1770 est
1047 1739 1218 1780 epitheton.

1026 1790 1101 1819 548.
1130 1789 1266 1823 (Ὺιιιιειίς
1289 1787 1359 1818 vide
1376 1787 1414 1817 ad
1432 1788 1472 1818 vi.
1489 1789 1563 1818 572.
1591 1789 1643 1820 De

985 1840 1067 1867 tectis
1083 1838 1244 1868 fluviorum
1257 1837 1327 1867 vide
1343 1837 1380 1867 ad
1397 1837 1418 1867 i.
1435 1838 1507 1868 574.
1537 1837 1642 1869 Ache-

983 1886 1023 1915 loi
1046 1892 1163 1916 tectum
1187 1887 1340 1916 internum
1360 1885 1425 1926 ipse
1441 1896 1512 1916 mox
1527 1886 1643 1917 descri-

982 1935 1037 1965 bit.
1084 1936 1253 1965 Succedunt
1277 1938 1370 1970 tectis,
1395 1934 1449 1975 qui
1473 1945 1508 1965 eo
1532 1935 1643 1966 dever-

983 1989 1063 2013 tunt.
1107 1984 1217 2013 Suavis
1238 1988 1286 2012 est
1308 1983 1375 2013 haec
1400 1988 1431 2013 et
1453 1982 1594 2014 invitatio
1612 1990 1644 2015 et

982 2034 1053 2064 inde
1077 2042 1142 2064 orta
1166 2033 1391 2068 sermocinatio,
1416 2044 1484 2074 quae
1510 2034 1646 2074 pertinet

982 2083 1021 2113 ad
1048 2083 1104 2113 lib.
1132 2083 1161 2112 ix
1187 2083 1320 2113 Metam.
1348 2083 1400 2113 96.
1424 2082 1478 2113 ubi
1507 2083 1644 2124 hospites

983 2131 1160 2167 discedunt,
1200 2141 1260 2161 non
1302 2137 1467 2172 expectata
1510 2132 1645 2162 fluminis

983 2190 1073 2220 pace.

1026 2229 1101 2258 551.
1128 2229 1220 2259 Ferre
1245 2230 1350 2264 trabes,
1367 2229 1445 2268 etc.]
1479 2229 1517 2258 In
1542 2229 1644 2259 flumi-

983 2277 1030 2306 nis
1041 2277 1187 2307 tumentis
1203 2277 1413 2318 descriptione
1426 2278 1539 2308 Nostro
1554 2278 1644 2319 praei-

982 2331 1093 2355 verunt
1116 2326 1289 2361 Lucretius,
1314 2326 1334 2355 i.
1356 2327 1428 2356 182.
1451 2328 1531 2365 2905
1556 2326 1645 2368 Virg.

984 2374 1061 2403 [ΕΠ.
1087 2373 1118 2404 ii.
1143 2376 1281 2405 305—7.
1301 2381 1332 2405 et
1355 2376 1418 2406 496
1441 2385 1511 2416 sqq.
1556 2375 1644 2417 Apta

984 2420 1049 2451 haec
1074 2422 1114 2452 ad
1137 2423 1366 2453 deterrendum.
1418 2424 1506 2461 Vidi,-
1538 2425 1644 2456 confer

983 2480 1011 2499 V.
1024 2471 1097 2500 569.
1144 2473 1269 2501 Stabula
1286 2473 1349 2502 altu
1365 2473 1466 2509 trahi‚·
1490 2473 1595 2503 confer
1610 2485 1642 2504 v.

983 2518 1061 2549 627:
1090 2530 1144 2560 pro
1169 2522 1262 2556 trahi,
1281 2521 1324 2551 sic
1341 2522 1472 2552 Veteres
1495 2525 1586 2562 rupi5
1611 2528 1643 2553 at

984 2568 1063 2597 trahi
1092 2568 1286 2608 exquisitiuS,
1313 2576 1343 2600 et
1368 2571 1447 2600 bene
1476 2570 1515 2600 de
1540 2570 1642 2601 fluviis

983 2616 1158 2656 rapacibus.
1202 2618 1305 2648 Etiam
1319 2619 1482 2659 Virgilius,
1498 2619 1581 2650 dicto
1597 2620 1642 2649 lo-

983 2674 1030 2699 co,
1046 2676 1113 2694 cum¹
1127 2667 1252 2696 stabulis
1270 2674 1405 2698 armenta
1428 2669 1532 2699 trahit.
1578 2667 1643 2699 Nec

972 2712 1119 2752 simibus,
1133 2720 1192 2745 etc.
1207 2720 1241 2745 ut
1256 2715 1276 2745 i.
1291 2716 1364 2747 305.
