1779 3130
203 167 288 209 302
506 164 557 205 P.
591 161 804 204 OVIDII
837 160 1133 211 NASONIS,
1165 162 1297 204 ETC.

201 280 247 327 A
273 295 326 327 se
351 277 640 325 Tantalides
665 292 788 323 onus
815 275 1150 339 invidiamque
1175 277 1395 333 removit,

199 355 560 419 Argolicosque
585 354 739 401 duces
765 353 941 400 mediis
967 353 1224 400 considere
1249 353 1423 399 eastris

200 432 229 479 J
238 432 374 488 ussit,
402 438 453 478 et
476 430 730 478 arbitrium
756 429 854 476 litis
880 429 1073 492 trajecit
1098 429 1147 476 in
1173 445 1361 476 omnes.

243 573 317 603 626.
343 572 526 608 Tantalides,
548 573 776 613 Agamemnon,
804 583 859 603 cu·
926 573 1022 604 Hom.
1044 572 1106 603 Od.
1123 576 1162 603 Α.
1178 573 1252 603 546.
1274 572 1410 614 Trojani,
1430 578 1461 603 et
1482 572 1588 602 Pallas

195 622 248 662 jus
270 626 358 662 pater
373 621 488 651 Atreus
509 621 590 651 filius
613 621 747 662 Pelopis,
763 631 859 662 nepos
923 622 1068 663 judicant
1092 621 1130 651 de
1161 621 1254 651 armis
1282 621 1430 652 Achillis.
1475 621 1525 651 Sic
1556 626 1588 650 et

198 669 322 700 Tantali
345 668 457 700 fuerat.
504 670 547 705 Is,
571 680 667 710 quum
693 676 773 700 esset
795 670 857 699 dux
927 671 1064 707 Quintus
1087 670 1156 700 Cal.
1181 681 1210 700 v.
1236 671 1296 700 134
1318 680 1387 710 sqq.
1409 669 1460 711 qui
1489 669 1587 703 addit,

199 717 365 754 exercitus,
397 717 497 748 noluit
523 717 662 748 alterutri
691 728 776 749 arma
803 718 858 748 ad·
928 720 1058 761 Ajacem
1083 725 1114 748 et
1139 719 1283 759 Ulyssem
1305 718 1428 760 judices
1449 718 1507 749 sibi
1532 728 1585 759 po-

195 767 351 809 judicare,
387 777 425 798 ne
454 769 610 803 invidiam,
640 767 799 798 infamiam
829 773 860 798 et
927 769 1060 809 poscisse
1076 767 1255 803 Idomenea,
1271 767 1435 798 Nestorem
1453 773 1483 797 et
1499 767 1585 807 Aga-

199 816 316 851 odium,
333 815 391 846 sibi
413 816 603 852 conciliaret,
621 817 674 846 sed
697 818 859 847 arbitrium
927 826 1134 852 memnonem,
1151 815 1205 846 sed
1222 816 1288 851 hos,
1302 823 1337 846 ut
1352 815 1500 846 invidiam
1520 825 1538 845 a
1553 825 1586 845 se

200 866 262 894 litis
278 866 396 903 trcy‘ecic
412 866 444 893 in
459 875 565 899 omnes,
582 864 690 900 voluit,
703 871 736 894 ut
752 876 859 895 omnes
927 865 1113 900 derivarent,
1140 864 1295 906 judicium
1325 875 1342 895 a
1373 875 1405 895 se
1433 870 1585 894 remotum

199 913 286 943 illam
312 923 437 943 causam
461 923 497 943 ex
520 923 609 954 aequo
635 920 666 944 et
689 915 780 950 bono,
804 925 859 955 pro
929 914 1078 945 detulisse
1095 914 1133 944 ad
1149 913 1297 955 Trojanos
1312 920 1343 945 et
1358 913 1500 945 Pallada.

201 961 319 992 meritis
361 961 520 1003 utriusque
563 961 760 1003 judicarent3
806 973 858 1004 ap.
