1779 3130
237 181 321 221 150

612 177 663 218 Ρ.
697 176 911 218 OVIDII
944 177 1224 219 NASONIS

236 293 456 356 Tempus
482 298 532 338 et
555 291 678 338 illud
703 291 811 347 erit,
840 308 939 354 quo
965 308 1018 339 se
1043 291 1340 338 fortissimus
1365 292 1509 340 heros

235 370 406 416 Addat
430 368 478 414 in
505 368 635 414 hunc
661 368 849 422 florem,
877 367 1096 431 folioque
1121 369 1315 429 legatur
1339 369 1531 416 eodem.

234 445 377 492 Talia
400 445 519 491 dum
543 460 658 491 vero
683 451 1018 491 memorantur
1036 443 1284 507 Apollinis
1307 461 1406 500 ore,

1526 447 1622 491 209

234 523 368 570 Ecce
394 538 563 578 cruor3
599 521 686 583 qui
711 520 848 567 fusus
874 521 1010 566 humi
1037 521 1315 582 signaverat
1338 521 1560 576 herbam,

235 598 434 646 Desinit
458 613 568 644 esse
594 612 765 652 cruor;
806 596 1060 659 Tyrioque
1086 596 1318 642 nitentior
1343 604 1475 643 ostro

234 676 350 722 Flos
376 675 554 728 oritur;
585 673 894 735 formamque
914 673 1063 735 capit,
1088 688 1237 735 quam
1263 672 1380 727 lilia,
1408 672 1449 718 si
1476 689 1573 719 non

233 752 522 814 Purpureus
548 750 682 795 color
706 749 837 804 huic,
866 755 1130 809 argenteus
1153 755 1288 796 esset
1313 749 1363 794 in
1388 749 1501 796 illis.

234 828 349 875 Non
370 826 489 873 satis
515 826 608 872 hoc
624 825 816 872 Phoebo
842 832 935 879 est,
954 826 994 871 is
1016 825 1147 872 enim
1164 825 1258 872 fuit
1278 832 1446 872 auctor
1465 826 1618 872 hono-

231 906 350 968 Ipse
376 920 491 950 suos
517 903 730 965 gemitus
756 903 883 950 foliis
909 902 1161 956 inscribit3
1192 909 1241 948 et
1267 902 1311 948 ai
1338 902 1383 948 ai

1509 902 1615 963 [ris‚

233 982 347 1029 Flos
366 981 518 1027 habet
531 980 845 1042 inscriptum3
874 978 1175 1041 funestaque
1191 979 1334 1025 litera
1354 979 1505 1025 ducta
1523 985 1614 1026 est.

231 1099 347 1130 Anacr.
362 1099 382 1128 i.
398 1099 427 1128 4.
443 1097 510 1138 lyra
524 1096 649 1137 Ἔρωτα
665 1098 790 1137 μοῦνον
807 1096 890 1136 ἠχεῖ.

236 1148 364 1178 Phaedr.
386 1147 448 1177 HI.
471 1146 532 1177 xvi.
562 1147 613 1175 12.
641 1157 744 1175 sonare
771 1146 890 1176 cithara

230 1198 410 1237 Apollinem,
440 1195 493 1225 ubi
522 1194 594 1225 vide
621 1195 728 1225 Burni.
774 1196 891 1234 Scripta

229 1247 392 1279 imitabere,
417 1244 607 1285 inscriptam,
632 1244 811 1285 impressam
835 1243 890 1274 ha-

231 1294 319 1326 bebis
344 1299 461 1328 notam,
478 1303 548 1333 quae
571 1292 682 1322 referat
703 1302 812 1322 sonum
835 1303 889 1332 ge-

231 1344 326 1374 mitus
350 1342 433 1378 mei3
460 1341 627 1372 Claudiam.
650 1342 691 1371 R.
708 1341 744 1372 P.
758 1341 791 1371 ii.
819 1342 889 1372 121.

231 1392 569 1434 hyacinthusflehililms
584 1392 838 1432 mu‘rensfignris.

273 1442 349 1473 207,
370 1440 559 1470 Fortissimus
583 1439 691 1479 heros]
719 1440 801 1481 Ajax
826 1439 890 1481 ipse

230 1490 262 1520 iu
279 1489 480 1531 hyacinthum
498 1494 636 1518 mutatus
650 1494 694 1518 est
709 1500 716 1525 3
733 1488 798 1518 xiii.
816 1490 890 1519 397.

230 1539 313 1569 Hinc
341 1539 395 1568 flos
419 1538 472 1568 ille
496 1537 560 1578 ipse
581 1549 738 1579 generosus
754 1540 815 1577 flos
838 1549 889 1568 vo—

229 1594 318 1618 catur
345 1599 374 1618 v.
403 1588 486 1617 Fast.
515 1588 592 1617 211.
628 1587 710 1617 Plin.
737 1587 801 1618 xxi.
830 1589 886 1618 ll:

228 1642 250 1655 ¹‘
270 1637 484 1678 Hyacinthum
508 1636 673 1666 comitatur
697 1636 803 1667 sabula
830 1637 887 1668 du-

228 1686 313 1728 plex,
326 1686 373 1716 vel
390 1685 509 1715 luctum
522 1685 688 1726 praeferens
704 1685 781 1725 ejus,
794 1696 887 1726 quem

230 1735 345 1777 Apollo
360 1734 521 1769 dilexerat,
535 1740 589 1764 aut
603 1745 640 1764 ex
661 1734 764 1775 Ajacis
780 1745 886 1765 cruore

227 1783 304 1814 editi
322 1795 327 1812 :
361 1783 405 1813 ita
444 1782 688 1812 discurrentibus
717 1783 814 1818 venis,
854 1789 886 1814 ut

228 1834 409 1863 Graecarum
431 1830 591 1861 literarum
612 1831 709 1871 figura
732 1832 779 1860 Al
801 1831 886 1872 lega·

228 1888 277 1911 tur
299 1879 479 1920 inscripta.’'
525 1879 703 1919 Eleganter,
727 1891 755 1909 se
777 1882 886 1911 mmm-e

228 1930 316 1971 quasi
341 1929 458 1958 socium
484 1933 515 1957 et
542 1929 687 1958 comitem
715 1931 745 1958 ιἰι
761 1931 883 1969 florem,

227 1985 296 2020 post
327 1978 423 2008 alium
460 1976 572 2007 mutari
602 1976 633 2007 in
669 1977 800 2007 eundern
832 1979 886 2008 flo-

226 2038 303 2058 rem.

271 2077 343 2106 209.
362 2076 420 2105 Ore
435 2074 590 2109 additum,
610 2074 683 2115 quia
700 2075 885 2106 vaticinatur

227 2125 341 2167 Apollo
357 2137 363 2157 2
383 2124 451 2154 vide
469 2124 507 2153 ad
526 2124 569 2154 ix.
587 2126 660 2154 418.
711 2125 795 2159 Vero,
812 2126 885 2165 quia

225 2173 383 2215 Apollinis
402 2173 529 2202 oracula
554 2172 728 2210 verissi1na3
754 2173 823 2204 vide
845 2174 884 2204 ad

226 2223 247 2253 i.
263 2223 336 2252 491.

226 2271 447 2301 madefecerat.
498 2270 613 2299 Desinit
631 2281 686 2299 esse
708 2281 807 2305 cruor,
825 2277 884 2301 etc.

227 2321 299 2350 Non
331 2318 465 2358 intelligi
496 2318 698 2359 hyacinthum
724 2329 806 2354 euni,
831 2320 883 2360 qui

225 2369 319 2409 vulgo
341 2367 384 2397 sic
409 2367 533 2401 dicitur,
548 2367 622 2397 satis
647 2374 787 2406 constat3
811 2379 883 2398 nain

226 2429 282 2448 nec
299 2417 381 2447 color
397 2416 478 2446 idem
496 2422 553 2451 est,
568 2427 623 2446 nec
640 2417 737 2446 fornia
754 2417 881 2447 eadem:

224 2468 289 2497 sine
306 2466 400 2496 dubio
417 2465 612 2506 Hyacinthus
627 2472 784 2506 poetarum
800 2466 881 2496 idem

224 2521 271 2545 est
286 2525 357 2545 cuni
375 2515 504 2544 vaccinio
515 2517 613 2554 nigro,
627 2513 766 2554 adeoque
784 2516 882 2545 lilium

216 2566 348 2605 §floribus
368 2564 491 2601 resimis,
510 2563 684 2604 Mat-lagon,
705 2563 882 2594 'I'iirlsischer

227 2613 329 2642 Bnml.
351 2611 507 2641 Theocrit-
532 2623 561 2641 x.
588 2613 640 2642 28.
679 2613 742 2642 Καὶ
770 2614 806 2642 τὸ
832 2613 882 2643 ἴου

225 2655 330 2697 μέλαν
350 2654 428 2689 ἔντε’,
446 2655 495 2684 καὶ
521 2654 539 2683 ἁ
564 2655 699 2695 γραπτὰ
721 2654 881 2692 ὑάκινθος,

226 2715 318 2747 quem
341 2704 443 2734 locuni
462 2703 548 2743 Yirg.
566 2703 632 2734 Ecl.
650 2715 679 2735 x.
696 2705 748 2734 39.
763 2704 806 2734 sic
827 2716 880 2735 ex—

382 2222 559 2261 Sigtmreral
577 2221 762 2261 exquisitius
779 2233 883 2262 quani,

958 1094 1079 1136 pressit,
1112 1094 1150 1126 Et
1171 1097 1266 1137 uigrae
1291 1096 1371 1126 violer
1396 1101 1476 1130 sunt,
1502 1102 1530 1125 et
1553 1107 1618 1126 rac-

958 1146 1039 1175 cinia
1065 1147 1177 1186 nigra,-
1205 1145 1275 1175 vide
1304 1144 1433 1175 Martia.
1462 1144 1501 1175 ad
1528 1144 1617 1184 Virg.

959 1195 1074 1234 (jeorg.
1097 1194 1137 1224 iv.
1159 1194 1240 1231 1833
1266 1193 1407 1234 Heynius
1431 1193 1471 1223 ad
1496 1193 1563 1223 Ecl.
1585 1193 1618 1227 ii.

963 1244 1021 1280 183
1045 1249 1076 1273 et
1098 1242 1248 1273 Schreber
1265 1242 1303 1272 ad
1322 1242 1479 1273 Theocriti
1498 1242 1617 1272 dictum

957 1292 1071 1328 locum,
1099 1291 1130 1322 in
1157 1292 1207 1322 ed.
1237 1291 1385 1322 Harlesii.
1440 1292 1619 1331 Purpureus

957 1341 1064 1371 crebro
1093 1341 1131 1371 de
1156 1341 1243 1381 nigro
1265 1341 1366 1372 colore
1394 1340 1519 1377 dicitur,
1543 1341 1619 1382 quia

957 1400 1095 1431 purpura
1110 1391 1257 1421 Veterum
1275 1390 1410 1421 habebat
1425 1390 1616 1430 nigredinem

958 1439 1170 1480 sanguineam.
1216 1439 1297 1469 Aliis
1321 1450 1388 1470 esse
1410 1439 1534 1470 videtur
1559 1437 1618 1469 Iris

958 1487 1149 1528 germanica,
1171 1488 1240 1518 aliis
1266 1488 1472 1529 Delphinium
1497 1488 1615 1529 Ajacis,

959 1537 1048 1578 cujus
1085 1537 1192 1567 folium
1225 1537 1394 1567 candidum
1424 1538 1538 1578 figuras
1566 1538 1615 1568 AI

957 1585 1090 1616 caeruleo
1106 1586 1207 1616 colore
1224 1586 1326 1617 refert.

1000 1635 1074 1666 215.
1097 1635 1250 1670 lusci-ibit,
1274 1641 1361 1665 notas
1382 1634 1479 1670 ducit,
1500 1634 1531 1665 in
1557 1635 1616 1666 for-

957 1694 1039 1714 mam
1055 1684 1224 1715 literarum.
1269 1683 1352 1714 Hinc
1367 1683 1387 1714 ὰ
1410 1685 1545 1725 γραπτὰ
1560 1684 1615 1716 ὑά-

955 1735 1062 1769 κινθος
1090 1733 1172 1774 apud
1197 1733 1395 1764 Theocritum
1423 1733 1454 1764 d.
1479 1733 1500 1765 l,
1526 1736 1615 1775 Virg-

954 1783 1024 1813 Fcl.
1050 1782 1093 1812 iii.
1124 1784 1195 1812 106.
1229 1783 1299 1818 Dic,
1328 1785 1433 1822 quibus
1461 1785 1492 1813 in
1527 1786 1614 1815 terris

953 1833 1092 1870 inscripti
1110 1833 1228 1861 nomina
1244 1843 1347 1872 regum
1362 1832 1538 1862 Nascantur
1549 1834 1613 1873 fla·

954 1890 1010 1909 res.
1046 1880 1204 1910 Ausonius
1227 1880 1259 1909 in
1284 1880 1364 1920 Cup.
1382 1880 1552 1916 Crucifixo,
1573 1881 1615 1911 Ec

956 1930 1070 1970 tragico
1109 1930 1237 1967 scriptus
1277 1931 1392 1969 gemitu.
1429 1929 1614 1960 Salaminius

955 1979 1044 2015 Ajar.
1090 1978 1148 2007 Pro
1164 1980 1193 2007 αι’
1209 1978 1240 2007 in
1258 1978 1348 2007 MSS.
1365 1978 1536 2018 permultis,
1553 1980 1613 2019 hya

954 2032 1008 2056 aut
1028 2038 1065 2066 1111
1080 2038 1088 2063 ,·
1114 2038 1183 2067 quae
1201 2038 1296 2067 quum
1313 2027 1373 2056 sint
1389 2027 1494 2067 priniae
1515 2027 1612 2058 literae

954 2075 1086 2105 nominis
1113 2075 1298 2115 Hyacinthi,
1326 2075 1415 2105 multi
1439 2075 1524 2105 illam
1549 2076 1611 2107 lec-

953 2123 1067 2153 tionem
1085 2124 1307 2164 praeferendani
1320 2123 1512 2164 judicarunt.
1549 2125 1612 2156 Sed

954 2171 1003 2201 hic
1027 2171 1092 2211 ipse
1115 2172 1200 2201 locus
1222 2171 1382 2201 reclamat.
1422 2172 1537 2214 Apollo
1557 2185 1611 2215 ge-

953 2220 1046 2250 mitus
1071 2231 1142 2250 suos
1164 2220 1332 2261 inscripsit,
1351 2227 1382 2250 et
1403 2232 1471 2261 sqq.
1492 2227 1610 2263 tempo-

952 2268 1036 2299 ribus
1052 2269 1158 2310 Ajacis
1174 2280 1297 2310 quoque
1314 2280 1425 2299 nornen
1442 2270 1536 2301 ducta
1556 2271 1611 2302 illa

953 2318 1050 2357 figura
1076 2318 1202 2347 hahuit:
1228 2318 1270 2347 sic
1300 2325 1331 2348 et
1356 2318 1420 2348 xiii.
1445 2319 1518 2349 397.
1544 2321 1608 2350 Ge-

951 2367 1044 2396 mitus
1072 2373 1176 2396 autem
1202 2378 1257 2397 vox
1283 2367 1364 2408 apud
1393 2369 1520 2398 (J‘raecos
1549 2380 1610 2400 non

951 2415 1020 2454 hya,
1044 2415 1099 2445 sed
1125 2415 1159 2445 αἵ
1186 2416 1242 2453 (ιῖ;
1268 2417 1334 2451 hen,
1363 2418 1429 2452 hen,
1455 2423 1488 2447 ut
1514 2419 1563 2448 vel
1593 2430 1609 2450 e

950 2463 1110 2504 Sophoclis
1130 2464 1228 2504 Ajace
1251 2475 1314 2494 ver.
1339 2466 1401 2495 430
1426 2476 1472 2506 sq.
1495 2472 1526 2496 et
1551 2467 1608 2498 ali-

950 2511 1032 2541 unde
1068 2519 1198 2542 constat.
1250 2513 1333 2553 Ajax
1370 2524 1458 2554 porro
1488 2516 1608 2546 (J'raecis

951 2559 1030 2596 Αἴας
1055 2559 1210 2590 scribitur.
1244 2561 1388 2596 Accedit,
1405 2562 1487 2602 quod
1513 2563 1556 2598 αἴ,
1573 2565 1608 2594 αἵ

950 2613 1074 2638 tuentur
1089 2609 1183 2638 etiam
1200 2610 1350 2639 Moschus
1365 2611 1497 2652 Epiced.
1515 2613 1608 2644 Bion.

950 2658 1033 2687 l'lin.
1052 2658 1116 2688 xxi.
1138 2659 1186 2690 ll.
1201 2659 1305 2689 Schol.
1318 2659 1476 2690 Theocrit.
1495 2661 1532 2692 ad
1556 2662 1606 2694 111.

949 2718 979 2737 x.
998 2708 1049 2737 23.
