1779 3130
372 174 992 217 METAMORPHOSEON
1025 175 1145 216 LlB.
1178 174 1297 216 XII.
1442 174 1527 215 295

145 291 339 346 Praelia,
366 290 700 353 TlepolemuS,
724 289 869 352 Pylio
894 289 1153 344 referente,
1180 289 1400 336 dolorem

145 366 390 414 Praeteriti
416 366 604 412 Alcidae
631 365 784 410 tacito
810 381 906 411 non
932 365 1136 427 pertulit
1160 379 1272 420 ore3

146 444 314 505 Atque
341 443 441 489 ait:
473 446 503 464 “
531 440 792 486 Herculeae
819 441 996 486 mirum
1022 448 1098 487 est
1122 439 1304 486 oblivia
1324 439 1483 486 laudis

148 518 278 564 Acta
302 517 407 570 tibi,
437 516 625 563 senior:
662 523 797 562 certe
823 517 941 562 mihi
967 532 1099 578 saepe
1125 514 1303 561 referre
1440 517 1536 561 540

151 593 445 653 Nubigenas
471 591 683 638 domitos
710 607 738 637 a
763 608 816 638 se
841 599 982 654 pater
1006 592 1113 654 ipse
1140 591 1378 637 solebat.”

149 669 326 715 Tristis
352 668 415 714 ad
441 669 545 713 haec
572 666 777 729 Pylius:
809 672 838 690 “
863 666 994 721 Quid
1021 682 1099 713 me
1126 667 1409 713 meminisse
1435 682 1535 713 ma-

351 745 507 789 lorum

155 819 324 880 Cogis,
353 826 402 866 et
426 819 668 865 obductos
695 818 835 864 annis
862 817 1141 864 rescindere
1166 817 1348 873 luctus,

155 895 315 957 Inque
340 902 480 941 tuum
505 894 778 955 genitorem
810 894 995 948 odium,
1024 894 1338 955 offensasque
1363 892 1538 940 fateri?

156 971 247 1018 Ille
273 971 475 1033 quidem
501 971 689 1032 majora
712 970 825 1023 fide,
845 969 936 1015 Di!
965 969 1133 1031 gessit,
1161 976 1212 1015 et
1236 969 1406 1015 orbem
1443 971 1538 1016 545

156 1046 390 1110 Implevit
406 1046 608 1101 meritis,
631 1046 767 1108 quod
786 1047 984 1093 mallem
1001 1061 1150 1109 posse
1166 1044 1331 1107 negari
1352 1061 1362 1091 ε
1408 1045 1541 1105 [sum

159 1122 260 1169 Sed
285 1138 449 1185 neque
476 1121 811 1184 Deiphobum,
839 1138 930 1168 nec
955 1121 1335 1184 Polydamanta,
1357 1136 1447 1167 nec
1468 1120 1541 1182 ip-

158 1197 378 1245 Hectora
402 1198 690 1244 laudamus:
726 1198 837 1260 quis
864 1198 994 1244 enim
1018 1196 1291 1244 laudaverit
1314 1195 1543 1243 hostem?

158 1274 250 1321 Ille
275 1280 389 1320 tuus
415 1273 605 1335 genitor
631 1271 886 1320 Messania
909 1273 1090 1319 moenia
1114 1271 1366 1336 quondam

161 1432 311 1463 Hercules
340 1433 371 1463 in
401 1432 539 1473 aquilam
567 1431 818 1462 transformatum

162 1480 329 1511 interfecit.
362 1481 412 1511 De
428 1480 603 1511 auctoribus
619 1479 762 1510 fab.vide
778 1480 819 1510 ad

162 1539 225 1559 ver.
242 1530 315 1560 549.

205 1579 279 1607 537.
298 1578 477 1616 Tlepolemus
493 1577 636 1607 Herculis
647 1584 688 1612 et,
704 1583 736 1608 ut
751 1577 820 1618 plu-

162 1625 230 1656 rimi
254 1626 394 1661 tradunt,
417 1625 592 1667 Astyoches
615 1626 707 1661 filius,
727 1626 820 1656 inter-

164 1674 244 1704 fecto
265 1674 425 1715 Licymnio
442 1674 607 1710 avunculo,
624 1674 663 1704 ad
680 1674 821 1704 Rhodios

164 1722 338 1763 aufugerat,
365 1733 494 1763 quorum
519 1732 613 1752 naves
636 1727 744 1763 postea
767 1722 820 1752 ad-

163 1780 269 1800 versus
291 1770 439 1811 Trojanos
458 1769 564 1807 duxit3
590 1770 757 1805 Homerus,
782 1770 821 1799 11.

167 1822 203 1849 B.
219 1819 280 1849 653
296 1829 365 1859 sqq.
398 1819 430 1848 Is
446 1819 584 1854 dolorem,
601 1828 693 1859 quem
709 1818 821 1849 sentie-

164 1868 218 1897 bat
234 1867 317 1903 inde,
333 1867 416 1908 quod
432 1878 532 1897 rerum
548 1877 566 1897 a
580 1872 666 1908 patre
680 1877 745 1901 suo,
762 1877 823 1907 quo

165 1921 303 1956 tempore
322 1915 405 1956 apud
420 1914 555 1945 Pholum
576 1920 651 1950 erat,
667 1919 823 1955 gestarum

165 1974 236 1994 cum
254 1963 418 1994 Centauris
433 1963 488 2003 (de
511 1963 624 2004 quibus
640 1963 710 1994 vide
726 1962 824 2004 Apol-

165 2012 230 2043 lod.
244 2012 288 2042 II.
300 2023 330 2043 v.
346 2012 393 2051 4.)
409 2012 596 2043 mentionem
608 2012 726 2042 nullam
743 2013 823 2043 fece-

165 2066 213 2092 rat
228 2062 352 2097 Nestor,
364 2061 458 2092 tacite
474 2062 608 2103 perferre
625 2071 685 2091 non
701 2062 811 2102 potuit.

209 2111 283 2141 539.
300 2112 396 2151 Agere
412 2112 519 2140 oblivia
535 2110 667 2146 dictum,
687 2116 720 2140 ut
737 2121 826 2151 agere

167 2160 331 2194 silentium,
348 2158 369 2188 i.
389 2160 462 2190 349.
500 2159 616 2194 Senior,
635 2169 740 2193 seneX,
755 2169 824 2199 quae

167 2207 365 2248 compellatio
402 2212 491 2248 grata
517 2206 646 2237 Graecis.
690 2207 826 2243 Quidam

168 2262 285 2291 tamen,
328 2262 448 2285 mutata
492 2255 701 2291 distinctione,
738 2266 826 2297 aeque

168 2304 265 2334 bene:
293 2304 397 2334 Senior
413 2310 490 2334 certe
503 2305 585 2338 mihi,
602 2309 664 2333 etc.

213 2353 287 2382 543.
316 2352 462 2381 Obductos
485 2352 604 2388 Ιίιετίιες
629 2352 757 2381 vulnera
779 2351 827 2381 di-

169 2405 282 2431 cuntur
313 2399 425 2430 obduci
457 2410 552 2441 quum
581 2399 772 2435 coalescunt,
797 2405 828 2430 et

168 2450 308 2484 rescindi,
328 2458 424 2489 quum
450 2458 553 2478 rursus
573 2448 761 2489 aperiuntur,
781 2458 827 2478 re-

171 2496 329 2527 fricantur.
374 2497 456 2527 Hinc
482 2496 536 2526 illa
557 2497 651 2527 verba
673 2496 712 2527 ad
740 2507 827 2526 reno-

171 2551 277 2575 vatum
306 2545 425 2575 luctum
453 2551 499 2575 sat
536 2544 697 2575 commode
731 2550 829 2574 trans-

174 2593 322 2623 feruntur.
382 2593 466 2623 Olim
498 2593 555 2623 hoe
585 2593 651 2623 loco
681 2592 829 2623 edebatur

175 2643 354 2682 restringere
382 2642 502 2678 luctus,·
537 2640 590 2671 alii
620 2641 720 2671 aliter.
768 2641 829 2671 Sed

176 2691 264 2719 annis
287 2691 366 2721 bene
387 2701 419 2721 se
435 2690 547 2721 habet.
585 2690 716 2722 Constat
736 2690 829 2725 enim,

886 1443 989 1467 annos,
1009 1436 1143 1472 ternpus,
1161 1439 1228 1460 esse
1253 1429 1397 1464 maxime,
1421 1429 1474 1470 qui
1500 1439 1547 1460 re-

886 1491 953 1511 rum
968 1480 1148 1510 acerbarum
1165 1488 1290 1508 sensum
1306 1477 1437 1508 leniant.
1481 1477 1545 1508 Re-

887 1529 955 1570 gius
980 1528 1077 1559 codex
1104 1527 1145 1557 A.
1173 1529 1350 1563 resciscere5
1383 1526 1481 1556 codex
1505 1527 1546 1556 B.

888 1584 1034 1608 retexere:
1061 1576 1118 1606 hoc
1131 1576 1261 1606 verbum
1278 1575 1317 1605 ab
1333 1581 1397 1605 arte
1415 1574 1549 1606 textoria

887 1627 1019 1668 petitum
1033 1639 1039 1655 :
1058 1625 1105 1655 his
1118 1622 1307 1666 metaphoris
1320 1623 1447 1664 quidem
1463 1634 1546 1664 saepe

889 1680 1017 1705 utuntur
1033 1671 1147 1708 Graeci,
1160 1671 1299 1714 inprimis
1318 1671 1421 1706 Plato,
1439 1671 1471 1701 in
1487 1672 1546 1702 Po-

888 1723 997 1760 litic0;
1029 1721 1083 1752 sed
1113 1720 1185 1750 huic
1216 1721 1284 1750 loco
1315 1730 1375 1750 non
1402 1720 1548 1750 convenit

889 1777 1028 1805 reterere,
1053 1779 1123 1799 nam
1152 1769 1252 1798 luctus
1272 1769 1408 1798 obductos
1429 1767 1549 1798 indicat

890 1820 1002 1850 vulnus
1026 1824 1057 1849 et
1077 1817 1255 1849 cicatricem
1276 1827 1346 1858 quae
1367 1816 1548 1847 rescindun-

890 1874 949 1899 tur.
994 1869 1082 1898 Lmr.
1151 1865 1298 1907 Offensus,
1338 1864 1452 1907 quibus
1499 1875 1549 1896 me

891 1916 1010 1948 afflixit.

933 1967 1008 1996 545.
1032 1964 1087 2000 Di,
1105 1964 1148 1994 Di
1169 1965 1271 2004 magni
1293 1967 1346 1992 aut
1363 1964 1429 1992 boni
1447 1962 1548 1992 solen-

891 2014 938 2045 nis
953 2012 1140 2045 exclamatio
1162 2012 1194 2042 in
1209 2011 1354 2042 laudibus
1368 2021 1549 2051 magnorum

892 2063 1045 2099 virorum3
1086 2060 1150 2091 vid.
1180 2059 1329 2090 Heinsius
1355 2059 1396 2089 ad
1421 2059 1550 2090 Heroid.

892 2110 980 2141 xviii.
1012 2111 1085 2140 102.
1132 2109 1238 2139 Orbem
1267 2108 1399 2147 implevit
1428 2109 1550 2143 meritis,

892 2159 998 2190 multis
1027 2157 1216 2189 facinoribus
1241 2156 1280 2187 de
1310 2155 1428 2192 multis,
1449 2155 1550 2196 iisque

893 2205 1154 2248 disjunctissimis,
1183 2204 1270 2236 terris
1304 2205 1386 2235 bene
1422 2203 1550 2234 meritus

893 2261 952 2286 est.

937 2304 1012 2335 549.
1039 2303 1095 2333 Ille
1123 2310 1192 2333 tuus
1214 2303 1345 2344 genitor,
1366 2300 1446 2340 ete.]
1474 2299 1549 2335 Res,

895 2364 963 2394 quae
980 2352 1030 2382 hie
1045 2351 1217 2392 attingitur,
1234 2360 1347 2390 magna
1365 2359 1435 2379 cum
1453 2348 1550 2379 varie-

895 2406 959 2431 tate
995 2406 1135 2430 narratur
1165 2400 1204 2430 ab
1235 2397 1432 2434 auctoribus5
1470 2396 1552 2428 conf.

895 2450 1059 2483 Homerus,
1092 2447 1132 2477 Il.
1159 2451 1198 2478 A.
1223 2446 1298 2477 691.
1325 2445 1388 2475 Od.
1415 2448 1454 2475 A.
1478 2445 1552 2476 280.

896 2497 1002 2537 ibique
1029 2496 1135 2527 Schol.
1159 2496 1252 2527 etiam
1279 2493 1318 2524 ad
1346 2493 1385 2523 Il.
1410 2496 1446 2524 B.
1469 2494 1550 2531 336;

898 2545 1054 2581 Ailianus,
1081 2546 1157 2575 Var.
1185 2543 1267 2574 Hist.
1290 2542 1334 2572 iv.
1361 2544 1400 2579 53
1433 2542 1551 2572 Pausa-

897 2593 974 2628 nias,
989 2593 1088 2623 Eliac.
1103 2604 1135 2633 p.
1148 2593 1221 2623 379.
1238 2598 1268 2622 et
1284 2592 1347 2622 516
1361 2603 1368 2628 3
1382 2590 1551 2631 Apollodo-

897 2652 959 2677 rus,
975 2642 1002 2672 Ι.
1017 2641 1060 2671 ix.
1073 2642 1113 2679 9;
1130 2642 1174 2672 H.
1190 2641 1242 2671 vii.
1258 2641 1295 2677 33
1317 2639 1472 2680 Hyginus,
1489 2639 1552 2670 fab.

900 2691 949 2720 10.
971 2695 1002 2721 et
1023 2691 1059 2721 31
1077 2703 1083 2720 :
1109 2689 1212 2721 Schol.
1238 2687 1407 2730 Apollonii,
1428 2688 1449 2720 i.
1471 2688 1551 2726 1563
