1779 3130
215 165 300 206 146

607 163 658 203 Ρ.
691 158 905 203 OVIDII
938 159 1218 201 NASONIS

219 278 401 325 Tristia
426 277 466 324 si
492 276 708 339 spatium
732 274 950 338 ponendi
975 274 1076 321 fata
1099 274 1372 320 dedissent.

221 354 333 408 Qua
356 355 488 406 licet,
516 359 731 399 aeternus
756 357 925 398 tamen
951 366 1031 405 es3
1063 350 1363 412 quotiesque
1389 347 1585 411 repellit

220 431 322 477 Ver
346 430 577 483 hiemem,
603 427 840 489 Piscique
865 426 1009 474 Aries
1036 427 1261 474 succedit
1281 442 1486 488 aquoso,
1515 426 1607 470 165

221 507 297 554 Tu
321 507 470 553 toties
496 506 665 560 oreris,
692 504 935 566 viridique
961 504 1010 550 in
1036 503 1226 566 cespite
1250 518 1442 550 vernas.

222 583 294 630 Te
318 599 459 629 meus
485 589 599 629 ante
627 581 750 628 alios
777 580 969 642 genitor
994 580 1198 635 dilexit;
1239 586 1290 626 et
1314 579 1432 625 orbe

222 659 284 706 In
308 659 472 706 medio
498 658 642 722 positi
670 663 935 704 caruerunt
960 656 1170 718 praeside
1197 654 1410 717 Delphi3

225 734 360 783 Dum
388 736 527 782 Deus
549 734 785 790 Eurotan,
812 733 1226 795 immunitamque
1244 731 1529 793 frequentat

226 891 257 916 et
287 887 361 916 590.
391 886 551 916 OEbalz'des.
585 885 739 914 Auctores
769 889 887 914 veteres

227 941 358 975 utroque
396 933 533 964 trahunt.
586 935 714 972 Amyclae:
748 933 886 962 Lacede-

227 983 333 1018 monii,
351 982 403 1024 qui
419 983 585 1024 Amyclam
606 983 715 1012 urbem
736 981 888 1017 condidit,

228 1032 327 1062 filium
356 1042 428 1062 eum
454 1031 575 1061 faciunt
598 1031 735 1061 Pausan.
757 1031 834 1061 Lac.
856 1042 888 1072 p.

228 1082 314 1118 204;
339 1080 560 1122 Apollodorus,
584 1080 648 1110 ΙΙΙ.
670 1091 700 1110 x.
717 1081 748 1110 3.
771 1082 887 1120 (quan-

229 1140 326 1171 quam
346 1129 429 1160 idem
452 1130 481 1159 I.
502 1129 545 1159 iii.
569 1130 599 1160 3.
622 1129 747 1159 Pierum
768 1135 887 1170 patrem

227 1177 401 1215 nominat3)
439 1177 545 1208 Schol.
572 1176 737 1212 Nicandri,
762 1187 793 1217 p.
823 1178 886 1213 603

227 1227 353 1257 Tzetzes
366 1226 449 1257 Chil.
465 1225 486 1256 i.
501 1227 550 1256 ll.
575 1226 678 1255 OEhalo
693 1231 801 1255 natum
818 1235 889 1255 eum

230 1275 394 1317 perhibent
413 1274 569 1315 Hyginus,
588 1275 652 1305 fab.
672 1275 729 1304 271
745 1286 753 1311 3
778 1274 889 1304 Lucia-

228 1335 297 1359 nuS,
325 1330 399 1354 tom.
424 1324 446 1354 i.
467 1335 498 1365 p.
519 1325 600 1361 1493
623 1323 746 1353 Servius
768 1323 807 1352 ad
832 1323 889 1352 AE-

229 1373 313 1404 neid.
330 1373 371 1403 xi.
388 1374 438 1403 69.
484 1372 546 1403 Sed
568 1372 694 1403 Coluth.
710 1372 805 1413 Rapt.
817 1372 890 1402 Hel.

231 1433 264 1464 p.
282 1432 323 1452 m.
340 1423 391 1452 43.
413 1421 490 1452 nihil
510 1420 661 1452 decernit.
707 1421 778 1452 Jam
795 1431 891 1461 quum

230 1481 339 1512 parum
362 1469 512 1500 credibile
538 1469 588 1504 sit,
606 1470 755 1499 Nostrum
780 1469 812 1499 in
839 1478 890 1498 ea-

231 1519 302 1550 dem
329 1518 438 1549 sabula
459 1529 542 1549 nunc
562 1518 629 1554 hos,
650 1528 732 1548 nunc
752 1517 822 1548 illos
843 1528 891 1548 se-

231 1574 339 1598 cutum
364 1578 442 1603 esse,
465 1567 624 1609 quaeritur,
646 1567 800 1608 quomodo
824 1567 890 1598 haec

233 1617 359 1648 nomina
379 1618 534 1659 capienda
553 1617 625 1647 sint.
671 1617 736 1647 Alii
757 1619 892 1658 Amycli-

232 1670 297 1697 ‹Iem
328 1667 488 1708 explicant
513 1666 723 1706 Amyclaeum,
752 1666 893 1707 Amyclis

233 1715 412 1746 oriundum.
452 1716 545 1747 Certe
563 1725 581 1745 a
594 1715 736 1757 Palaeph.
753 1726 823 1756 cap.
840 1717 892 1746 47.

234 1771 362 1795 vocatur
385 1763 588 1805 ’Λμυκλαῖον
611 1763 785 1804 μειράκιον,
815 1770 846 1795 et
875 1775 893 1795 a

235 1813 422 1849 Claudiano,
442 1814 484 1844 R.
501 1815 539 1844 P.
554 1813 586 1844 ii.
605 1814 676 1844 133.
699 1820 789 1843 ‘natus
801 1814 893 1854 Amy-

234 1865 298 1894 clis.
343 1863 409 1893 Alii
432 1869 540 1893 contra
557 1863 721 1892 OEbalidem
742 1862 893 1904 interpre-

234 1918 339 1942 tantur
355 1911 482 1942 OEbalia
504 1910 690 1948 oriundum3
718 1911 800 1951 quod
826 1911 894 1941 ferri

235 1961 321 1990 nullo
340 1960 432 1990 modo
452 1966 564 2001 potest.
608 1959 737 1990 sienim
757 1959 895 2000 Amyclae

237 2008 318 2039 filius
345 2008 412 2043 fuit,
438 2019 497 2038 non
517 2008 618 2049 potuit
637 2007 770 2038 OEbaliae
796 2008 893 2043 nasci,

237 2067 308 2098 quae
333 2056 460 2087 condita
484 2062 530 2087 est
555 2057 594 2086 ab
614 2057 737 2091 OEbalo,
753 2056 895 2097 Amyclae

237 2111 348 2147 nepote
364 2117 371 2143 ;
388 2105 452 2136 vid.
468 2105 640 2136 Pausanias
655 2105 686 2135 d.
702 2105 724 2135 l.
738 2105 896 2146 idemque,

236 2166 268 2196 p.
292 2156 366 2185 258.
403 2154 588 2195 suspicatur,
629 2154 768 2184 fabulam
804 2154 896 2195 longe

238 2203 327 2233 aliter
349 2213 381 2233 se
402 2203 530 2238 habere,
549 2212 584 2232 ac
600 2202 694 2243 vulgo
715 2208 897 2244 exponatur.

238 2253 310 2282 Sine
335 2251 430 2282 dubio
446 2253 615 2292 Amyclisles
637 2252 669 2282 h.
687 2251 710 2282 l.
727 2258 773 2282 est
796 2253 896 2292 Amy-

239 2301 296 2331 clae
334 2311 497 2342 pronepos,
530 2306 561 2331 et
600 2302 758 2337 OElmlides,
792 2301 897 2332 OEbali

239 2350 332 2380 filius.
379 2349 461 2379 Nam
479 2349 584 2384 etiam,
602 2349 644 2380 iv.
662 2350 735 2380 672.
752 2352 898 2380 Abantia-

240 2401 288 2428 des
318 2404 445 2429 vocatur
484 2399 625 2433 Perseus,
658 2398 792 2428 Abantis
828 2409 896 2439 pro—

239 2458 345 2488 nepos.
396 2447 479 2476 Infra
511 2457 574 2477 ver.
603 2447 677 2476 217.
705 2448 817 2488 Sparta
845 2458 898 2488 ge·

240 2495 343 2525 nuisse
369 2495 451 2525 hunc
475 2495 623 2536 juvenem
649 2495 774 2530 dicitur,
800 2507 896 2536 quan-

243 2554 337 2584 quam
352 2545 393 2574 V.
410 2545 493 2574 Fast.
512 2546 588 2574 223.
615 2545 812 2584 Therapnffus
835 2556 899 2575 rur-

242 2603 293 2622 sus
309 2600 436 2623 vocatur
453 2604 471 2623 a
484 2593 666 2635 Therapnis,
681 2594 743 2624 alia
754 2594 898 2625 Laconia-3

244 2642 331 2671 urbe.
392 2643 437 2671 Ex
475 2642 638 2677 Perizonii‚
668 2643 699 2673 in
730 2643 900 2675 AnimadV.

242 2688 314 2721 hist.
339 2701 368 2730 p.
393 2692 464 2721 407.
490 2692 655 2729 sententia,
680 2692 793 2723 Noster
821 2692 900 2723 duas

954 882 1124 913 sententias
1161 880 1312 916 confudit,
1341 884 1376 911 ut
1404 878 1461 909 xii.
1494 878 1552 908 189
1581 882 1614 908 et

955 933 1028 962 209.
1053 931 1085 962 in
1110 930 1215 961 Caenei
1242 929 1422 971 majoribus.
1456 927 1611 958 Caeterum

955 986 1066 1021 praeter
1093 987 1232 1010 auctores
1257 979 1323 1020 jam
1351 976 1495 1007 laudatos
1519 975 1614 1005 etiam

956 1029 1131 1070 Euripides,
1148 1029 1261 1058 Helen.
1273 1037 1336 1057 ver.
1356 1027 1437 1056 1482
1450 1024 1612 1066 sqq.hanc

955 1077 1093 1108 fabulam
1131 1076 1289 1107 tractavit.
1350 1075 1389 1105 In
1425 1075 1542 1109 (ethere,
1578 1071 1611 1102 in

955 1127 1047 1162 coelo,
1060 1126 1139 1156 inter
1156 1126 1241 1155 Deos
1257 1124 1423 1158 retulisset,
1441 1128 1476 1152 ut
1490 1120 1615 1163 Jupiter

956 1174 1186 1216 Ganymedem.
1225 1174 1539 1207 Tristia—dedissent,
1555 1169 1615 1200 nisi

956 1225 1056 1255 celere
1073 1229 1103 1254 et
1117 1229 1304 1265 praematura
1318 1227 1416 1252 morte
1435 1221 1618 1261 absumptus

956 1284 1057 1304 esses:
1084 1275 1193 1308 tristia,
1210 1272 1285 1314 quia
1304 1278 1335 1302 et
1351 1270 1488 1301 violenta
1505 1274 1538 1300 et
1553 1269 1613 1299 irn-

957 1331 1079 1353 matura
1092 1332 1183 1352 mors.

1004 1372 1074 1401 164.
1090 1372 1247 1403 AEternus.
1266 1370 1340 1412 quia
1360 1369 1548 1411 hyacinthus
1562 1368 1619 1398 flos

959 1419 1125 1460 quotannis
1160 1419 1331 1450 renascitur
1349 1431 1355 1448 :
1389 1426 1516 1448 aeternus
1551 1427 1618 1458 pro,

958 1468 1150 1505 immortalis,
1172 1475 1207 1499 ut
1228 1468 1261 1499 ii.
1277 1469 1352 1499 653.
1400 1468 1531 1505 Repellit
1555 1467 1618 1496 hie-

958 1529 1043 1548 mem.
1091 1518 1179 1559 Virg.
1210 1518 1327 1558 Georg.
1356 1517 1397 1547 iv.
1424 1518 1476 1547 51.
1500 1517 1618 1556 pulsam

960 1567 1080 1597 hiemem
1100 1569 1141 1597 sol
1160 1569 1220 1608 egit
1243 1568 1295 1597 sub
1318 1573 1423 1597 terras.
1460 1566 1511 1596 De
1527 1568 1616 1605 pisci-

960 1618 1012 1646 hus
1027 1618 1116 1657 (nam
1138 1616 1218 1657 sing.
1233 1619 1307 1656 pisci
1327 1626 1379 1657 pro
1400 1615 1531 1657 plural.)
1546 1615 1619 1646 vide

960 1664 999 1695 ad
1016 1675 1080 1695 ver.
1098 1666 1150 1695 78.
1195 1667 1306 1695 Arietis
1331 1664 1454 1705 signum
1475 1664 1521 1694 sol
1543 1664 1617 1694 olim

960 1713 1192 1754 ingrediebatur
1222 1713 1310 1744 initio
1337 1713 1428 1744 veriS.
1486 1712 1619 1743 Verum-e

960 1762 1113 1804 exquisite
1137 1762 1175 1793 de
1198 1763 1323 1793 floribus
1338 1763 1459 1793 vernis:
1481 1761 1552 1792 vide
1577 1761 1617 1792 ad

963 1811 1013 1841 vii.
1037 1812 1121 1849 2843
1148 1810 1352 1847 Claudianus,
1374 1811 1404 1841 d.
1429 1811 1452 1842 l.
1476 1810 1617 1851 Hyacin-

962 1859 1033 1890 thus
1045 1865 1076 1890 et
1090 1859 1254 1890 Narcissus
1267 1861 1373 1890 inclita
1384 1863 1520 1901 germina
1534 1862 1622 1891 veris.

1009 1909 1079 1938 167.
1098 1908 1136 1938 Te
1151 1919 1230 1938 meus
1247 1915 1318 1938 ante
1331 1908 1431 1948 alios]
1451 1909 1544 1939 Pater
1559 1909 1619 1939 Or-

963 1957 1035 1998 phei
1051 1958 1195 1998 OEagrus,
1210 1968 1261 1988 rex
1275 1957 1427 1993 Thraciae,
1443 1958 1537 1988 fuisse
1553 1968 1620 1989 cre-

964 2006 1059 2036 ditur.
1093 2006 1154 2036 Sed
1170 2012 1200 2037 et
1216 2006 1265 2036 hic
1282 2012 1314 2036 et
1326 2006 1408 2047 apud
1423 2006 1499 2037 alios
1513 2012 1623 2048 poetas

963 2054 1078 2096 Apollo
1093 2055 1176 2085 hunc
1193 2061 1294 2086 vatem
1311 2055 1455 2095 genuisse
1477 2055 1623 2092 traditur,

965 2103 1041 2134 forte
1071 2103 1146 2144 quia
1173 2103 1288 2145 Apollo
1312 2104 1369 2133 sub
1391 2103 1498 2144 OEagri
1523 2104 1622 2146 figura

963 2163 1035 2183 cum
1060 2153 1205 2193 Calliopa,
1228 2152 1418 2190 concubuit;
1438 2153 1509 2183 vide
1529 2155 1621 2184 Parr-

964 2201 1029 2231 has.
1059 2201 1098 2231 ad
1129 2201 1296 2232 Claudian.
1321 2201 1414 2231 Praef.
1444 2201 1489 2232 Π.
1520 2202 1563 2233 R.
1583 2203 1622 2234 P.

963 2257 1034 2280 ante
1050 2252 1136 2285 alios,
1153 2261 1215 2292 prae
1237 2250 1371 2280 caeteris.
1419 2251 1541 2290 Delphi,
1557 2261 1624 2282 ora-

965 2299 1070 2329 culum
1086 2299 1291 2340 Delphicum.
1326 2299 1467 2340 Delphos
1483 2302 1515 2330 in
1530 2302 1625 2331 medio

965 2350 1031 2378 orbe
1059 2349 1133 2378 sitos
1162 2348 1267 2384 fuisse,
1296 2348 1340 2378 ita
1377 2348 1536 2389 cognitum
1566 2354 1625 2380 est.

964 2398 1088 2438 Jupiter
1102 2399 1272 2438 Armigeros
1283 2400 1433 2438 utrimque
1444 2399 1516 2429 duos
1528 2410 1624 2439 tequa-

967 2448 1043 2476 libus
1071 2448 1128 2476 alis·
1155 2447 1241 2476 Misit
1267 2449 1303 2476 ab
1330 2447 1408 2482 Eois,
1438 2449 1627 2488 occiduisque

966 2496 1072 2536 plagis.
1098 2495 1266 2525 Parnassus
1274 2496 1624 2536 gemz'nosfertztrjum-

968 2546 1018 2574 isse
1034 2546 1167 2574 volatus:
1191 2545 1258 2574 haec
1272 2544 1466 2575 Claudianus
1481 2545 1576 2576 Praef.
1593 2547 1626 2576 in

966 2593 1084 2623 Theod.
1101 2593 1194 2623 Cous.

1012 2643 1083 2672 169.
1109 2642 1278 2681 Eurotan]
1308 2642 1451 2672 Laconiae
1480 2642 1623 2674 fluvium.

969 2691 1172 2723 Imm-unitum.
1208 2690 1358 2728 Quidam,
1382 2697 1507 2722 notante
1535 2691 1625 2723 Vivi-
