1779 3130
387 166 1004 207 METAMORPHOSEON
1038 166 1156 206 LIB.
1191 166 1282 206 XI.

1443 168 1527 208 2:33

141 281 309 342 Seque
335 288 441 327 toro
467 282 633 343 ponit:
675 289 876 327 renovat
900 282 1159 342 lectusque
1185 282 1424 342 locusque

140 355 411 419 Halcyonae
439 356 691 411 lacrimas;
734 364 783 402 et
804 373 914 418 quae
940 372 1070 419 pars,
1097 357 1345 412 admonet,
1374 358 1517 404 absit.

139 432 391 478 Portubus
417 431 662 485 exierant;
704 439 754 477 et
778 440 997 478 moverat
1023 448 1140 478 aura
1166 433 1416 480 rudentes.

137 507 366 554 Obvertit
386 507 525 552 lateri
552 507 826 569 pendentes
853 508 1019 554 navita
1043 524 1232 561 remos;

1420 512 1516 555 475

139 584 437 645 Cornuaque
464 583 511 628 in
539 598 731 629 sumnia
757 584 889 629 locat
913 584 1100 638 arbore,
1129 591 1333 646 totaque
1359 586 1487 631 malo

138 660 361 706 Carbasa
386 659 604 713 deducit,
630 659 987 722 venientesque
1009 659 1198 721 excipit
1225 676 1385 706 auras.

134 735 236 782 Aut
260 736 439 789 minus,
467 742 551 781 aut
585 742 720 781 certe
746 735 963 781 medium
991 752 1087 782 non
1114 736 1325 798 amplius
1352 752 1520 798 aequor

134 811 311 874 Puppe
338 811 614 865 secabatur,
642 811 890 873 longeque
916 818 1021 857 erat
1045 818 1254 873 utraque
1275 813 1437 867 tellus,

132 887 298 941 Quum
314 903 447 933 mare
465 887 555 933 sub
567 894 762 932 noctem
774 887 975 933 tumidis
988 887 1240 934 albescere
1257 888 1409 951 coepit
1422 891 1519 934 480

134 964 408 1015 Fluctibus,
436 970 485 1010 et
509 979 732 1026 praeceps
760 964 945 1026 spirare
971 964 1212 1010 valentius
1241 963 1418 1010 Eurus.

133 1046 163 1064 “
187 1040 370 1095 Ardua,
393 1039 704 1101 jamdudum,
732 1039 981 1086 demittite
1006 1039 1238 1095 cornua,”
1264 1046 1425 1086 rector

132 1117 345 1171 Clamat,
376 1122 404 1139 “
427 1123 476 1162 et
501 1116 726 1162 antennis
751 1122 910 1162 totum
935 1116 1214 1162 subnectite
1240 1116 1452 1162 velum.''

130 1191 225 1239 Hic
246 1193 418 1255 jubet:
459 1191 734 1254 impediunt
759 1192 977 1238 adversae
997 1193 1140 1254 jussa
1165 1192 1421 1254 procellae3

129 1268 236 1315 Nec
262 1268 380 1314 sinit
403 1267 559 1314 audiri
585 1283 756 1313 vocem
782 1267 943 1330 fragor
968 1268 1179 1329 aequoris
1206 1268 1372 1313 ullam.
1416 1270 1512 1314 485

125 1421 188 1451 cuti
205 1427 276 1451 sunt
291 1421 479 1451 recentiores
495 1421 623 1462 quidam
638 1433 646 1459 3
670 1422 724 1451 sed
745 1421 784 1451 ri-

123 1470 226 1501 dicule
239 1482 246 1508 3
261 1470 330 1500 vide
347 1470 523 1501 Heinsium.
569 1472 651 1500 Absit
667 1471 698 1500 in
713 1481 782 1500 nos—

125 1518 180 1549 tris
199 1518 324 1559 Regiis.

167 1568 240 1597 474.
279 1568 412 1597 Moverat
441 1579 517 1597 aura
541 1567 708 1606 rudentes]
746 1566 783 1596 Id

122 1615 204 1656 quod
230 1615 418 1645 admonebat
442 1621 563 1649 nautas,
587 1620 620 1644 ut
645 1614 782 1644 velorum

120 1675 178 1705 ope
195 1669 367 1694 uterentur.
409 1664 573 1693 Obvertunt
590 1672 661 1702 ergo
679 1663 780 1697 lateri,

120 1719 181 1743 etc.
193 1712 248 1742 hoc
263 1717 320 1746 est,
334 1711 483 1751 remigare
495 1709 657 1740 desistunt.
696 1710 783 1740 Tunc

121 1761 204 1791 enim
221 1771 330 1795 remos,
344 1765 435 1789 antea
449 1761 617 1797 pendentm,
631 1764 783 1788 transver-

119 1820 168 1840 sos
193 1814 322 1850 ponunt,
347 1818 383 1837 ne
411 1808 591 1847 frangantur
617 1808 654 1837 ab
681 1808 782 1843 undis,

120 1858 213 1898 idque
236 1858 365 1887 inhibere
381 1866 472 1885 remos
488 1854 612 1885 dicitur.
660 1856 781 1885 Cornua

117 1905 213 1936 etiam
238 1916 303 1935 ver.
326 1905 408 1941 482;
432 1912 586 1938 antennae,
612 1903 652 1933 ad
678 1904 780 1934 Graec.

117 1954 236 1995 κέρατα
252 1959 282 1984 et
297 1954 432 1994 κεραῖαι,
449 1962 580 1993 quarum
602 1952 780 1982 extremita-

115 2009 162 2034 tes
196 2001 397 2043 ἀκροκέραια.
443 2002 607 2031 Antennas
643 2001 778 2036 funibus,

116 2062 192 2092 quos
215 2050 346 2091 anginas
365 2051 527 2084 dicebant,
546 2051 693 2084 locabant,
711 2049 778 2079 alli—

116 2100 244 2140 gabant,
261 2102 292 2129 ἰιι
309 2110 444 2138 suprema
458 2100 572 2133 arbore,
588 2098 617 2127 in
633 2109 778 2138 suprema

117 2148 191 2179 mali
203 2155 302 2189 parte.
320 2148 370 2178 De
380 2150 500 2178 deducit
512 2147 584 2177 vide
597 2147 634 2177 ad
648 2147 691 2177 iii.
702 2148 776 2178 663.

122 2198 285 2232 Venientes,
300 2197 444 2232 orientes,
458 2197 530 2226 flare
546 2195 740 2236 incipientes.

158 2246 234 2276 478.
260 2246 323 2275 Ant
348 2247 456 2279 minus,
473 2251 539 2279 aut,
556 2244 636 2283 etc.]
663 2244 774 2284 Sequi-

116 2300 165 2325 tur
193 2293 352 2324 horrendae
379 2293 571 2332 tempestatis
599 2292 775 2334 descriptio,

115 2353 184 2384 quae
215 2342 339 2383 singula
367 2342 541 2383 diligenter,
570 2347 706 2383 apteque
736 2342 776 2372 ad

114 2392 268 2423 horrorem
303 2391 504 2433 injiciendum
538 2397 689 2426 recenset,
721 2391 775 2422 sed

116 2442 210 2472 etiam
225 2441 411 2471 luxuriantis
427 2440 542 2481 ingenii
558 2440 678 2481 ineptos
689 2440 775 2470 lusus

115 2489 280 2520 nonnullos
301 2489 406 2524 habet,
430 2500 486 2519 nec
514 2488 639 2519 modum
661 2494 774 2518 servat.

116 2538 242 2568 Praeivit
267 2538 380 2568 Nostro
408 2537 569 2578 Virgilius,
590 2539 666 2568 jEn.
690 2536 712 2567 i.
735 2538 773 2567 81

116 2598 195 2628 sqq;
226 2587 271 2617 iii.
293 2588 362 2618 193.
407 2587 499 2618 Conf.
524 2587 539 2616 l
565 2586 656 2617 Trist.
680 2586 711 2616 ii.
740 2587 777 2616 14

115 2647 172 2677 sqq
188 2647 195 2672 3
221 2635 261 2666 iv.
277 2638 296 2666 5
309 2637 403 2673 -16;
429 2635 522 2666 Silius
541 2635 614 2665 xvii.
630 2636 693 2666 250
708 2646 777 2676 sqq.

116 2686 220 2725 Longe
235 2691 310 2719 erat,
325 2685 416 2726 longe
433 2686 550 2719 aberat,
565 2689 682 2715 remota
696 2689 773 2719 erat,

162 2734 259 2765 VOL.
277 2734 334 2764 IV.

854 1422 943 1461 (vide
964 1422 1117 1452 Schwarz.
1134 1421 1173 1451 ad
1189 1421 1325 1451 Plinium
1346 1422 1425 1451 Pan.
1443 1431 1514 1462 cap.

852 1470 922 1507 25.)
951 1476 1076 1509 utraque
1108 1470 1207 1504 tellus,
1230 1476 1261 1500 et
1288 1468 1455 1500 Trachinia
1483 1477 1515 1500 et

853 1518 939 1552 Asia,
956 1523 990 1547 ut
1005 1517 1081 1548 adeo
1105 1528 1143 1548 ne
1163 1518 1278 1548 tabulis
1293 1518 1419 1558 quidem
1440 1518 1512 1548 insi-

852 1566 960 1596 dentes
983 1577 1062 1596 unus
1089 1572 1120 1596 et
1145 1567 1223 1596 alter
1247 1567 1381 1597 salutem
1408 1573 1512 1607 petere

850 1620 989 1656 possent.
1037 1616 1098 1644 Sub
1123 1622 1235 1645 nortem
1262 1622 1316 1646 aut
1340 1616 1393 1645 sub
1417 1622 1512 1651 nocte,

851 1665 1012 1703 ingruente
1038 1670 1139 1699 nocte,
1166 1670 1200 1694 ut
1223 1666 1276 1694 sub
1300 1665 1367 1700 sole,
1394 1664 1510 1694 oriente

850 1712 924 1742 sole.
971 1712 1075 1742 Noctu
1092 1717 1177 1742 tanto
1194 1712 1323 1742 atrocior
1345 1713 1416 1742 talis
1432 1717 1509 1742 tem—

851 1766 965 1801 pestas.
1012 1761 1168 1796 Allzitndo,
1188 1771 1300 1801 spuma
1323 1760 1395 1790 alba
1413 1770 1510 1800 aqua-

850 1820 927 1843 rum,
946 1819 1040 1849 quam
1063 1809 1159 1839 efficit
1182 1810 1297 1850 primus
1321 1815 1441 1844 ventus,
1463 1810 1510 1839 fu-

849 1863 924 1888 turae
941 1858 1133 1899 tempestatis
1149 1858 1310 1889 indicium.
1345 1858 1507 1899 Virgilius,

849 1908 924 1936 AEn.
938 1906 990 1936 vii.
1006 1907 1080 1937 528.
1128 1906 1230 1936 Eurus
1254 1906 1400 1937 adversus
1423 1912 1469 1937 est
1491 1917 1507 1937 e

849 1955 973 1985 Graecia
989 1955 1021 1984 in
1036 1954 1144 1985 Asiam
1162 1956 1391 1995 navigantibus.

892 2004 965 2033 482.
991 2004 1098 2033 Ardua
1121 2005 1277 2039 demittite,
1292 2003 1371 2043 etc.]
1396 2004 1507 2034 Studia

848 2057 1012 2082 nautarum
1036 2062 1157 2082 summa
1176 2062 1247 2082 cum
1271 2053 1505 2082 concursatione

846 2099 903 2130 sibi
941 2100 1074 2140 navique
1113 2100 1350 2130 consulentium.
1411 2100 1503 2130 Conf.

846 2149 1050 2184 Claudianus,
1076 2149 1114 2179 B.
1136 2149 1207 2179 Get.
1225 2159 1286 2179 ver.
1302 2149 1383 2178 274:
1412 2149 1504 2179 Nunc

846 2200 956 2227 instare
982 2208 1086 2232 manu,
1116 2203 1174 2226 toto
1203 2208 1285 2227 nunc
1314 2198 1416 2227 robore
1445 2200 1503 2227 niti

847 2246 1001 2275 Communi
1027 2257 1081 2284 pro
1105 2246 1170 2275 luce
1195 2247 1298 2281 decet‚·
1327 2257 1503 2276 succurrere

844 2296 924 2329 velis,
943 2294 1258 2334 Eshuurirefretum,
1278 2297 1374 2324 varios
1396 2300 1503 2332 aptare

843 2344 994 2378 rudentes,
1011 2342 1152 2372 Omnibus
1164 2349 1191 2372 et
1204 2344 1384 2381 doctijussis
1398 2353 1502 2381 parcre

842 2393 991 2432 magistri.
1035 2391 1232 2426 Jamdudum,
1271 2391 1427 2425 continuo,
1467 2398 1502 2421 ut

843 2440 909 2470 xiii.
927 2441 998 2470 457.
1017 2445 1048 2470 et
1072 2440 1158 2480 Virg.
1179 2441 1255 2469 AEn.
1281 2439 1312 2469 ii.
1332 2440 1400 2469 103.
1415 2443 1499 2479 jam-

843 2490 955 2519 dudum
980 2491 1086 2518 sumite
1110 2499 1220 2526 pavum,
1245 2487 1298 2518 ubi
1324 2489 1394 2518 vide
1420 2489 1499 2519 Bur-

843 2548 1003 2567 mannum.
1028 2538 1198 2567 Snbneetite
1213 2538 1320 2572 velum,
1334 2538 1436 2568 velum
1452 2538 1498 2568 in-

844 2586 983 2616 volutum
1014 2585 1141 2626 alligate
1170 2585 1324 2616 antennis.
1371 2586 1408 2616 Id
1436 2597 1498 2627 quo

845 2641 936 2676 pacto
956 2635 1073 2664 factum
1096 2634 1146 2669 sit.
1162 2634 1296 2665 ostendit
1318 2634 1380 2665 fab.
1397 2635 1450 2665 20.
1467 2634 1498 2665 in

842 2683 960 2714 Potteri
975 2683 1131 2714 Archaeol.
1147 2688 1219 2714 tom.
1236 2683 1268 2714 ii.

971 2733 998 2761 H
1016 2732 1034 2761 h
