1779 3130
344 172 965 214 METAMORPHOSEON
999 173 1118 214 LIB.
1153 174 1288 216 VIII.
1453 178 1506 218 31

120 284 377 333 Institerat
401 285 590 347 digitis,
618 285 803 348 primos
830 302 1101 348 suspensus
1123 287 1172 332 in
1197 295 1351 335 artus.

121 361 353 424 Occupat
378 362 634 416 audacem,
664 377 864 423 quaque
889 368 966 407 est
989 362 1066 408 via
1090 364 1316 425 proxima
1339 365 1455 420 leto,

125 437 331 484 Summa
346 437 478 484 ferus
496 438 718 499 geminos
729 438 913 484 direxit
928 438 976 483 in
992 438 1194 499 inguina
1208 440 1398 487 (lentes.
1413 444 1509 488 400

121 514 355 561 Concidit
380 514 622 562 Ancaeus:
664 515 1034 576 glomerataque
1061 516 1299 576 sanguine
1320 518 1475 564 multo

121 589 324 636 Viscera
340 591 481 653 lapsa
495 591 669 644 fluunt,
682 590 1062 651 madefactaque
1082 598 1211 636 terra
1226 607 1397 639 cruore
1413 599 1506 640 est.

124 665 240 712 Ibat
264 667 313 712 in
335 667 611 720 adversum,
639 667 801 728 proles
831 665 1034 720 Ixionis,
1062 666 1255 712 hostem

122 741 391 794 Pirithous,
418 742 581 788 valida
605 741 835 802 quatiens
860 742 1104 788 venabula
1127 743 1320 790 dextra.

120 817 232 871 Cui,
253 824 281 841 ‘⁶
301 817 763 878 P1·ocul,''AEgides,
784 823 814 841 “
831 834 859 864 o
875 834 953 865 me
969 819 1089 865 mihi
1105 820 1311 874 cari0r‚”
1328 821 1506 883 inquit,

121 900 150 917 “
180 894 303 940 Pars
325 894 501 940 animae
518 894 734 941 consiste
749 910 871 940 meae
890 910 899 941 :
929 895 1046 941 licet
1064 895 1256 942 eminus
1274 913 1383 943 esse
1409 901 1505 944 406

122 970 379 1027 Fortibus;
421 971 604 1017 Ancaeo
631 971 800 1018 nocuit
825 972 1086 1018 temeraria
1108 972 1314 1019 virtus.'’

125 1047 293 1094 Dixit:
334 1054 384 1093 et
408 1054 559 1094 aerata
582 1048 725 1094 torsit
750 1064 896 1110 grave
923 1049 1130 1111 cuspide
1156 1065 1387 1097 cornum:

122 1123 233 1177 Quo
259 1124 385 1170 bene
410 1124 602 1179 librato,
629 1126 830 1187 votique
856 1132 1059 1187 potente
1083 1124 1264 1180 futuro,

126 1199 337 1245 Obstitit
361 1201 560 1246 esculea
583 1200 844 1247 frondosus
870 1201 932 1247 ab
958 1201 1132 1247 arbore
1158 1217 1337 1248 ramus.

1411 1204 1508 1248 410

124 1275 267 1322 Misit
290 1283 340 1321 et
365 1275 626 1323 AEsonides
646 1278 898 1338 jaculum:
939 1277 1074 1338 quod
1100 1292 1244 1323 casus
1270 1278 1331 1323 ab
1357 1277 1439 1324 illo

123 1351 287 1398 Vertit
307 1352 355 1398 in
382 1352 612 1399 immeriti
636 1352 791 1400 fatum
815 1353 1056 1408 latrantis,
1084 1360 1150 1408 et,
1177 1353 1305 1400 inter

125 1428 217 1474 Ilia
240 1429 537 1491 conjectum,
559 1430 735 1477 tellure
760 1446 849 1492 per
873 1429 957 1475 ilia
980 1429 1134 1475 fixum
1160 1436 1251 1476 est.

125 1581 220 1610 latum
241 1581 301 1611 alte
323 1583 477 1621 consurgit
500 1583 534 1611 in
551 1591 657 1612 ensem.
701 1582 783 1612 Bur-

125 1639 268 1665 mannus,
294 1629 333 1659 ad
356 1629 424 1659 Art.
440 1629 580 1660 Amator.
596 1630 616 1660 i.
632 1631 705 1660 608.
721 1630 783 1660 dis-

125 1678 242 1709 crimen
263 1680 417 1714 observat,
433 1679 516 1720 quod
532 1685 578 1709 est
595 1679 673 1709 inter
687 1681 783 1709 auda-

125 1738 186 1757 cem
207 1732 236 1757 et
257 1730 426 1758 audentem.
463 1729 573 1758 Audax
587 1734 634 1758 est
649 1734 782 1758 temera-

126 1776 199 1811 rius,
215 1775 317 1816 qualis
341 1775 399 1806 fuit
418 1775 567 1810 Ancaeus,
584 1787 674 1806 versu
701 1777 783 1806 407:

127 1825 183 1855 sed
204 1827 329 1859 audens,
348 1825 442 1860 fortis,
456 1825 624 1861 animosus,
640 1831 786 1856 constans

128 1873 183 1915 qui
204 1873 358 1914 intrepido
383 1874 486 1904 animo
511 1874 615 1905 omnia
641 1875 786 1915 aggredi-

129 1926 196 1952 tur:
221 1921 302 1951 male
326 1921 430 1963 igitur,
452 1922 504 1963 qui
529 1923 585 1953 hoc
607 1923 676 1954 loco
691 1924 786 1964 vulgo

127 1972 296 2001 audentem.
359 1970 506 2009 Occupat,
543 1971 625 2012 prior
655 1971 786 2003 invadit.

131 2019 199 2053 Qua
224 2021 273 2048 via
293 2021 427 2058 proxima
446 2021 521 2049 leto:
546 2020 620 2050 AEn.
636 2018 692 2050 xii.
709 2021 785 2051 507.

127 2068 273 2107 quafala
302 2069 469 2103 celerrima,
496 2079 607 2109 nempe
633 2069 707 2109 quia
729 2079 785 2099 an-

127 2114 220 2145 terior
235 2115 410 2145 abdominis
422 2126 493 2156 pars
507 2116 626 2146 ossibus
641 2116 785 2147 defendi-

127 2169 177 2194 tur
196 2163 301 2194 nullis.
348 2164 452 2194 Etiam
468 2165 652 2200 Pausanias,
669 2177 699 2206 p.
714 2167 787 2195 606.

129 2212 168 2242 de
196 2212 324 2247 Ancae0‚
352 2211 519 2244 ἀπέθανεν
542 2213 608 2244 ὑπὸ
638 2215 694 2244 τοῦ
722 2214 787 2251 ὑός.

131 2261 244 2291 Femur
279 2261 345 2301 ejus
382 2261 527 2292 haustum
565 2273 630 2292 esse
668 2262 789 2293 dixerat

131 2309 339 2350 Pherecydes.
357 2309 464 2340 Verba
478 2311 715 2352 madefactaque,
728 2317 788 2342 etc.

130 2358 242 2388 melius
256 2358 398 2388 abessent
414 2369 421 2394 3
447 2358 505 2388 hoc
521 2359 603 2389 enim
620 2365 727 2400 sponte
743 2360 788 2389 in-

131 2405 294 2446 telligitur.
333 2406 441 2447 Gierig
465 2413 566 2444 errat3
592 2417 662 2437 nam
680 2407 704 2436 si
720 2418 788 2437 san-

131 2457 200 2496 guis
221 2455 436 2495 multusfluit,
458 2465 581 2486 necesse
606 2461 652 2486 est
676 2461 789 2486 terram

132 2504 190 2534 hoc
206 2503 273 2544 ipso
288 2503 457 2535 madefieri.

176 2553 250 2583 404.
268 2553 423 2583 Pirithous
444 2552 475 2583 in
500 2559 692 2583 monument.
728 2554 788 2583 Te-

132 2607 215 2642 geat.
230 2607 401 2642 postremus
416 2601 586 2631 collocatus
601 2607 677 2632 erat.
714 2601 788 2631 Prn-

133 2651 184 2679 cul
199 2650 353 2691 conjunge
369 2660 440 2680 cum
457 2652 590 2680 consiste.
631 2650 708 2680 Pars
722 2652 790 2680 ani-

134 2708 185 2726 ma*
201 2709 278 2731 rneae.
295 2709 352 2728 vox
373 2698 526 2728 tenerrimi
543 2698 691 2729 affectus:
712 2699 788 2729 Hor.

851 1581 913 1611 Od.
941 1582 967 1612 I.
994 1580 1039 1611 iii.
1066 1583 1098 1612 8.
1123 1584 1229 1612 anima*
1254 1584 1409 1613 dimidium
1433 1594 1511 1616 metr.

854 1631 971 1660 Cornus
995 1631 1114 1671 lignum
1138 1630 1208 1661 telis
1230 1632 1431 1663 conficiendis
1457 1644 1512 1674 ap-

851 1685 927 1714 tum,
941 1679 1024 1710 unde
1049 1690 1102 1720 pro
1123 1679 1230 1720 jaculo
1251 1686 1283 1710 et
1300 1682 1415 1721 sagitta
1437 1683 1509 1712 sub-

852 1727 924 1758 inde
944 1728 1079 1768 ponitur.
1127 1728 1242 1758 Confer
1257 1728 1310 1758 vii.
1325 1729 1398 1760 678.
1448 1730 1512 1761 Voti

850 1782 963 1815 potens,
982 1776 1035 1816 qui
1054 1776 1228 1817 assequitur
1242 1776 1324 1817 quod
1340 1777 1439 1818 cupit.

897 1826 970 1855 408.
1001 1825 1134 1855 Cornum
1158 1825 1246 1855 dedit
1276 1826 1422 1856 Heinsius
1456 1838 1511 1868 pro

852 1884 957 1903 cornu.
994 1873 1056 1903 Sed
1086 1875 1286 1904 Burmannus
1308 1874 1442 1911 dubitat,
1471 1886 1511 1906 an

854 1929 961 1953 neutro
975 1933 1088 1963 genere
1103 1923 1161 1954 hoc
1176 1934 1268 1954 sensu
1283 1931 1436 1965 ponatur;
1451 1925 1510 1955 ita—

853 1982 914 2012 que
931 1983 1025 2011 grave
1045 1982 1063 2002 a
1087 1972 1264 2012 glossatoris
1279 1982 1373 2003 manu
1387 1973 1512 2004 fluxisse

853 2025 954 2061 putat,
985 2025 1015 2050 et
1045 2019 1131 2060 legit,
1158 2027 1251 2050 aerata
1279 2023 1418 2052 contorsit
1445 2033 1511 2052 cus-

851 2070 921 2107 pide
948 2080 1084 2103 cornum,
1117 2074 1147 2098 et
1171 2079 1236 2109 seq.
1264 2079 1312 2099 VS.
1351 2069 1419 2103 Qua
1443 2072 1512 2100 bene

856 2117 1132 2156 librata—futura.
1177 2117 1271 2157 Regii
1299 2118 1406 2153 nostri,
1430 2122 1513 2150 torsit

852 2177 945 2207 grave
962 2168 1082 2204 cuspide
1092 2177 1197 2201 cornu,
1213 2166 1348 2196 Cuibene
1361 2168 1512 2198 librato-—

844 2215 926 2254 futu
934 2227 974 2245 ro.
1005 2214 1139 2245 Dativus
1154 2225 1215 2245 non
1231 2215 1386 2246 convenit.

898 2264 972 2293 411.
1010 2263 1095 2293 Misit
1133 2270 1161 2293 et
1190 2263 1371 2303 AEsonides.]
1412 2264 1512 2295 Recte

854 2312 935 2342 Tan.
958 2313 1093 2342 Fabrum
1116 2312 1245 2342 offendit
1268 2312 1335 2348 hoc,
1354 2313 1436 2353 quod
1461 2314 1511 2344 hic

855 2360 965 2391 iterum
984 2362 1136 2391 AEsonides
1158 2361 1222 2391 sive
1237 2362 1335 2392 Jason
1361 2372 1512 2393 memora-

856 2416 916 2445 tur,
941 2420 1038 2451 quum
1064 2409 1146 2440 idem
1167 2410 1246 2450 jam,
1268 2420 1357 2440 versu
1379 2412 1452 2440 549.
1468 2415 1514 2441 te-

856 2457 920 2487 lum
958 2457 1077 2487 misisse
1120 2458 1266 2495 dicatur,
1304 2468 1374 2488 nam
1411 2459 1514 2489 caeteri

856 2516 962 2536 omnes
987 2507 1084 2536 semel
1106 2512 1227 2536 tantum
1257 2506 1376 2537 misisse
1405 2507 1513 2547 legun-

856 2560 917 2588 tur,
936 2554 1018 2594 quod
1034 2560 1065 2584 et
1078 2554 1256 2595 postulabat
1270 2554 1355 2589 ordo,
1374 2565 1435 2595 quo
1449 2556 1513 2586 col-

857 2603 950 2633 locati
965 2608 1062 2633 erant.
1107 2603 1167 2633 Sed
1190 2603 1274 2644 quod
1296 2613 1407 2634 nomen
1426 2603 1514 2634 resti-

858 2651 1008 2681 tuendum
1032 2651 1082 2686 sit,
1101 2650 1166 2682 sine
1190 2652 1282 2683 MSS.
1298 2661 1355 2692 ope
1369 2651 1419 2682 vix
1441 2662 1512 2682 con-

858 2700 941 2730 stitui
958 2705 1069 2741 potest.
