1779 3130
380 169 998 212 METAMORPHOSEON
1031 170 1150 212 LIB.
1184 171 1330 213 XIII.

1461 174 1546 215 333

166 281 388 330 Carbasa
412 291 546 330 mota
571 291 774 330 sonant:
809 285 955 346 jubet
979 285 1050 331 uti
1077 286 1241 333 navita
1264 287 1442 336 ventis.

163 362 193 380 “
215 357 377 421 Troja,
404 361 539 415 vale3
568 360 784 422 rapimur
801 359 846 416 3³³
873 361 1104 417 clamant,
1128 362 1350 425 dantque
1376 364 1548 410 oscula

359 443 500 481 terrae

1449 442 1547 485 420

161 508 395 565 TroadeS‚
424 518 474 557 et
500 510 669 573 patriae
695 510 934 557 fumantia
960 519 1095 558 tecta
1119 513 1420 575 relinquunt.

163 585 354 632 Ultima
378 587 669 634 conscendit
694 586 922 642 classem,
951 588 1230 635 miserabile
1256 590 1388 635 visu!

163 660 221 707 In
246 663 422 708 mediis
451 662 660 709 Hecube
686 668 913 709 natorum
939 663 1139 710 inventa
1163 665 1421 727 sepulcris.

162 736 489 784 Prensantem
509 738 743 792 tumulos,
766 745 916 800 atque
941 739 1136 785 ossibus
1157 741 1327 787 oscula
1344 741 1545 788 dantem

163 813 408 861 Dulichiae
428 822 623 862 traxere
649 830 852 862 manus:
881 822 1049 861 tamen
1074 816 1219 862 unius
1245 817 1424 873 hausit,
1448 820 1544 865 425

163 889 323 953 Inque
349 892 458 937 sinu
484 892 674 938 cineres
700 908 870 938 secum
896 892 1008 938 tulit
1035 891 1268 939 Hectoris
1295 893 1514 941 haustos.

161 964 394 1013 Hectoris
418 968 467 1013 in
494 967 683 1013 tumulo
709 983 888 1013 canum
914 968 975 1014 de
999 968 1182 1015 vertice
1208 969 1411 1025 crinem,

162 1041 369 1090 Inferias
394 1045 584 1107 inopes,
613 1044 816 1098 crinem,
844 1044 1174 1108 lacrimasque
1200 1046 1452 1108 relinquit.

228 1119 334 1175 Est,
363 1120 446 1166 ubi
472 1120 620 1182 Troja
643 1120 749 1175 fuit,
779 1121 1012 1184 Phrygiae
1039 1122 1283 1168 contraria
1308 1122 1472 1178 tellus,

162 1194 400 1242 Bistoniis
427 1196 651 1243 habitata
674 1196 806 1243 viris.
828 1214 836 1244 z
879 1197 1237 1259 Polymestoris
1265 1198 1363 1244 illic

1446 1201 1543 1244 430

161 1271 321 1333 Regia
345 1272 481 1318 dives
507 1280 627 1327 erat,
655 1273 734 1318 cui
759 1280 808 1320 te
834 1273 1081 1319 commisit
1105 1274 1337 1320 alendum

158 1430 190 1455 et
211 1425 292 1466 apud
310 1426 489 1467 Virgilium,
511 1427 638 1457 AEneid.
654 1427 698 1457 iii.
716 1428 745 1458 3.
762 1427 816 1458 ubi

157 1473 358 1514 proficiscitur
371 1476 499 1511 dimetas,
511 1478 601 1506 0171111'5
617 1476 816 1516 litttnojitrrzat

161 1521 317 1560 Neptunia
336 1523 437 1562 Trqja.

202 1571 275 1601 422.
314 1572 428 1601 Ultima
467 1573 600 1603 Hecuba
637 1572 818 1603 conscendit

161 1620 289 1655 classem,
315 1631 435 1657 navem,
462 1632 499 1651 ex
525 1621 682 1663 Euripidis
704 1621 816 1651 Troad.

159 1678 225 1698 ver.
245 1669 345 1706 13303
369 1669 423 1699 sed
444 1670 557 1700 Noster
577 1680 704 1700 causam
725 1680 817 1700 morae

157 1716 233 1746 satis
248 1716 330 1757 piam
343 1717 483 1748 addidit:
498 1724 588 1748 notus
601 1729 666 1748 mos
680 1718 817 1759 amplec-

157 1765 244 1794 tendi
274 1765 415 1806 sepulcra
445 1766 631 1805 amicorum3
672 1767 752 1797 conf.
783 1767 817 1796 ii.

159 1813 221 1843 338
235 1825 242 1850 3
257 1820 453 1852 prensantem,
470 1815 719 1855 amplectentem.
750 1815 816 1845 Da-

160 1863 265 1897 liclziae,
291 1862 364 1903 quia
390 1863 495 1903 Ulyssi
522 1863 638 1893 tributa
662 1864 817 1900 Hecuba3

158 1911 333 1951 Euripides,
356 1911 469 1942 Tmad.
489 1913 579 1942 1285.
628 1912 749 1946 Hausit,
773 1912 818 1942 ef-

158 1958 244 1994 fodit,
261 1965 293 1989 ut
309 1959 349 1990 xi.
362 1961 432 1990 187.
449 1961 555 1990 hausta
572 1967 663 1991 terra.
688 1960 816 1991 Cineres

157 2007 325 2038 amicorum
348 2019 474 2049 peregre
493 2015 681 2039 mortuorum
707 2009 737 2038 in
762 2019 815 2050 pa-

157 2057 248 2087 triam
271 2057 426 2087 interdum
450 2058 562 2098 portari
581 2058 733 2091 solebant.
750 2057 815 2099 ple-

158 2116 278 2146 runque
297 2107 328 2135 in
349 2109 415 2136 sinu
431 2119 438 2135 .·
462 2106 506 2137 sic
522 2106 607 2147 apud
623 2106 816 2142 Martialem,

157 2155 199 2184 ix.
223 2155 328 2195 Epigr.
344 2156 395 2184 31.
419 2154 555 2184 Rettulit
579 2165 639 2184 ossa
661 2157 729 2184 sinn
753 2157 816 2184 cari

159 2204 293 2245 Nigrina
319 2205 439 2240 mariti‚·
464 2204 507 2233 sic
530 2203 624 2234 etiam
643 2203 817 2245 Agrippina

158 2252 275 2282 cineres
299 2251 479 2282 Germanici
509 2252 556 2282 sui
582 2262 686 2282 secum
712 2252 816 2283 attulit

158 2301 309 2338 Romanu
335 2300 474 2336 Tacitus,
491 2300 574 2330 Ann.
590 2300 635 2330 II.
653 2300 738 2331 lxxv,
758 2302 784 2330 1.

202 2350 275 2380 428.
300 2348 416 2388 Inopes,
434 2348 521 2384 viles,
538 2349 648 2389 quales
663 2354 734 2379 sunt
750 2348 815 2379 ino-

157 2410 231 2441 pum
256 2398 434 2428 hominum:
460 2408 513 2428 eas
533 2408 614 2428 nunc
636 2398 744 2429 offerre
765 2409 813 2428 co·

159 2448 241 2489 gitur
254 2447 360 2487 regina
375 2446 466 2476 modo
479 2446 670 2477 beatissima.
700 2448 816 2477 Contra

160 2496 243 2538 apud
274 2495 380 2537 Eurip.
406 2495 518 2525 Troad.
551 2496 641 2526 1249.
672 2495 815 2526 πλούσια

159 2545 366 2586 κτερίσματα,
384 2544 496 2575 divites
519 2544 647 2579 inferire,
670 2555 747 2585 quas
773 2545 816 2574 ibi

158 2593 275 2634 spernit
303 2593 370 2634 ipsa
400 2593 532 2623 Hecuba
566 2593 622 2623 hoc
653 2592 706 2623 tali
738 2598 816 2623 tem-

160 2652 244 2682 pore.

203 2690 275 2721 429.
300 2690 472 2726 Contraria,
489 2702 525 2720 ex
545 2690 671 2721 adverso
689 2695 782 2730 atque
798 2702 814 2720 e

884 1426 1007 1467 regione
1031 1427 1132 1468 posita
1154 1426 1242 1467 (vide
1263 1427 1282 1457 i.
1299 1428 1339 1458 65
1353 1425 1378 1463 :)
1402 1426 1546 1467 designat

883 1476 1059 1511 Thraciam,
1072 1487 1141 1517 quaa
1155 1476 1359 1517 Hellesponto
1376 1486 1394 1506 a
1410 1475 1546 1517 Phrygia

884 1530 1055 1566 separatur.
1089 1524 1178 1555 Illius
1194 1531 1297 1555 autem
1311 1530 1428 1566 partem
1445 1530 1547 1555 extre-

884 1583 965 1602 mam
984 1572 1117 1602 Bistones
1132 1573 1301 1609 tenebant3
1325 1573 1380 1603 sed
1401 1573 1434 1603 h.
1452 1573 1475 1602 l.
1492 1584 1546 1614 pro

885 1621 1036 1651 universis
1057 1621 1198 1651 Thraciae
1223 1621 1332 1651 incolis
1357 1632 1545 1652 commemo-

885 1668 941 1699 rati
961 1675 1051 1707 sunt;
1077 1680 1147 1700 nam
1166 1670 1386 1710 Polymestoris
1406 1670 1490 1710 regia
1513 1670 1545 1700 in

886 1718 1078 1748 Chersoneso
1092 1718 1243 1749 Thracica
1262 1725 1347 1756 erat,
1370 1719 1439 1749 vide
1456 1718 1545 1749 Euri-

885 1766 951 1807 pid.
972 1766 1051 1796 Hec.
1069 1767 1098 1796 8.
1114 1771 1145 1796 et
1161 1768 1241 1803 5693
1273 1777 1454 1807 quanquam
1476 1777 1545 1797 eam

885 1815 924 1845 ad
934 1815 1030 1845 Hebri
1042 1815 1121 1845 ostia
1129 1815 1285 1845 transtulit
1294 1815 1456 1856 Virgilius,
1468 1817 1546 1846 [En.

884 1863 930 1893 iii.
950 1865 988 1894 13
1004 1875 1071 1905 sqq.
1089 1864 1140 1894 ubi
1159 1863 1227 1894 vide
1246 1864 1359 1905 Heynii
1376 1865 1508 1895 Excurs.
1524 1865 1544 1895 i.

886 1914 992 1953 Vulgo
1036 1913 1188 1943 edebatur
1229 1913 1448 1953 Polymnestor,
1488 1914 1543 1944 sed

885 1961 1032 1992 Heinsius
1051 1961 1188 2003 praetulit
1207 1961 1400 2001 Polymestor,
1416 1967 1450 1992 ut
1465 1962 1544 2003 legi-

883 2015 932 2039 tur
947 2009 1029 2051 apud
1045 2009 1236 2050 Euripidem,
1247 2010 1390 2040 Tzetzem
1405 2016 1436 2040 et
1450 2010 1542 2040 alios:

883 2058 1024 2088 similiter
1040 2063 1158 2088 veteres
1182 2058 1360 2088 scribebant
1385 2059 1545 2099 Clytemes-

884 2113 945 2137 tra.
994 2107 1144 2137 Committi
1166 2107 1205 2137 de
1228 2107 1275 2143 iis,
1300 2107 1354 2148 qui
1377 2107 1544 2139 traduntur

884 2154 1012 2185 alterius
1024 2165 1117 2185 curae.
1143 2155 1310 2196 Polydorus
1323 2157 1405 2197 apud
1417 2157 1545 2188 Homer.

883 2204 922 2234 Il.
936 2208 969 2233 Y.
987 2204 1050 2233 407
1065 2214 1135 2244 sqq.
1154 2204 1191 2234 ab
1208 2204 1333 2234 Achille
1349 2203 1544 2236 interficitur.

882 2251 943 2282 Sed
961 2252 1074 2282 Noster
1094 2258 1124 2282 et
1142 2252 1251 2292 virgil.
1266 2252 1363 2282 secuti
1386 2258 1458 2283 sunt
1477 2254 1541 2284 Eu-

882 2300 975 2341 ripid.
994 2301 1073 2330 Hec.
1089 2299 1157 2330 init.
1174 2300 1238 2330 Alii
1262 2300 1370 2338 aliter3
1396 2300 1458 2332 vid.
1474 2302 1541 2343 Hy-

882 2349 986 2389 ginus,
1018 2349 1080 2379 fab.
1113 2350 1192 2387 109;
1229 2349 1354 2379 Servius
1384 2349 1422 2379 ad
1454 2350 1544 2391 Virg.

883 2398 1011 2428 AEneid.
1026 2398 1069 2428 iii.
1086 2399 1136 2428 49.
1183 2398 1361 2433 Irritamen,
1382 2404 1414 2428 ut
1430 2399 1451 2429 i.
1469 2400 1539 2429 140.

883 2458 946 2486 opes
976 2449 1167 2477 irritamenta
1196 2449 1354 2477 malornm.
1401 2447 1541 2478 Similem

883 2495 1066 2526 sententiam
1085 2495 1172 2525 addit
1190 2495 1357 2536 Virgilius:
1385 2495 1466 2529 Quid
1482 2509 1541 2527 non

882 2546 1020 2574 mortalia
1042 2550 1160 2582 pectora
1181 2546 1271 2585 cogis,
1288 2545 1366 2574 Auri
1387 2555 1471 2575 sacra
1484 2546 1543 2586 fa-

882 2595 962 2623 mes?
985 2592 1086 2622 Etiam
1113 2603 1130 2622 a
1154 2591 1324 2633 Propertio,
1348 2593 1410 2622 ΙΙΙ.
1430 2593 1472 2623 xi.
1489 2595 1541 2624 55.

882 2641 1090 2672 abominabile
1118 2641 1175 2672 hoc
1203 2641 1338 2672 avaritiae
1364 2641 1540 2684 exemplum

883 2695 1150 2720 commemoratur.
