1779 3130
380 167 998 210 METAMORPHOSEON
1033 167 1151 207 LIB.
1187 167 1249 206 X.

1418 166 1498 206 141

124 284 363 346 Ornique,
390 290 440 329 et
464 283 634 344 piceae,
662 297 911 345 pomoque
936 288 1139 327 onerata
1162 280 1355 326 rubenti

121 361 360 415 Arbutus,
388 369 438 406 et
462 360 624 413 lentae,
650 359 848 405 victoris
874 357 1091 420 praemia‚
1119 357 1326 419 palmae3

123 436 189 482 Et
214 435 468 482 succincta
491 450 676 489 comas,
706 434 993 496 hirsutaque
1017 433 1199 479 vertice
1224 433 1398 495 pinus;

124 512 278 558 Grata
304 510 468 557 Deum
495 510 663 566 matri3
705 509 953 571 siquidem
977 509 1249 570 Cybeleius
1274 507 1408 553 Attis

123 587 277 634 Exuit
301 588 392 634 hac
418 587 684 641 hominem,
712 592 988 647 truncoque
1015 584 1234 630 induruit
1258 583 1356 629 illo.
1414 586 1502 628 10.)

1477 585 1499 607 Γ

188 663 344 709 Affuit
368 663 482 710 huic
509 663 682 717 turbae,
707 669 863 708 metas
888 661 1079 707 imitata
1103 675 1386 722 cupressus,

123 738 271 786 Nunc
297 741 454 795 arbor,
482 755 604 802 puer
629 746 742 785 ante
769 737 878 785 Deo
903 737 1116 783 dilectus
1143 736 1204 781 ab
1230 735 1330 790 illo,

124 815 222 869 Qui
247 815 486 861 citharam
511 815 688 870 nervis,
717 822 768 861 et
793 814 952 861 nervis
978 818 1224 875 temperat
1248 827 1407 858 arcus.

123 890 357 954 Namque
384 907 522 938 sacer
545 890 794 953 Nymphis
816 890 1047 936 Carthaea
1068 888 1352 935 tenentibus
1371 902 1501 941 arva,

120 1033 383 1074 quemadmodum
407 1039 514 1064 contra
533 1034 642 1063 Horat.
656 1033 699 1063 II.
716 1032 778 1063 Od.

122 1092 175 1111 κν.
192 1082 224 1111 4.
242 1083 385 1120 platanus
404 1084 512 1117 meleis,
529 1093 589 1112 non
605 1082 716 1123 juncta
732 1081 776 1111 vi-

120 1129 213 1160 tibus.
258 1130 373 1160 Confer
394 1130 484 1163 infra.
510 1130 570 1160 xiv.
587 1132 645 1160 661
673 1136 704 1160 et
727 1131 778 1160 63.

121 1177 326 1213 Claudianus,
344 1179 441 1219 Rapt.
458 1179 543 1209 Pros.
560 1178 592 1208 ii.
611 1180 681 1209 111.
694 1190 776 1218 pam-

117 1227 208 1265 pinus
232 1228 334 1257 z'ndnil
361 1228 463 1257 ulmos.
509 1228 623 1257 Noster
651 1227 734 1256 Fast.
758 1226 778 1257 i.

124 1275 195 1305 153.
207 1275 439 1315 modojbrmatis
448 1277 591 1305 amicitur
605 1276 714 1305 vitibus
729 1286 777 1304 αν-

121 1323 184 1359 bos,·
210 1323 399 1359 Columella,
416 1336 444 1355 v.
457 1324 487 1354 6.
503 1325 606 1353 vestita
624 1324 722 1353 ulmus
736 1326 779 1353 vi-

123 1372 220 1408 tibus;
252 1371 381 1408 Statius,
406 1373 449 1402 vi.
473 1373 528 1403 96.
554 1384 606 1402 uec
634 1372 780 1411 inhospita

122 1421 232 1450 vitibus
249 1421 361 1450 ulmus.
407 1422 564 1452 Caeterum
588 1431 625 1451 ea
642 1431 689 1450 res
709 1431 780 1452 sua-

121 1478 191 1498 vem
213 1469 475 1510 comparationem
497 1469 651 1510 suggessit
666 1470 779 1500 Nostro

123 1517 250 1548 Heroid.
265 1528 295 1548 v.
311 1518 369 1547 47:
396 1518 466 1548 Non
489 1521 530 1548 sic
552 1520 690 1557 appositis
713 1520 778 1548 vin-

121 1567 204 1596 citur
221 1567 331 1596 vitibus
348 1567 458 1602 ulmus,
477 1567 519 1596 Ut
538 1573 590 1596 tua
611 1573 682 1596 sunt
706 1567 779 1596 collo

124 1614 245 1644 brachia
259 1626 334 1644 nem
347 1626 418 1645 meo.

168 1662 239 1693 103.
270 1662 311 1692 Et
340 1663 656 1702 succincta—pinus]
695 1663 778 1694 Plin.

120 1710 186 1741 xvi.
214 1711 269 1741 10:
295 1715 317 1727 ‘¹
334 1711 431 1741 Pinus
455 1716 550 1751 atque
575 1711 710 1752 pinaster
734 1711 778 1741 fo-

120 1758 196 1789 lium
221 1758 338 1789 habent
360 1758 573 1800 capillamenti
591 1758 681 1789 modo
701 1770 778 1800 prae-

120 1807 245 1838 tenue.''
269 1807 330 1838 Sed
341 1807 454 1838 deinde
466 1818 551 1838 comae
563 1807 686 1838 omnino
697 1808 779 1837 fron·

120 1855 187 1891 des,
205 1855 279 1886 folia
297 1856 462 1893 arborum;
489 1855 651 1891 Horatius,
669 1857 697 1886 Ι.
716 1856 778 1887 Od.

120 1903 184 1934 xxi.
201 1906 232 1935 5.
276 1905 439 1935 Succincta
455 1915 558 1940 comas,
576 1904 665 1945 cujus
681 1915 777 1935 comae

120 1963 182 1983 non
198 1953 256 1983 nisi
267 1953 455 1994 superiorem
470 1957 590 1994 partem
604 1958 723 1989 tenent,
734 1953 778 1983 sic

119 2006 154 2032 ut
164 2000 289 2031 inferior
303 2000 405 2031 trunci
420 2011 491 2042 pars
506 2000 592 2030 nuda
607 2000 656 2036 sit,
670 2011 777 2041 quem-

121 2050 289 2081 admodum
324 2050 474 2080 succincti
514 2050 682 2079 maximam
724 2061 778 2090 pe-

121 2098 196 2129 dum
214 2103 333 2140 partem
352 2098 466 2128 nudam
486 2097 612 2128 habent.
657 2098 778 2128 Plinius

120 2145 152 2176 d.
168 2145 190 2175 l.
206 2145 332 2177 easdem
355 2146 477 2176 arbores
494 2151 582 2176 vocat
601 2148 777 2176 succinctio-

121 2205 179 2224 τρε.
223 2194 368 2229 Hirsuta,
384 2199 507 2235 propter
524 2193 649 2224 frondes
665 2194 696 2223 in
711 2205 778 2225 ver-

121 2244 182 2274 tice
197 2243 342 2281 emissas;
360 2242 510 2283 Virgilius
525 2243 598 2274 Cul.
616 2244 685 2274 135.
699 2245 780 2273 edita

118 2294 210 2332 pinus
234 2292 378 2322 Procerus
401 2294 521 2322 decorat
549 2292 638 2322 silvas
662 2292 780 2322 hirsuta

118 2351 173 2380 per
187 2346 283 2370 artus.

169 2390 241 2419 104.
257 2389 407 2428 Siquidem
420 2388 574 2429 Cybeleius
585 2388 694 2428 Attis]
713 2389 779 2420 No-

120 2438 192 2469 bilis
215 2438 289 2468 olim
312 2437 430 2473 sabula,
451 2437 505 2468 sed
524 2438 591 2478 jam
614 2438 778 2469 Pausaniae

122 2486 210 2528 (vide
233 2486 369 2517 Achaic.
393 2498 423 2528 p.
439 2486 529 2525 566.)
554 2492 646 2517 aetate
666 2487 778 2518 subob-

121 2545 224 2566 scura.
250 2535 342 2566 Conf.
352 2536 435 2565 Fast.
447 2535 488 2566 iv.
498 2536 685 2572 223—2443
702 2535 778 2566 Dio-

124 2583 216 2613 dorus
243 2583 305 2613 Sic.
332 2583 373 2614 iv.
402 2584 520 2614 Arnob.
546 2593 576 2613 c.
606 2590 725 2624 gentes,
750 2595 779 2614 v.

124 2641 156 2672 p.
174 2632 232 2661 157
249 2641 318 2672 sqq.
364 2633 456 2664 Attis.
473 2631 656 2662 adolescens
680 2631 778 2672 Phry-

124 2678 191 2718 gius
206 2679 319 2709 eximia
331 2679 571 2720 pulchritudine,
585 2690 678 2720 quem
694 2689 779 2710 ama-

846 1032 889 1063 vit
905 1031 1036 1072 Cybele.
1054 1032 1147 1061 Eruit
1162 1031 1216 1060 hac
1232 1030 1431 1065 hominem,ex
1447 1028 1503 1058 ho-

846 1079 928 1110 mine
940 1080 971 1110 in
984 1080 1064 1110 hanc
1080 1080 1188 1121 pinum
1203 1083 1342 1109 mutatus
1354 1085 1416 1115 est;
1431 1077 1502 1107 vide

846 1128 887 1159 ix.
903 1129 976 1158 268.
1010 1128 1164 1158 Nimirum
1180 1129 1261 1158 eiuit
1277 1128 1431 1160 hominem,
1450 1126 1502 1166 qui

846 1176 961 1207 desinit
975 1177 1066 1207 homo
1081 1187 1147 1207 esse
1165 1176 1213 1207 vel
1228 1175 1332 1217 quoad
1347 1180 1501 1209 naturam,

848 1231 881 1255 ut
903 1225 969 1257 h.l.
985 1226 1034 1256 vel
1059 1225 1162 1267 quoad
1186 1235 1294 1255 sensus
1317 1230 1348 1254 et
1372 1224 1504 1254 affectus

846 1273 1015 1305 humanos:
1039 1274 1109 1304 vide
1126 1273 1241 1315 Cuperi
1257 1273 1422 1303 Observat.
1437 1272 1459 1301 i.
1474 1273 1504 1302 8.

847 1323 964 1353 Emere
978 1325 1155 1365 magistrum
1170 1322 1249 1352 dixit
1262 1322 1400 1356 Tacitus,
1416 1321 1502 1350 Ann.

846 1371 909 1402 xiV.
926 1373 976 1402 52.
1022 1373 1141 1402 Notum
1165 1377 1212 1402 est
1236 1376 1267 1401 et
1290 1369 1381 1405 illud,
1410 1370 1503 1400 Emit

842 1431 997 1459 personam
1009 1422 1140 1460 judicis,
1155 1421 1284 1460 quisquis
1307 1420 1435 1448 amicum
1453 1420 1501 1448 in-

845 1471 925 1499 duit.
970 1470 1064 1499 Hunc
1088 1469 1191 1499 locum
1214 1469 1258 1498 ita
1282 1467 1358 1508 legit
1381 1467 1502 1508 Tanaq.

845 1518 961 1548 Faber:
980 1518 1135 1558 Cybeleius
1143 1518 1212 1548 olim
1225 1517 1502 1547 Exuit—induruit

846 1568 943 1606 Atys‚·
967 1566 1021 1597 sed
1037 1567 1237 1596 Burmannus
1252 1570 1367 1600 monet,
1380 1569 1412 1595 et
1427 1564 1502 1595 alibi

847 1613 913 1644 haec
928 1614 989 1645 duo
1004 1614 1184 1656 pronomina
1196 1613 1359 1644 cumulari.

892 1664 962 1693 106.
991 1662 1317 1704 Affuit—cupressus.]
1350 1660 1502 1691 Fabulam

847 1711 1006 1753 Cyparissi
1026 1712 1119 1741 habet
1134 1711 1229 1741 etiam
1244 1710 1368 1740 Servius
1386 1709 1427 1739 ad
1442 1710 1500 1739 ΣΕ-

847 1760 931 1790 neid.
955 1760 1000 1790 iii.
1024 1761 1075 1790 64.
1120 1758 1251 1789 Lenzius
1277 1758 1404 1799 conjicit
1426 1767 1502 1787 eun-

846 1808 917 1838 dem
944 1809 1020 1839 forte
1046 1808 1139 1838 fuisse
1166 1818 1237 1838 eum
1263 1817 1334 1838 cum
1357 1806 1501 1841 Aristaeo,

845 1856 1003 1897 Apollinis
1017 1856 1091 1891 filio,
1104 1866 1196 1897 quem
1212 1854 1374 1896 Virgilius,
1389 1854 1504 1894 Georg.

846 1903 866 1935 i.
893 1905 942 1935 14.
967 1905 1115 1935 cultorem
1140 1914 1298 1934 nemorum
1325 1909 1427 1939 vocat,
1451 1903 1500 1934 cui

846 1952 919 1984 Ceae
935 1953 1017 1984 nivei
1029 1953 1156 1994 juvenci
1172 1952 1300 1982 dumeta
1315 1951 1500 1982 tondebant.

848 2002 945 2032 Metus
960 2004 1090 2037 imitata,
1108 1999 1293 2039 κωνοειδὴς,
1310 2006 1401 2031 metae
1417 2000 1501 2030 simi-

845 2050 1009 2082 litudinem
1030 2051 1165 2081 habens:
1192 2057 1269 2080 meta
1292 2049 1373 2081 enim
1395 2060 1502 2085 conus,

847 2104 900 2129 aut
925 2099 1079 2140 quidquid
1108 2109 1185 2129 cono
1214 2097 1326 2129 simile.
1372 2098 1503 2133 Plinius,

846 2147 909 2178 xvi.
933 2149 985 2178 33.
1009 2148 1048 2177 de
1072 2147 1130 2177 hac
1154 2147 1262 2177 arbore
1284 2152 1365 2176 meta>
1387 2148 1504 2176 demum

846 2201 966 2235 aspectu
978 2207 1037 2225 non
1054 2196 1222 2235 repudiata.
1271 2195 1331 2228 Qui
1344 2195 1502 2230 citharam,

848 2249 908 2274 etc.
924 2254 989 2285 pro,
1002 2243 1054 2284 qui
1071 2243 1197 2274 citharae
1213 2253 1322 2273 nervos
1338 2242 1502 2283 (chordas)

847 2298 878 2322 et
889 2303 1018 2323 nervum
1030 2297 1182 2334 temperat
1193 2302 1293 2322 arcus,
1320 2291 1503 2331 Temperare,

846 2341 967 2382 proprie
984 2340 1023 2371 de
1047 2340 1179 2376 chordis,
1196 2350 1266 2381 quae
1289 2339 1503 2376 intenduntur,

846 2394 881 2419 ut
903 2399 980 2430 opus
1002 2394 1061 2420 est.
1107 2389 1216 2419 Horat.
1235 2389 1294 2418 IV.
1310 2388 1374 2419 Od.
1389 2388 1434 2419 iii.
1453 2389 1503 2420 17.

847 2439 1005 2467 testudinis
1018 2438 1174 2476 strepitum
1190 2443 1361 2475 temperare.

894 2486 962 2515 109.
988 2486 1124 2525 Namque
1138 2495 1219 2515 sacer
1235 2484 1410 2525 Nymphis]
1429 2484 1503 2516 Cer-

849 2544 902 2563 vus
918 2534 1046 2573 insignis
1061 2539 1092 2564 et
1106 2533 1229 2574 egregie
1244 2540 1380 2564 ornatus.
1420 2533 1501 2564 Con-

847 2582 891 2611 fer
908 2582 1018 2622 Virgil.
1034 2582 1110 2612 AEn.
1126 2581 1177 2611 vii.
1193 2582 1255 2611 483
1267 2592 1335 2622 sqq.
1352 2582 1403 2612 ubi
1418 2582 1501 2612 simi-

847 2630 885 2660 lis
900 2640 1008 2660 cervus
1024 2629 1054 2659 in
1070 2629 1190 2661 deliciis
1204 2630 1325 2670 Tyrrhi.
1354 2630 1503 2666 Carthaea,

848 2679 919 2709 urbs
942 2678 1050 2710 insula.
1074 2679 1167 2710 Ceae:
1199 2678 1270 2710 vide
1293 2679 1331 2710 ad
1355 2679 1406 2711 vii.
1430 2680 1503 2711 368.
