1779 3130
374 175 995 218 METAMORPHOSEON
1031 177 1148 218 LIB.
1183 178 1324 219 XIII.

159 290 392 337 Consiliis
417 306 612 337 cessere
638 290 789 338 meis:
829 291 917 337 tibi
944 291 1153 339 dextera
1177 292 1307 339 bello

1459 179 1544 220 329

1439 293 1538 354 [tri.

157 366 332 423 Utilis3
367 367 617 429 ingenium
643 375 732 421 est,
762 368 897 428 quod
924 375 1040 429 eget
1066 368 1402 415 moderamine
1427 385 1538 416 nos-

152 441 226 488 Tu
251 443 377 489 vires
404 443 508 489 sine
534 451 700 489 mente
727 444 884 503 geris;
927 445 1045 490 mihi
1071 460 1188 491 cura
1212 444 1360 492 futuri
1387 453 1491 493 est:

152 517 227 563 Tu
252 534 472 580 pugnare
498 526 669 581 potes3
710 520 962 580 pugnandi
989 528 1212 583 tempora
1237 537 1432 568 mecum

153 593 305 656 Eligit
329 595 557 642 Atrides:
599 603 651 641 tu
679 603 870 641 tantum
898 613 1102 659 corpore
1128 597 1335 659 prodes;

1442 601 1537 645 365

153 669 259 716 Nos
286 672 448 717 animo
468 689 477 718 :
508 679 797 734 quantoque
820 680 975 719 ratem
996 674 1082 735 qui
1104 680 1366 735 temperat,
1385 674 1540 721 anteit

153 746 376 808 Remigis
402 749 642 804 officium3
686 756 872 809 quanto
898 749 1002 794 dux
1029 748 1182 796 milite
1208 751 1391 811 niajor;

151 822 311 869 Tanto
337 839 428 886 ego
454 832 502 871 te
529 840 736 887 supero:
778 840 970 871 necnon
998 824 1046 869 in
1073 841 1277 888 corpore
1303 833 1471 872 nostro

150 898 363 946 Pectora
387 908 502 947 sunt
527 902 719 963 potiora
745 917 920 948 manu:
961 901 1097 962 vigor
1122 902 1281 947 omnis
1308 902 1356 947 in
1381 902 1493 948 illis.

149 976 217 1023 At
240 994 342 1033 vos,
370 995 397 1024 o
422 994 668 1041 proceres,
696 979 830 1039 vigili
856 979 971 1024 date
997 978 1198 1040 praemia
1222 986 1415 1034 vestro;
1441 982 1536 1025 370

151 1052 351 1117 Proque
377 1062 451 1101 tot
475 1071 713 1102 annorum
738 1055 885 1109 curis,
914 1070 1038 1117 quas
1066 1055 1243 1100 anxius
1270 1055 1364 1116 egi,

152 1129 300 1177 Hunc
325 1130 525 1177 titulum
551 1132 736 1178 meritis
762 1131 1075 1194 pensandum
1101 1131 1292 1177 reddite
1317 1131 1513 1177 nostris.

146 1205 177 1251 J
183 1222 260 1252 am
285 1207 421 1254 labor
446 1208 494 1253 in
519 1208 616 1254 fine
641 1216 746 1264 est;
787 1207 1038 1254 obstantia
1061 1207 1164 1254 fata
1188 1208 1399 1264 removi;

146 1282 366 1345 Altaque
392 1300 538 1347 posse
565 1285 674 1348 capi
699 1285 928 1331 faciendo
954 1284 1202 1345 Pergama
1226 1284 1354 1346 cepi.

148 1358 247 1406 Per
271 1376 384 1422 spes
410 1376 540 1407 nunc
567 1360 742 1416 socias,
766 1376 1043 1422 casuraque
1068 1361 1250 1405 moenia
1275 1359 1471 1415 Troiim,

147 1434 346 1498 Perque
374 1436 508 1483 Deos
534 1453 633 1491 oro,
662 1453 787 1498 quos
812 1437 942 1482 hosti
967 1452 1124 1498 nuper
1149 1436 1340 1492 ademi;

1437 1439 1532 1482 376

147 1510 261 1568 Per,
279 1512 319 1558 si
340 1513 460 1574 quid
481 1520 723 1576 superest,
741 1513 874 1575 quod
897 1513 961 1560 sit
981 1513 1232 1576 sapienter
1257 1513 1528 1574 agendum3

143 1643 204 1673 pue
223 1643 278 1663 vox
296 1635 350 1663 tibi
365 1640 412 1664 est
426 1634 589 1665 servanda.
628 1636 804 1665 Demeru—

143 1683 309 1723 iugeuium,
321 1689 382 1713 etc.
401 1684 600 1725 Comparatio
613 1683 698 1714 sortis
710 1694 803 1714 manu

144 1731 232 1761 ducis
250 1741 321 1761 cum
341 1731 480 1772 sapiente
496 1744 504 1770 ;
529 1733 656 1762 Sallust.
672 1732 767 1763 Catil.
784 1732 805 1763 i.

146 1781 159 1809 1
177 1793 182 1809 z
209 1784 228 1797 ‘¹
241 1780 304 1810 Sed
324 1779 377 1810 diu
398 1791 543 1821 magnum
560 1781 641 1811 inter
661 1781 804 1811 mortales

143 1835 301 1859 certamen
318 1829 385 1864 fuit,
396 1829 466 1860 vine
482 1830 627 1871 corporis,
639 1840 676 1860 an
691 1830 803 1861 virtute

143 1877 237 1907 animi
261 1888 310 1908 res
332 1878 472 1908 militaris
493 1878 590 1918 magis
614 1879 803 1920 procederet.

144 1926 228 1955 Nam
256 1932 297 1962 et,
322 1925 407 1967 prius
435 1937 529 1968 quam
562 1927 703 1968 incipias,
729 1938 802 1958 con-

142 1975 234 2011 sulto,
251 1980 293 2011 et,
305 1975 357 2005 ubi
375 1975 575 2011 consulueris,
588 1981 706 2006 mature
721 1976 803 2007 facto

141 2034 219 2065 opus
240 2030 296 2054 est.
342 2025 393 2054 Ita
411 2030 576 2065 utrumque
597 2035 650 2066 per
667 2036 698 2055 se
721 2025 801 2055 indi-

142 2084 230 2113 gens,
247 2074 378 2104 alterum
399 2074 526 2104 alterius
546 2074 662 2104 auxilio
678 2075 802 2115 veget.''

147 2123 348 2153 Madet-amine
364 2124 467 2157 nostri,
484 2122 611 2163 ingenii.

186 2170 260 2200 370.
275 2172 315 2200 At
331 2182 388 2206 vos,
405 2182 420 2200 ο
433 2181 575 2210 proceres,
591 2171 670 2210 etc.]
696 2172 801 2207 Quum

140 2219 265 2259 singula
290 2229 371 2249 nunc
399 2225 583 2259 argumenta
613 2219 679 2249 sine
708 2219 802 2249 taedio

141 2267 237 2309 repeti
273 2278 333 2298 non
362 2272 502 2308 possunt,
532 2267 616 2308 quod
646 2267 801 2298 interdum

142 2327 287 2357 magnam
303 2316 397 2346 habet
412 2316 473 2345 vim
490 2317 521 2346 in
538 2316 742 2357 peroratione,
754 2327 800 2347 re-

141 2365 228 2406 liqua
254 2364 382 2406 quidem
407 2363 595 2405 gravissimis
620 2364 667 2394 his
690 2364 802 2400 verbis,

145 2414 353 2455 Proque—egi
391 2413 524 2443 breviter
560 2413 776 2455 complectitur
793 2426 802 2451 ;

143 2462 364 2493 validissimum
382 2468 485 2492 autern
502 2462 541 2492 de
555 2462 698 2492 Palladio
713 2473 799 2504 erep-

140 2517 183 2546 to,
199 2521 260 2553 quo
280 2510 378 2541 omnis
397 2511 482 2540 salus
498 2511 700 2552 Trojanorum
722 2511 801 2540 nite-

140 2560 243 2594 batur,
262 2559 444 2590 nominatim
462 2566 563 2600 urget.
602 2560 738 2600 Vulgare
756 2559 802 2590 fu-

140 2609 223 2644 isset,
238 2609 332 2639 etiarn
348 2608 379 2638 in
395 2615 551 2650 posterum
572 2619 659 2639 suam
677 2619 800 2650 operam

140 2656 318 2697 promittere
338 2657 441 2691 sociis,
460 2657 514 2687 sed
535 2657 594 2687 hoc
617 2656 752 2697 graviter
771 2662 802 2686 et

139 2705 335 2746 inexpectato
352 2706 395 2735 ita
412 2707 574 2742 convertit,
586 2712 619 2737 ut
634 2717 686 2748 per
698 2708 800 2737 futura

184 2755 286 2786 VOL.
311 2755 370 2786 lv.

873 1635 1019 1671 facinora,
1044 1635 1108 1665 sive
1134 1634 1330 1676 sapientiam,
1352 1634 1416 1665 sive
1439 1634 1535 1665 auda-

872 1685 953 1716 ciam
988 1685 1156 1726 requirant,
1194 1685 1366 1715 obtestetur
1399 1684 1535 1726 judices,

872 1745 1003 1775 quorum
1017 1736 1135 1764 animos
1151 1734 1264 1764 callide
1279 1734 1372 1764 etiam
1386 1734 1425 1764 ab
1437 1733 1535 1774 Ajace

872 1789 1010 1813 avertere
1027 1788 1155 1813 conatur
1167 1782 1313 1813 extremis
1327 1782 1438 1817 verbis,
1451 1781 1535 1811 Huic

871 1833 952 1862 (late.
1000 1832 1189 1866 Formulam,
1205 1843 1294 1861 curas
1315 1842 1414 1872 agere,
1428 1830 1535 1860 multis

871 1880 1022 1922 exemplis
1052 1881 1231 1922 comprobat
1261 1881 1464 1910 Burmannus
1493 1878 1533 1909 ad

871 1928 1001 1959 Heroid.
1016 1928 1077 1959 xvi.
1089 1930 1167 1959 302:
1184 1939 1279 1969 quare
1292 1929 1439 1959 Heinsius
1451 1928 1533 1958 male

870 1978 981 2008 suadet
996 1989 1064 2018 quos
1078 1980 1185 2007 [arrius
1206 1980 1263 2019 egi,
1282 1983 1314 2008 ut
1330 1978 1478 2008 referatur
1494 1977 1533 2008 ad

870 2038 1040 2063 annorumj
1075 2026 1159 2056 idem
1191 2026 1308 2067 recepit
1338 2026 1532 2056 Mitscherli-

869 2075 970 2111 chius,
997 2076 1050 2116 qui
1080 2081 1111 2105 et
1142 2087 1216 2105 cura
1246 2075 1342 2106 habet
1367 2085 1382 2105 e
1408 2075 1533 2105 Floren-

870 2123 944 2154 tino.
995 2124 1088 2154 Hunc
1117 2125 1253 2159 titulum,
1279 2123 1445 2164 gloriosum
1475 2123 1533 2153 hoc

869 2173 1030 2214 praerniurn
1046 2186 1053 2211 3
1078 2173 1118 2203 iv.
1135 2174 1208 2203 644.
1256 2173 1418 2208 Facienda,
1435 2172 1530 2202 effici<

869 2223 960 2253 endo.

913 2271 986 2302 375.
1032 2271 1141 2306 Socias,
1178 2280 1358 2300 communes
1403 2275 1532 2300 nostras.

870 2320 953 2349 Deus
975 2330 1058 2360 saepe
1082 2330 1136 2360 pro
1160 2319 1241 2354 Dea,
1265 2323 1297 2348 et
1320 2318 1352 2348 h.
1369 2317 1390 2347 l.
1407 2317 1451 2348 rei
1477 2328 1531 2348 au—

867 2367 979 2407 gendae
996 2378 1091 2397 causa
1109 2366 1205 2397 etiam
1222 2366 1342 2407 plurale
1358 2377 1412 2407 pro
1425 2366 1531 2406 singu-

868 2415 936 2446 lari.
996 2417 1113 2446 Versus
1140 2416 1201 2445 378
1229 2414 1360 2444 Heinsio
1390 2419 1436 2444 est
1464 2425 1531 2444 sus-

868 2470 989 2504 pectus,
1010 2469 1041 2494 et
1066 2463 1097 2493 in
1121 2463 1262 2504 sequenti
1287 2462 1380 2492 etiam
1403 2472 1531 2492 manum

869 2513 1003 2542 alienam
1025 2512 1188 2552 agnoscit3
1212 2521 1301 2553 posse
1319 2517 1424 2541 tamen
1438 2518 1529 2550 puta-

870 2568 920 2591 tm·
948 2561 1023 2601 legi.
1083 2561 1128 2590 Er
1156 2562 1316 2599 praecipiti,
1347 2559 1415 2590 scil.
1445 2560 1532 2597 loco3

867 2616 964 2648 petere
975 2610 1013 2639 de
1027 2610 1198 2650 periculoso
1213 2616 1243 2639 et
1257 2608 1369 2639 audaci
1384 2608 1530 2639 facinore.

872 2659 954 2688 Huic
969 2660 1048 2694 duee,
1066 2659 1095 2689 in
1113 2659 1204 2700 liujus
1219 2658 1334 2700 templo
1350 2664 1530 2692 consecrata

869 2707 1060 2748 suspendite.

998 2755 1057 2786 Uu
