1779 3130
214 176 271 218 20
607 174 656 214 P.
690 172 902 215 OVIDII
936 170 1215 213 NASONIS

219 290 393 337 Traxit
416 291 465 336 in
491 288 803 350 exemplum;
845 286 1074 348 ferroque
1096 285 1268 332 incidit
1292 290 1439 331 acuto
1509 285 1605 329 245

223 367 498 429 Perpetuos
523 365 727 420 dentes;
769 371 819 410 et
844 379 989 409 serrae
1015 362 1232 425 repperit
1255 377 1415 407 usum.

223 442 420 488 Primus
446 448 495 488 et
519 457 581 486 ex
608 456 704 485 uno
730 440 829 485 duo
854 438 1011 485 ferrea
1035 438 1236 485 brachia
1260 437 1389 483 nodo

223 518 412 573 Vinxit,
441 525 511 572 ut,
537 517 714 579 aequali
741 517 901 578 spatio
927 516 1225 561 distantibus
1253 513 1366 568 illis,

224 595 395 641 Altera
419 610 532 657 pars
558 601 740 649 staret;
783 608 895 655 pars
922 593 1077 638 altera
1101 592 1306 637 duceret
1331 590 1518 636 orbem.

228 670 463 716 Daedalus
490 668 677 722 invidit,
708 684 949 730 sacraque
975 684 1038 714 ex
1064 683 1175 713 arce
1202 666 1439 713 Minervae
1515 667 1613 711 250

228 747 544 808 Praecipitem
572 745 736 798 mittit,
766 745 959 806 lapsum
985 742 1250 789 mentitus:
1291 749 1342 788 at
1370 742 1522 797 illum,

230 823 352 876 Quae
379 823 513 868 favet-
534 821 759 882 ingeniis,
788 821 988 883 excepit
1014 820 1208 875 Pallas3
1249 834 1492 881 avemque

231 898 485 952 Reddidit,
514 905 562 944 et
587 897 749 944 medio
774 898 952 944 velavit
977 897 1026 943 in
1052 913 1163 944 aere
1188 896 1380 960 pennis.

234 975 334 1021 Sed
358 975 493 1035 vigor
514 975 697 1036 ingenii
720 975 970 1036 quondam
996 974 1194 1027 velocis,
1222 968 1279 1019 in(
1297 973 1399 1019 alas

1518 974 1614 1019 254

234 1049 393 1111 Inque
419 1050 572 1112 pedes
599 1050 746 1096 abiit:
776 1051 1116 1113 nomen‚quod
1139 1056 1189 1096 et
1213 1056 1342 1104 ante,
1364 1048 1614 1095 remansit.

235 1125 349 1172 Non
373 1133 537 1172 tamen
564 1126 666 1172 heec
695 1127 792 1173 alte
816 1127 1029 1173 volucris
1056 1142 1145 1172 sua
1170 1141 1377 1189 corpora
1397 1125 1541 1180 tollit,

236 1202 342 1249 Nec
364 1202 480 1249 facit
500 1203 549 1248 in
574 1203 720 1249 ramis
745 1204 943 1266 altoque
969 1203 1225 1249 cacumine
1245 1202 1414 1259 nidos;

237 1278 448 1342 Propter
472 1280 677 1326 humum
698 1281 882 1335 volitat,
906 1281 1145 1344 ponitque
1171 1280 1219 1326 in
1247 1279 1450 1342 sepibus
1476 1295 1593 1335 ova;

235 1355 542 1418 Antiquique
567 1372 753 1402 memor
778 1357 952 1403 metuit
977 1356 1207 1403 sublimia
1231 1372 1392 1404 casus.

304 1431 390 1478 IV.
415 1431 629 1495 Jamque
645 1432 904 1494 fatigatum
922 1434 1068 1480 tellus
1087 1433 1278 1480 AEtnaea
1295 1433 1499 1480 tenebat
1523 1435 1620 1479 260

239 1507 504 1555 Daedalon:
534 1517 584 1555 et
609 1510 818 1572 sumptis
846 1526 931 1573 pro
957 1510 1181 1573 supplice
1209 1510 1424 1557 Cocalus
1451 1510 1598 1556 armis

239 1583 378 1631 Mitis
405 1585 705 1632 habebatur:
739 1587 844 1648 jam
869 1587 1184 1633 lamentabile
1211 1586 1419 1634 Athenae

281 1727 354 1757 250.
371 1727 513 1768 Invidia]
535 1728 689 1769 Hyginus,
707 1736 826 1768 propter
841 1742 891 1759 111·-

238 1776 323 1815 tzjicii
340 1778 492 1811 invidiam,
505 1779 581 1817 quod
601 1780 623 1807 is
636 1780 763 1817 primum
782 1790 890 1808 serrum

239 1827 404 1854 invenerat·
453 1826 668 1867 Apollodorus,
698 1826 813 1864 ἱείσας,
847 1829 892 1868 μὴ

240 1871 291 1903 ἰαὶ
305 1875 367 1911 τὴν
383 1874 515 1914 εὐφυΐαν
531 1875 632 1905 αὐτὸν
655 1875 836 1917 ὑπερβάλῃ·
862 1888 889 1905 ei

240 1933 319 1957 arce,
335 1922 403 1954 ἀπὸ
419 1925 479 1961 τῆς
495 1923 710 1964 ἀκροπόλεως.

285 1973 358 2001 258.
378 1972 523 2012 Pouitque
546 1975 575 2002 in
592 1975 704 2011 sepibus
721 1974 802 2014 orm]
831 1974 895 2004 Pli-

242 2020 321 2055 niuS.
338 2032 368 2049 x.
388 2022 427 2050 32
444 2033 449 2050 z
480 2022 618 2051 Perdices
633 2025 715 2060 spina
737 2030 764 2052 et
776 2024 898 2064 frutice

239 2070 280 2098 sic
311 2071 451 2098 muniunt
478 2072 706 2109 receptaculum,
734 2078 765 2101 ut
795 2079 897 2102 coutru

231 2117 321 2158 serus
337 2119 453 2146 alume
468 2119 629 2154 callemus,
647 2126 677 2148 et
693 2130 761 2160 sqq.

241 2177 356 2205 quique,
391 2173 449 2196 cte.

243 2215 317 2244 378.

287 2263 469 2294 260—545.
502 2264 621 2299 OEneus,
655 2265 836 2296 Parthaonis
865 2267 899 2296 fi-

242 2312 314 2347 lius,
334 2312 457 2342 AEtoliae
472 2323 537 2348 rex,
554 2314 641 2354 cujus
660 2315 732 2343 urbs
751 2315 897 2354 Calydon,

243 2371 339 2401 quum
356 2360 466 2390 Dianae
493 2361 610 2391 cultum
635 2363 830 2402 neglwisset,
847 2363 900 2394 illa

245 2410 332 2439 terris
348 2410 414 2450 ejus
430 2416 549 2440 vastum
565 2422 669 2449 aprum
694 2412 830 2447 iwmisit‚
847 2413 899 2453 qui

242 2463 363 2498 segetes
393 2464 537 2493 vastaret,
573 2459 772 2500 pecudesque
803 2462 894 2490 truci-

243 2505 342 2536 daret.
379 2506 499 2536 Fabula
513 2509 586 2537 satis
596 2507 752 2538 celebrata
769 2519 786 2538 a
802 2510 895 2550 scrip-

243 2553 359 2583 toribus
388 2554 533 2594 antiquis.
584 2556 708 2586 Confer.
732 2557 895 2592 Homerus,

246 2602 284 2632 ΙΙ.
300 2603 319 2631 i.
336 2603 417 2639 5293
443 2603 666 2639 Callimachus,
685 2605 789 2644 hymn.
806 2607 900 2636 Dian.

245 2651 329 2688 216;
354 2650 518 2687 Diodorus,
541 2652 582 2681 iv.
608 2664 640 2693 p.
663 2654 746 2691 240;
771 2655 899 2695 Apollo-

245 2697 346 2735 dorus,
365 2699 389 2729 I.
408 2700 468 2730 viii.
481 2701 519 2737 2;
545 2701 607 2730 III.
626 2701 666 2731 ix.
679 2703 717 2739 ‘23
745 2703 898 2742 lljgirius,

807 2122 897 2150 Auti-

506 2166 622 2197 Similis
659 2168 825 2203 sententia,
865 2169 898 2198 ii.

960 1730 1022 1760 sab.
1045 1730 1235 1767 171—1743
1258 1729 1442 1765 Pausanias,
1459 1729 1572 1760 Arcad.
1590 1740 1621 1770 p.

961 1781 1022 1810 692
1039 1791 1046 1816 3
1078 1779 1266 1814 Antoninus,
1304 1780 1337 1809 2.
1375 1790 1412 1810 ex
1448 1779 1620 1810 Nicandro.

962 1828 1064 1858 Etiam
1083 1827 1278 1868 Pherecydes
1299 1833 1330 1858 et
1348 1828 1525 1869 Euphorion
1550 1839 1622 1858 nar-

962 1884 1103 1907 raverant
1127 1877 1276 1912 fabulam,
1302 1883 1368 1907 tum
1399 1877 1564 1919 Euripides
1589 1877 1621 1907 in

963 1926 1125 1966 Meleagro
1151 1931 1349 1959 tractaverat,
1372 1926 1454 1956 unde
1477 1937 1538 1956 non
1562 1926 1621 1956 nisi

964 1985 1065 2016 pauca
1092 1975 1266 2015 fragmenta
1284 1981 1458 2016 supersunt,
1475 1985 1544 2016 quae
1570 1975 1625 2006 ha-

964 2025 1019 2054 bes
1043 2023 1074 2053 in
1099 2024 1267 2054 Valkenar.
1293 2024 1396 2054 Diatr.
1415 2035 1446 2065 p.
1475 2025 1533 2054 137
1553 2035 1622 2066 sqq.

967 2074 1044 2102 Eam
1061 2073 1197 2102 fabulam
1216 2072 1359 2102 Latinam
1374 2072 1491 2103 fecerat
1506 2073 1625 2104 Attius.

966 2122 1002 2150 In
1025 2122 1124 2162 prima
1143 2121 1239 2161 mytlii
1266 2128 1353 2162 parte
1379 2131 1476 2162 usque
1502 2122 1541 2152 ad
1558 2132 1625 2152 ver-

965 2180 1031 2199 surn
1049 2171 1124 2200 300.
1147 2171 1260 2200 Noster
1280 2170 1450 2200 Homerum
1473 2170 1624 2211 sequitur,

966 2225 997 2249 et
1013 2219 1145 2259 singula,
1160 2230 1228 2259 quae
1246 2218 1300 2248 ille
1315 2218 1450 2249 breviter
1465 2224 1626 2255 memorat,

967 2278 1022 2298 suo
1038 2267 1129 2298 modo
1145 2274 1283 2297 exornat.
1327 2267 1451 2297 Transit
1465 2273 1569 2298 autem
1587 2268 1627 2298 ad

967 2327 1037 2357 sqq.
1074 2327 1126 2356 per
1164 2316 1263 2346 Thesei
1302 2316 1413 2346 laudes.
1457 2316 1628 2356 Jamque—-

969 2365 1140 2395 habebatur.
1166 2364 1247 2394 Vide
1265 2363 1303 2394 ad
1317 2375 1441 2394 versum
1457 2365 1526 2394 183.
1566 2365 1625 2395 Fa-

969 2415 1095 2449 tigatnm
1113 2413 1161 2442 vel
1175 2412 1288 2447 volatu,
1302 2412 1353 2442 vel
1368 2412 1455 2443 luctu
1470 2421 1501 2443 et
1516 2423 1627 2443 aerum-

970 2462 1027 2496 nis,
1042 2467 1075 2491 ut
1091 2462 1131 2491 iv.
1147 2462 1220 2492 563.
1243 2461 1382 2492 Cadmus
1398 2462 1484 2491 luctu
1499 2465 1629 2502 serieque

970 2511 1111 2540 malorum
1128 2513 1233 2540 rictus.
1272 2512 1372 2540 Armis
1386 2518 1493 2541 contra
1507 2511 1628 2546 Minoa,

970 2559 1023 2598 qui
1039 2558 1206 2588 Daetlalum
1227 2559 1284 2588 sibi
1302 2559 1500 2599 deposcebat.
1539 2559 1628 2590 Mitis

969 2608 1140 2641 habebatur,
1184 2607 1451 2637 commiseratione
1498 2607 1627 2638 Daedali

968 2662 1069 2685 lactus
1092 2667 1161 2686 eum
1179 2656 1209 2686 in
1226 2656 1354 2685 tutelam
1371 2662 1547 2697 receperat:
1573 2657 1626 2687 ha—

968 2706 1089 2734 bebatur
1106 2716 1159 2745 pro
1175 2704 1307 2745 vulgari,
1324 2711 1399 2735 erat.
