1779 3130
206 180 290 223 348
580 181 629 220 Ρ.
665 179 867 221 OVIDII
901 179 1177 221 NASONIS

211 293 533 348 Concutiens,
562 301 611 339 et
635 292 788 339 tristis
813 294 909 339 ait:
953 299 981 316 “
1008 292 1120 339 Non
1144 293 1342 348 falleris,
1370 295 1512 340 heros

208 369 460 425 Maxime3
492 375 718 415 natorum
736 368 899 415 vidisti
920 370 1141 431 quinque
1158 376 1440 431 parentem;
1471 368 1590 430 [satl

209 446 369 499 Quem
389 462 537 500 nunc,
556 452 696 491 tanta
713 445 938 492 homines
955 462 1117 492 rerum
1137 446 1468 493 inconstantia
1485 461 1590 492 ver-

210 522 359 567 Paene
385 522 521 568 vides
547 522 722 567 orbum
747 538 755 568 :
797 521 916 583 quid
943 521 1074 567 enim
1099 522 1217 567 mihi
1242 522 1371 568 filius
1398 523 1578 568 absens

211 597 435 643 Auxilii?
473 613 622 659 quem
642 597 775 643 dicta
801 613 890 643 suo
915 597 977 642 de
1003 597 1201 644 nomine
1226 598 1372 644 tellus
1451 599 1590 658 [tem.

209 673 406 720 Andros
428 674 594 728 habet,
618 690 705 736 pro
726 681 865 736 patre
890 674 1157 736 locumque
1183 680 1232 720 et
1250 689 1402 734 regna
1422 679 1593 720 tenen-

210 749 385 796 Delius
404 750 664 811 augurium
685 750 823 796 dedit
838 749 975 805 huic;
1005 749 1144 796 dedit
1162 750 1317 796 altera
1338 750 1485 797 Liber
1499 753 1596 797 650

212 825 461 872 Femineae
487 826 605 871 sorti
629 833 742 871 voto
768 827 954 887 majora
975 825 1175 887 fideque

212 901 454 948 Munera:
496 918 609 948 nam
636 909 773 948 tactu
801 908 1029 948 natarum
1055 908 1235 948 cuncta
1258 917 1495 955 mearum,

213 977 271 1023 In
291 985 527 1040 segetem,
546 979 847 1041 laticemque
870 979 1008 1033 meri,
1030 979 1339 1041 baccamque
1361 977 1596 1024 Minervae

211 1054 707 1102 Transformabantur
729 1073 739 1111 ;
780 1055 1020 1117 divesque
1045 1062 1152 1102 erat
1175 1071 1294 1101 usus
1320 1054 1368 1100 in
1395 1053 1505 1100 illis.

211 1130 322 1177 Hoc
349 1132 432 1177 ubi
457 1131 702 1193 cognovit,
730 1130 890 1193 Trojae
918 1132 1196 1194 populator,
1225 1130 1457 1185 Atrides;
1497 1133 1592 1176 655

212 1207 290 1253 Ne
317 1223 415 1253 non
440 1224 503 1254 ex
528 1208 695 1270 aliqua
715 1215 927 1254 vestram
955 1208 1171 1254 sensisse
1198 1207 1466 1270 procellam

212 1283 320 1329 Nos
345 1300 546 1347 quoque
572 1291 711 1347 parte
736 1292 881 1347 putes
904 1303 913 1340 ;
944 1300 1190 1331 armorum
1214 1284 1397 1329 viribus
1424 1299 1559 1338 usus,

213 1359 475 1407 Abstrahit
498 1361 676 1407 invitas
702 1361 888 1422 gremio
914 1361 1149 1422 genitoris
1171 1379 1180 1416 3
1223 1361 1457 1422 alantque

213 1435 434 1498 Imperat
458 1436 742 1498 Argolicam
767 1437 957 1483 coelesti
983 1452 1185 1484 munere
1211 1437 1439 1483 classem.

212 1512 472 1574 Effugiunt
486 1529 584 1575 quo
605 1529 818 1576 quaeque
838 1520 1027 1576 potest:
1060 1513 1252 1559 Euboea
1270 1513 1479 1567 duabus,
1501 1515 1598 1559 660

213 1589 279 1635 Et
302 1589 509 1636 totidem
534 1590 662 1637 natis
689 1590 885 1636 Andros
910 1591 1126 1637 fraterna
1149 1589 1307 1652 petita
1331 1596 1422 1635 est.

213 1665 363 1711 Miles
390 1666 554 1723 adest3
596 1674 661 1721 et,
686 1669 734 1712 ni
758 1667 1017 1722 dedantur,
1045 1666 1177 1712 bella
1201 1666 1431 1712 minatur.

211 1740 358 1788 Victa
382 1753 516 1789 metu
544 1744 703 1806 pietas
730 1743 978 1789 consortia
1004 1749 1206 1805 pectora
1229 1758 1386 1805 poenae

254 1918 328 1947 646.
347 1918 682 1955 Inconstantiarerum,·
699 1919 772 1950 item
785 1929 870 1956 cura,

211 1977 293 2006 spes,
312 1977 418 2007 pavor,
430 1979 546 1997 versare
560 1968 698 1998 homines
714 1968 869 2004 dicuntur,

213 2026 392 2056 quanquam
410 2017 516 2046 multis
533 2017 608 2047 locis
624 2017 739 2047 librarii
756 2017 783 2047 ei
798 2018 869 2047 sul)-

212 2063 378 2094 stituerunt
397 2075 511 2100 restare,
528 2065 611 2106 quod
633 2065 735 2095 notius
752 2072 808 2101 est,
825 2072 870 2096 at-

212 2121 272 2152 que
301 2113 545 2153 interpretationi
572 2113 698 2143 alterius
724 2114 868 2144 inservit:

212 2160 284 2190 vide
306 2161 483 2192 Bentleium
505 2163 545 2192 ad
565 2163 673 2193 Horat.
696 2163 754 2204 Ep.
776 2163 820 2194 II.
835 2162 869 2193 ii.

214 2209 265 2239 90.

255 2258 328 2288 649.
352 2258 413 2288 Pro
426 2265 524 2297 patre,
540 2259 646 2289 relicto
662 2265 758 2300 patre,
777 2260 870 2289 locum.

211 2314 239 2337 et
264 2318 367 2348 regna,
394 2306 465 2343 loci,
494 2307 601 2338 insu}ae
631 2308 714 2338 illius
742 2319 870 2348 regnum

211 2357 356 2394 tenebat;
399 2356 440 2386 vi.
469 2357 541 2386 677.
576 2358 697 2395 Sceptra
728 2358 793 2393 loc-i,
822 2368 869 2387 re·-

597 2405 664 2435 Hoc
682 2406 747 2435 loco
764 2416 871 2436 nume-

211 2463 259 2482 ros
281 2453 355 2483 satis
381 2454 523 2484 evincere
550 2454 625 2484 nihil
656 2455 870 2484 Msonianum

211 2513 276 2532 esse
305 2509 413 2532 censet
448 2502 616 2540 Heinsius3
654 2502 764 2533 suadet
799 2514 871 2543 ergo

214 2552 287 2580 locos
307 2558 333 2581 et
352 2563 455 2592 regnu,
472 2552 517 2581 vel
541 2553 595 2582 loci
608 2555 675 2591 jum
701 2563 791 2592 regna
817 2558 871 2582 aut

211 2605 335 2638 sceptra.

215 2415 335 2444 rumque
350 2407 548 2434 moderamen.

612 2601 657 2631 vis
693 2600 868 2630 divinandi.

214 2649 330 2681 Altera,
344 2647 415 2677 alia.
461 2649 550 2683 sarri,
566 2648 663 2684 sexui,
679 2655 710 2678 et
732 2649 771 2678 vi.
786 2649 848 2679 630
864 2661 870 2685 3

210 2696 252 2725 ix.
276 2696 357 2725 6762
385 2697 488 2737 vulgo,
509 2704 537 2727 et
561 2698 591 2727 in
616 2698 724 2737 Regiis
745 2698 862 2733 nostris,

384 2602 406 2629 fl
414 2612 472 2639 ugn
480 2602 554 2629 rium
562 2624 568 2635 ,

938 1918 1049 1959 legitur
1074 1921 1172 1958 stirpi.
1219 1920 1269 1949 Ab
1299 1919 1356 1949 hoc
1385 1928 1510 1948 munere
1536 1918 1599 1948 illae

938 1968 1029 1998 dictae
1046 1976 1118 1998 sunt
1134 1969 1309 2010 OEnotropae
1323 1980 1330 2006 3
1355 1968 1425 1998 vide
1440 1968 1542 1998 Tzetz.
1560 1968 1599 1998 ad

938 2016 1090 2057 Lycophr.
1109 2017 1195 2046 Cass.
1215 2028 1277 2047 ver.
1297 2018 1359 2047 570
1376 2029 1383 2053 ς
1408 2017 1448 2046 H.
1466 2017 1598 2058 Stepha-

939 2076 1013 2095 num
1030 2066 1061 2095 in
1079 2075 1153 2095 voce
1163 2064 1316 2106 Ἀνδρος,
1339 2066 1391 2095 ubi
1409 2071 1441 2095 et
1458 2065 1498 2096 de
1520 2075 1594 2095 con-

939 2113 1036 2143 ditore
1074 2113 1174 2144 Andri
1211 2114 1301 2144 docte
1341 2114 1452 2154 agitur.
1507 2114 1599 2144 Dires

938 2169 1004 2192 erat
1026 2173 1096 2192 usus
1126 2164 1157 2192 z'n
1182 2164 1254 2198 illis,
1280 2162 1451 2192 maximum
1479 2162 1597 2192 emolu-

938 2217 1084 2246 mentum,
1118 2221 1238 2252 magnae
1275 2211 1392 2242 divitiae
1422 2210 1498 2241 mihi
1527 2211 1598 2241 inde

938 2259 1092 2289 redibant.

981 2308 1052 2337 656.
1080 2309 1230 2343 Procella,
1253 2314 1286 2338 ut
1306 2315 1466 2348 tempestas,
1483 2308 1522 2338 de
1543 2318 1596 2339 ca-

938 2356 1128 2387 lamitatibus
1144 2363 1174 2386 et
1190 2356 1287 2386 turbis
1301 2357 1433 2387 bellicis.

980 2405 1054 2435 663.
1083 2406 1235 2435 Consortiu
1264 2412 1394 2444 pectora,
1429 2414 1596 2441 consorteS,

940 2460 1073 2495 utsupra
1084 2461 1208 2495 cognata
1219 2462 1337 2493 pectora
1349 2465 1414 2495 pro,
1426 2461 1577 2494 cognatus
1590 2467 1596 2484 :

938 2509 1081 2531 consortes
1096 2508 1200 2532 autem
1212 2508 1283 2532 sunt
1297 2513 1422 2538 sorores,
1434 2508 1468 2532 ut
1483 2514 1597 2533 consors

937 2553 1069 2589 sangnis,
1089 2552 1252 2586 fraternus,
1275 2550 1340 2581 viii.
1355 2552 1436 2581 445:
1464 2551 1533 2582 vide
1556 2552 1596 2582 ad

938 2599 979 2628 xi.
995 2600 1069 2629 348.
1098 2601 1191 2630 Dedit
1207 2610 1288 2629 nunc
1305 2606 1351 2629 est
1367 2611 1383 2630 a
1399 2602 1481 2630 dedo.
1516 2601 1593 2630 Mox

938 2659 1086 2689 perquam
1102 2648 1277 2679 humaniter
1293 2649 1444 2684 additum,
1464 2650 1532 2679 Non
1548 2650 1595 2679 hie.

934 2698 1051 2734 ςΕηειιε,
1068 2704 1127 2728 etc.
1169 2699 1322 2734 Dur-(istis,
1341 2698 1504 2729 restitistis.
