1779 3130
223 165 309 206 206

613 164 663 204 Ρ.
699 163 911 205 OVIDII
944 163 1220 205 NASONIS

224 279 464 342 Panaque
490 277 736 324 montanis
762 277 1072 325 habitantem
1098 265 1296 341 semper
1319 278 1369 324 in
1394 279 1563 325 antris.

222 355 415 416 Pingue
432 354 520 400 sed
541 353 795 415 ingenium
810 353 993 399 mansit
1010 373 1019 411 3
1050 355 1392 416 nocituraque,
1411 361 1465 400 ut
1478 361 1607 409 ante,

223 433 417 478 Rursus
443 437 583 477 erant
607 430 807 476 domino
833 430 1025 476 stolidae
1050 430 1322 493 praecordia
1346 430 1543 477 mentis.

228 508 374 562 Nam,
401 507 526 554 freta
549 506 874 569 prospiciens,
901 507 999 554 late
1024 507 1150 568 riget
1174 507 1356 553 arduus
1383 507 1482 553 alto
1520 509 1612 552 150

227 584 430 630 Tmolus
454 584 504 630 in
529 599 771 640 ascensu3
801 583 1029 646 clivoque
1054 590 1286 629 extentus
1310 590 1539 645 utroque,

229 660 468 707 Sardibus
493 659 624 715 hinc,
653 661 785 706 illinc
812 661 973 723 parvis
998 660 1165 706 finitur
1191 658 1451 722 Hypaepis.

229 736 337 782 Pan
362 736 429 782 ibi
455 737 572 783 dum
597 737 780 784 teneris
801 739 961 799 jactat
986 753 1076 783 sua
1100 735 1318 782 carmina
1345 735 1611 798 Nymphis,

227 812 293 859 Et
315 813 421 860 leve
446 821 612 860 cerata
634 814 916 860 modulatur
940 813 1180 861 arundine
1206 828 1403 859 carmen
1425 831 1435 868 3

225 889 392 935 Ausus
418 889 708 952 Apollineos
734 907 833 953 prae
859 907 911 938 se
938 898 1256 937 contemnere
1282 896 1475 943 cantus,
1520 890 1610 934 155

225 964 254 1010 J
260 965 403 1012 udice
429 967 521 1013 sub
548 966 720 1013 Tmolo
746 976 996 1015 certamen
1023 967 1157 1014 venit
1181 967 1243 1013 ad
1268 967 1442 1029 impar.

225 1125 342 1156 dictum
359 1125 482 1157 Midam
501 1126 579 1157 asini
598 1138 688 1158 aures
706 1129 885 1169 occupasse.

226 1175 310 1205 Lm.
336 1176 691 1216 Lenziusmonenmythi
702 1177 793 1217 hujus
804 1183 884 1207 trac-

224 1224 373 1255 tationem
389 1225 495 1255 deberi
512 1225 645 1255 dramati
664 1226 809 1266 satyrico,
825 1236 885 1267 quo

224 1273 321 1303 Panis
343 1280 373 1303 et
397 1273 554 1314 Apollinis
577 1280 735 1304 certamen
759 1275 884 1315 exposi-

225 1326 291 1351 tum
307 1321 358 1352 sit.
406 1322 537 1363 Copiose
557 1322 596 1352 de
616 1322 708 1352 Mida
727 1321 790 1363 egit
805 1322 884 1352 Sim-

224 1369 327 1400 sonius
343 1370 373 1399 in
389 1370 503 1400 Chron.
520 1370 560 1400 ad
576 1381 690 1400 annum
708 1372 804 1401 2308.

272 1419 340 1448 150.
375 1418 453 1448 Nam
473 1419 563 1460 freta
588 1422 778 1458 prospiciens
803 1419 880 1458 eto]

226 1467 292 1497 Hoc
304 1473 410 1497 ornate
427 1468 556 1498 extulit:
582 1470 756 1507 prospicere,
770 1479 807 1498 ex
822 1469 884 1498 alto

224 1522 256 1545 et
278 1515 448 1556 longinquo
467 1517 533 1546 loco
558 1516 597 1546 de
618 1527 710 1557 super
730 1516 883 1558 inspicere

224 1563 274 1604 (ii.
289 1564 349 1601 903
375 1563 438 1594 viii.
453 1564 547 1603 338.)
567 1565 726 1604 eleganter
745 1564 784 1594 de
807 1564 882 1594 aedi-

222 1613 282 1643 bus
297 1612 410 1643 dicitur
424 1613 455 1642 in
472 1613 628 1644 montibus
646 1613 724 1649 sitis,
743 1613 885 1654 (Phaedr.

226 1662 269 1692 ΙΙ.
291 1673 319 1691 v.
345 1662 410 1700 10.)
435 1669 529 1703 atque
549 1663 643 1693 etiam
666 1663 705 1693 de
729 1663 886 1693 montibus

225 1710 314 1752 ipsis,
334 1711 418 1741 unde
436 1718 618 1752 prospectus
641 1718 687 1742 est
709 1712 825 1752 aliquo,
851 1718 886 1742 ut

224 1759 280 1790 hoc
291 1759 359 1790 loco
370 1760 505 1800 infrem.
532 1761 623 1802 Riget
635 1761 762 1791 Safftius
773 1761 882 1791 vertit:

227 1809 270 1838 Er
293 1810 343 1839 hat
367 1810 500 1840 hieselbst
523 1820 584 1839 vom
610 1813 711 1840 weiten
734 1812 782 1840 ein
796 1810 886 1851 froe—

227 1859 315 1888 liches
338 1860 403 1888 und
428 1859 600 1888 laechendes
623 1860 770 1893 Ansrhen,
797 1858 886 1899 quasi

224 1905 332 1947 legeiit
344 1908 433 1936 ridet.
479 1906 522 1936 At
537 1917 593 1947 ego
607 1906 688 1936 hanc
704 1907 885 1937 varietatem

225 1955 368 1996 nuspiam
381 1962 519 1985 notatam
535 1956 648 1996 reperi,
665 1965 766 1996 neque
780 1963 886 1987 vastus

226 2008 257 2033 et
273 2003 388 2033 arduus
400 2013 488 2033 mons
503 2006 602 2034 ridere
612 2003 674 2034 dici
690 2011 802 2045 potest.
824 2004 886 2035 Sed

225 2062 278 2092 pro
303 2051 436 2092 simplici
459 2059 501 2082 est
528 2058 582 2082 aut
607 2060 665 2082 stat
690 2052 801 2083 maluit
829 2064 880 2083 ex-

226 2099 369 2140 quisitius
398 2102 487 2141 riget,
515 2100 599 2142 quod
627 2102 706 2131 bene
741 2101 885 2132 convenit

226 2155 344 2179 naturae
365 2150 525 2180 montium.
571 2150 762 2185 Lactantius,
778 2150 883 2180 Instit.

225 2197 269 2228 Π.
282 2197 357 2227 xvii.
374 2199 406 2228 9.
421 2199 562 2229 hominem
581 2200 885 2240 rigidumfignrarit,

225 2245 257 2275 id
277 2252 324 2276 est
339 2253 470 2277 rectum.
517 2247 603 2288 Opis.
618 2247 682 2278 viii.
698 2249 730 2278 2.
751 2248 830 2277 hunc
845 2250 884 2278 ad

226 2296 290 2326 cosli
318 2298 591 2335 contemplationem
616 2299 747 2338 rigidum
777 2300 883 2328 ereiit.

228 2345 308 2374 Alto.
353 2344 491 2382 Quidam
508 2346 558 2386 (et
573 2346 668 2375 nostri
684 2345 795 2385 Regii)
811 2347 884 2376 alte.

227 2393 311 2429 Quia
328 2392 395 2435 ipse
426 2393 544 2423 Tmolus
567 2396 694 2429 arduus,
726 2394 807 2424 altus
823 2400 881 2430 est,

225 2443 320 2472 altum
344 2442 439 2473 habet
461 2454 623 2474 ascensum.
667 2444 750 2474 Inter
772 2444 884 2474 Sardes

226 2496 258 2520 et
273 2491 433 2532 Hypaepas
452 2491 630 2522 extenditur
643 2492 885 2527 Tmolum-mons

226 2539 309 2569 latus
326 2545 357 2569 et
372 2539 462 2570 altus.
509 2539 595 2570 Olim
614 2540 806 2570 scribebatur
825 2540 882 2580 Ty-

229 2589 343 2623 ῃιοίαες
374 2587 494 2618 Graecis
509 2588 592 2618 enim
614 2595 660 2619 est
678 2588 834 2629 Τὺμωλος
854 2595 885 2619 et

229 2637 362 2678 Τμῶλος
376 2648 384 2673 ;
409 2637 542 2674 Plinius,
557 2637 642 2668 dicto
657 2639 735 2673 loco,
758 2638 884 2674 Tmolus,

229 2686 279 2724 qui
295 2691 383 2715 antea
401 2685 540 2725 Tymolus
560 2687 779 2725 appellabatur.
824 2687 884 2717 Sed

947 1128 1014 1168 jam
1035 1126 1119 1168 apud
1144 1126 1324 1161 Homerum,
1345 1125 1384 1154 11.
1410 1127 1445 1154 Β.
1465 1124 1537 1154 866.
1561 1133 1611 1154 oc-

953 1175 1048 1206 currit
1074 1176 1219 1216 Τμῶλος.
1266 1174 1303 1204 In
1328 1173 1539 1204 redundanter
1558 1173 1613 1203 ad-

952 1224 1061 1254 ditum.
1089 1224 1191 1254 Clivus
1204 1230 1337 1262 uterque,
1350 1228 1516 1263 utrumque
1529 1222 1611 1252 latus

952 1274 1074 1303 montis.
1118 1273 1230 1302 Sardes
1250 1275 1281 1302 in
1303 1273 1396 1302 latere
1418 1271 1511 1300 Tmoli
1525 1270 1613 1312 ponit

952 1321 1045 1352 etiam
1069 1322 1203 1356 Plinius,
1222 1321 1304 1351 Hist.
1321 1321 1397 1351 Nat.
1418 1331 1445 1350 v.
1461 1321 1514 1350 29.
1561 1321 1612 1350 De

948 1373 1050 1410 parvis
1065 1371 1206 1410 Hypzrpis
1221 1370 1292 1400 vide
1308 1370 1347 1400 ad
1364 1371 1406 1400 vi.
1424 1370 1472 1399 13.

998 1422 1068 1451 153.
1105 1421 1171 1450 Pan
1203 1422 1242 1450 ibi
1271 1422 1343 1449 dum
1375 1421 1494 1452 teneris,
1526 1418 1609 1458 etc-J

952 1469 1041 1499 Pana
1056 1469 1171 1499 elatum
1185 1468 1278 1498 fuisse
1295 1478 1352 1498 sua
1368 1474 1432 1498 arte
1448 1478 1464 1497 e
1479 1477 1612 1508 sequen-

952 1517 1034 1548 tibus
1050 1523 1192 1558 apparet.
1232 1517 1318 1547 Bene
1334 1517 1539 1557 igiturjactat
1559 1527 1614 1546 sua

951 1569 1096 1600 σιινηιὶιια,
1107 1572 1224 1600 cantat,
1237 1576 1268 1595 se
1277 1564 1452 1595 ostentandi
1464 1572 1495 1594 et
1506 1565 1613 1605 gloriae

952 1613 1128 1655 quaerendae
1146 1624 1251 1644 causa.
1297 1614 1347 1643 De
1364 1614 1499 1653 nymphis
1513 1612 1614 1643 Tmoli

952 1663 1058 1694 confer
1073 1662 1116 1693 vi.
1134 1664 1183 1693 15.
1210 1662 1298 1697 Leve,
1314 1661 1520 1704 pastoritium.
1560 1662 1615 1691 Ce-

954 1719 1020 1741 ruta
1053 1713 1184 1746 arundo,
1214 1711 1316 1741 fistula
1345 1710 1506 1751 pastoritia
1535 1711 1613 1741 ceris

951 1760 1116 1801 glutinata,
1134 1759 1172 1789 de
1188 1769 1251 1800 qua
1265 1759 1337 1790 vide
1353 1758 1392 1788 ad
1406 1758 1431 1789 i.
1449 1759 1520 1789 710.
1545 1759 1611 1788 Mo-

952 1810 1055 1839 dulari
1086 1819 1218 1844 carmen,
1250 1814 1285 1838 ut
1321 1807 1404 1849 apud
1434 1807 1613 1848 Virgilium,

953 1858 1024 1888 Ecl.
1054 1869 1085 1888 X.
1114 1858 1169 1888 51.
1197 1859 1331 1887 carmina
1358 1859 1486 1896 pastoris
1514 1857 1614 1887 Siculi

954 1909 1124 1938 modulabor
1140 1919 1246 1943 arena,
1263 1912 1295 1938 et
1312 1918 1414 1948 saepe3
1438 1906 1509 1937 vide
1531 1907 1612 1937 Bur-

952 1967 1114 1988 mannum.
1162 1957 1224 1987 Sed
1254 1963 1285 1987 et
1314 1958 1497 1991 moderatur,
1527 1956 1612 1997 quod

953 2005 1070 2036 habent
1093 2005 1182 2035 multi
1208 2006 1299 2035 MSS.
1324 2010 1354 2035 et
1378 2004 1461 2045 quod
1486 2005 1614 2035 Heinsio

952 2055 1066 2096 placet,
1099 2054 1168 2084 ferri
1205 2060 1319 2095 posset,
1357 2053 1613 2094 qnandoquidem

951 2104 1067 2144 passim
1082 2104 1216 2133 occurrit
1233 2105 1380 2133 mnderuri
1396 2103 1506 2143 lyram,
1523 2102 1611 2139 fides,

953 2161 1088 2187 carmen,
1107 2162 1287 2192 quanquam
1307 2151 1339 2181 in
1358 2151 1515 2192 plerisque
1536 2151 1613 2182 locis

954 2200 1046 2231 MSs.
1072 2211 1129 2230 non
1155 2200 1257 2230 minus
1280 2200 1412 2234 variant,
1437 2210 1530 2240 quam
1553 2199 1612 2230 hoc

952 2249 1030 2279 loco.
1078 2249 1139 2279 Sed
1157 2260 1214 2289 ego
1238 2249 1330 2279 miror
1352 2249 1534 2279 Burmanno
1550 2259 1613 2280 non

952 2297 1161 2339 inelegantem
1176 2298 1273 2328 visam
1290 2308 1356 2328 esse
1373 2297 1465 2328 unius
1479 2297 1611 2328 Leiden-

951 2346 992 2376 sis
1008 2347 1087 2377 Cod.
1108 2347 1290 2382 lectionem,
1302 2348 1480 2386 jaculatur,
1525 2346 1613 2377 Dicit

952 2395 1090 2436 quidem,
1101 2407 1133 2427 se
1143 2396 1173 2426 id
1186 2396 1355 2427 illustrasse
1366 2396 1405 2426 ad
1417 2396 1610 2432 Petronium,

952 2455 1021 2486 cap.
1037 2445 1096 2475 109
1110 2457 1117 2482 ;
1141 2445 1195 2475 sed
1213 2456 1327 2479 vereor,
1343 2451 1376 2475 ut
1395 2444 1438 2474 ibi
1454 2444 1529 2475 satis
1544 2444 1611 2478 ido-

951 2494 1017 2524 neis
1033 2494 1184 2535 exemplis
1199 2505 1273 2524 usus
1288 2494 1337 2524 sit.
1383 2494 1473 2524 [nus
1488 2495 1612 2525 medita-

953 2549 1014 2573 tur.
1038 2542 1129 2583 Regii
1145 2543 1238 2572 nostri
1255 2543 1346 2572 ambo
1364 2543 1552 2573 modulatur.

999 2592 1068 2622 156.
1094 2591 1219 2631 Tmolo]
1246 2592 1315 2622 Deo
1326 2590 1459 2629 montis;
1474 2600 1609 2631 namque

953 2647 984 2671 et
996 2640 1152 2672 montibus
1167 2651 1222 2671 sua
1239 2639 1362 2670 fuerunt
1378 2640 1516 2675 numina,
1530 2639 1611 2669 sicut

953 2694 984 2719 et
1004 2689 1148 2720 fontibus.
1195 2688 1278 2719 Hine
1302 2688 1389 2719 Deus
1409 2687 1537 2718 Tmolus
1555 2686 1610 2717 de-
