1779 3130
242 202 298 243 14
619 200 668 240 Ρ.
703 196 915 240 OVIDII
951 194 1230 236 NASONIS

238 314 390 361 Ducit
413 314 462 360 in
488 328 699 360 errorem
724 311 966 358 variarum
992 309 1201 370 ambage
1220 308 1425 354 viarum.

236 391 350 437 Non
377 405 520 436 secus
546 404 602 434 ac
621 387 840 450 liquidus
861 385 1093 447 Phrygiis
1115 384 1399 430 Maeandros
1425 382 1475 428 in
1491 381 1616 429 arvis

237 466 410 521 Ludit;
451 472 501 512 et
524 464 755 525 ambiguo
779 464 921 526 lapsu
947 461 1211 523 refluitque
1235 461 1472 522 fluitque3

238 543 616 602 Occurrensque
642 540 736 586 sibi
760 546 990 586 venturas
1013 538 1194 600 aspicit
1218 537 1407 592 undas3

236 618 303 664 Et
328 633 457 664 nunc
480 617 540 663 ad
558 616 733 670 fontes,
757 630 886 660 nunc
911 615 960 659 in
984 629 1118 659 mare
1142 629 1313 659 versus
1339 618 1580 674 apertum,

235 692 458 740 Incertas
484 699 684 740 exercet
707 707 886 753 aquas:
926 691 994 737 ita
1020 689 1257 735 Daedalus
1283 688 1456 750 implet

1525 690 1614 733 166

235 769 524 816 Innumeras
549 784 710 815 errore
729 768 860 823 vias3
898 768 1084 829 vixque
1109 767 1216 829 ipse
1242 765 1417 812 reverti

235 845 315 891 Ad
340 844 488 891 limen
509 845 694 908 potuit:
733 851 872 890 tanta
896 850 973 890 est
994 843 1190 890 fallacia
1213 842 1358 889 tecti!

235 921 345 974 Quo
370 928 632 984 postquam
656 921 781 966 tauri
815 921 1064 982 geminam
1083 919 1382 982 juvenisque
1407 918 1614 979 figuram

282 1065 352 1094 162.
369 1064 514 1104 Liquidus
532 1063 685 1105 Phrygiis,
701 1064 780 1104 εἰς]
801 1064 888 1095 Prior

234 1111 403 1142 Twisdenii
439 1113 563 1152 liquidos
593 1112 748 1153 Phrygius
782 1113 827 1142 M.
858 1115 889 1143 in

236 1172 344 1197 arcus,-
380 1159 411 1189 id
448 1166 504 1195 est,
532 1165 660 1190 arcuata
697 1161 887 1197 curvamina,

236 1209 319 1250 quod
347 1209 451 1249 placet
479 1208 620 1238 Heinsio.
666 1210 716 1239 De
740 1210 890 1240 Moeandri

236 1259 355 1288 lusibus
366 1257 437 1287 vide
453 1257 492 1287 ad
508 1257 541 1287 ii.
554 1258 637 1295 2463
653 1264 683 1287 et
706 1258 819 1288 confer.
836 1260 890 1289 Se-

238 1317 327 1341 neca,
354 1307 447 1336 Herc.
475 1306 535 1336 fur.
563 1307 645 1343 6333
673 1306 783 1337 Phoen.
804 1308 888 1344 6053

237 1356 340 1389 Silius,
355 1354 407 1384 vii.
426 1355 495 1385 139.
540 1355 668 1390 Seneca,
682 1355 779 1396 priore
802 1356 887 1386 loco:

239 1404 346 1438 Qualis
368 1405 489 1433 incertis
512 1414 603 1444 rugus
621 1403 776 1434 Mimnder
803 1407 891 1436 undis

238 1458 331 1487 errat,
344 1453 422 1482 ludit
438 1458 465 1481 et
485 1453 560 1481 cedit
577 1453 641 1487 sibi,
659 1452 813 1492 Iustusque
833 1455 888 1483 (ἰα-

238 1502 314 1535 bius,
333 1501 406 1530 litus
421 1500 588 1540 ‹znsontem
608 1506 699 1539 petat.
746 1503 891 1542 Ambigua

238 1550 343 1587 Iapsu5
367 1548 443 1578 illud
472 1550 641 1589 ambiguum
669 1549 806 1590 explicat
835 1552 889 1581 Se-

238 1607 327 1632 neca,
344 1596 483 1630 dubium,
498 1596 571 1626 litus
594 1607 633 1626 an
655 1597 770 1627 fontem
793 1605 889 1640 petat.

237 1646 313 1676 Mox
330 1645 438 1675 eodem
454 1655 555 1680 sensu,
570 1647 689 1675 itzcerrae
703 1658 794 1686 aquam
829 1648 889 1677 Re-

227 1695 362 1734 fluitque
373 1694 520 1734 fluitque,
546 1704 599 1735 pro
613 1695 748 1735 fluitque
772 1697 888 1737 refluit-

236 1754 302 1783 que,
316 1749 350 1773 ut
365 1753 453 1773 versu
473 1743 545 1773 536.
567 1744 755 1784 refoventque
765 1746 889 1786 sbvent-

237 1803 312 1831 q11e3
337 1791 369 1821 ii.
386 1792 461 1821 409.
475 1794 555 1822 redit
571 1794 661 1831 itque.

286 1841 357 1870 166.
397 1840 531 1875 Eiercet,
560 1840 680 1881 fatigat,
714 1847 748 1871 ut
781 1842 889 1883 virgil.

238 1890 354 1929 Georg.
384 1888 427 1918 iii.
456 1890 528 1919 529.
556 1891 683 1919 exercita
710 1901 801 1920 cursu
819 1892 888 1931 jiu-

239 1940 337 1967 mina:
360 1947 463 1978 supra,
486 1937 508 1967 i.
534 1939 607 1968 582.
624 1938 714 1979 fessae
741 1941 890 1970 erroribus

237 1985 339 2016 undae.
385 1986 453 2015 Hoc
477 1985 544 2015 loco
568 1992 653 2016 tanto
678 1986 790 2027 aptius,
815 1988 889 2028 quia

237 2044 293 2075 per
315 2039 359 2063 tot
378 2034 523 2073 ambages
544 2033 723 2064 decurrunt.
770 2035 888 2075 Implet,

236 2088 297 2112 etc.
319 2082 362 2112 ita
388 2083 497 2112 format
517 2082 591 2118 vias,
617 2089 651 2113 ut
678 2093 730 2114 eas
760 2084 888 2124 ingressi

236 2131 352 2171 ubique
376 2140 474 2160 errare
503 2137 660 2171 cogantur.
706 2133 810 2162 Verbo
834 2136 886 2163 im-

234 2181 315 2219 plere
330 2179 408 2209 inest
423 2179 505 2209 notio
527 2179 744 2211 multitudinis.
778 2182 886 2212 Tibul-

238 2228 297 2263 lus,
323 2229 349 2258 I.
375 2228 417 2258 iv.
443 2228 493 2257 69.
515 2235 559 2257 ter
579 2236 717 2259 centenas
740 2233 888 2262 erroribus

235 2278 349 2316 espleat
370 2278 464 2307 urbes.
512 2277 615 2313 Tecti;
641 2278 775 2309 Gronov.
791 2281 885 2322 conji-

238 2332 280 2356 cit
297 2327 378 2355 terti.

205 2370 209 2374 ’
285 2375 356 2404 169.
384 2374 449 2407 Quo
476 2380 637 2413 postquam,
667 2376 744 2415 etc.]
774 2377 888 2408 Noster

238 2424 310 2454 Art.
327 2423 432 2453 Amat.
442 2422 474 2452 ii.
489 2423 549 2452 23:
577 2423 718 2453 Doedalus
733 2432 767 2454 ut
780 2426 889 2456 clausit

234 2478 406 2510 conceptum
429 2472 553 2500 crimine
573 2474 676 2501 matris
700 2473 887 2504 Semibovem-

238 2531 292 2561 que
308 2522 405 2550 virum
427 2522 651 2559 semivirumque
671 2522 777 2551 bovem.
814 2522 887 2552 Phi—

237 2569 378 2599 lochorus
401 2567 574 2609 scripserat,
602 2570 811 2610 labyrinthum
841 2572 887 2602 fu-

236 2617 297 2648 isse
324 2617 506 2651 custodiam,
537 2616 567 2647 in
597 2628 659 2658 qua
695 2626 888 2651 servarentur

237 2666 321 2707 pueri
352 2666 568 2701 Athenienses,
597 2673 630 2696 ut
666 2668 783 2708 praemii
820 2670 887 2701 loco

237 2716 440 2746 tribuerentur
460 2715 507 2750 iis,
525 2716 577 2755 qui
594 2716 752 2746 victoriam
776 2717 885 2758 depor-

957 1064 1077 1094 tassent
1104 1064 1135 1093 in
1165 1061 1248 1092 ludis
1273 1059 1439 1102 gymnicis.
1500 1060 1615 1090 Eorum

956 1113 1107 1143 victorum
1144 1111 1316 1153 principem
1352 1109 1447 1140 fuisse
1475 1109 1614 1139 Taurum

957 1162 1124 1203 quendam,
1166 1160 1321 1190 hominem
1359 1159 1529 1193 crudelem,
1560 1158 1613 1199 qui

957 1211 1073 1241 duriter
1108 1209 1182 1240 satis
1219 1208 1360 1239 habuerit
1391 1218 1502 1249 pueros
1535 1207 1614 1238 illos.

958 1259 1034 1289 Vid.
1052 1257 1213 1289 Plutarch.
1229 1258 1259 1287 d.
1276 1257 1297 1287 1.
1344 1257 1511 1292 Geminam,
1528 1261 1563 1286 ut
1580 1255 1613 1286 ii.

959 1309 1032 1338 630.
1078 1309 1155 1342 Sors,
1171 1312 1250 1337 sorte
1270 1306 1362 1337 electi
1382 1305 1469 1347 pueri
1485 1305 1614 1346 puellae-

958 1369 1018 1399 que
1034 1369 1041 1394 3
1060 1357 1259 1392 Plutarchus,
1276 1356 1307 1386 in
1321 1356 1452 1391 Theseo,
1472 1356 1520 1385 17.
1545 1355 1616 1385 Vir-

956 1406 1060 1447 gilius,
1072 1405 1196 1436 AEneid.
1212 1405 1252 1435 vi.
1269 1407 1321 1436 22.
1337 1411 1397 1435 stat
1411 1406 1508 1435 ductis
1525 1407 1614 1434 sorri-

958 1456 1009 1485 bus
1034 1467 1122 1490 urna,
1141 1454 1193 1484 ubi
1220 1453 1287 1484 haec
1306 1454 1374 1495 ipsa
1397 1464 1445 1483 res
1468 1453 1499 1483 in
1519 1453 1617 1483 valvis

957 1503 1066 1544 templi
1089 1513 1234 1544 expressa
1259 1501 1453 1532 describitur.
1497 1502 1544 1531 Ea
1564 1503 1614 1531 clo-

958 1553 1044 1587 mnit,
1061 1562 1097 1582 ex
1114 1551 1151 1580 iis
1166 1561 1245 1581 unus
1262 1550 1429 1585 interfecit,
1446 1560 1507 1591 quo
1523 1560 1615 1580 sensu

957 1602 1087 1635 domare,
1114 1607 1144 1630 et
1167 1599 1187 1629 i.
1211 1600 1294 1636 312;
1321 1599 1364 1629 ix.
1387 1600 1439 1630 98.
1486 1599 1617 1628 Not-mis

957 1651 1046 1680 annis
1073 1650 1199 1688 repetita
1228 1649 1404 1679 Glareanus
1434 1648 1615 1689 interpreta-

957 1703 1006 1728 tur
1029 1697 1068 1728 de
1090 1697 1239 1738 vigesimo
1268 1696 1400 1738 septimo
1427 1706 1525 1734 ann03
1549 1697 1614 1727 Re-

956 1746 1035 1786 gius,
1058 1752 1126 1787 post
1151 1755 1261 1775 novem
1287 1755 1394 1780 annos,
1419 1745 1492 1785 quia
1514 1751 1614 1786 poetae

956 1794 1160 1824 distributivis
1175 1800 1303 1824 utuntur
1318 1804 1372 1834 pro
1394 1793 1615 1825 cardinalibus.

957 1843 1131 1881 Quotannis
1157 1843 1251 1873 talem
1271 1848 1381 1873 sortem
1406 1853 1470 1873 esse
1487 1842 1613 1873 missam

956 1893 988 1922 in
1004 1893 1141 1927 Cretam,
1162 1891 1288 1933 plurimi
1310 1896 1451 1922 auctores
1474 1891 1612 1922 tradunt.

955 1941 1155 1977 Plutarchus,
1183 1941 1251 1971 loco
1274 1939 1326 1970 cit.
1351 1942 1398 1971 15.
1420 1951 1436 1970 e
1462 1950 1614 1971 consensu

954 1989 1137 2031 scriptorum
1163 1989 1268 2025 tradit,
1295 1989 1399 2020 foedus
1426 1988 1530 2019 iniisse
1554 1989 1613 2020 At-

955 2039 1042 2075 ticos,
1066 2045 1100 2069 ut
1125 2038 1161 2069 δι’
1187 2037 1279 2069 ἐννέα
1304 2038 1398 2073 ἐτῶν,
1421 2049 1476 2080 per
1501 2049 1613 2069 novem

955 2098 1061 2123 annos,
1086 2088 1234 2118 tributum
1263 2086 1442 2124 mitterent3
1474 2092 1516 2122 et,
1541 2097 1615 2129 cap.

958 2137 1006 2165 17.
1021 2135 1101 2165 hanc
1118 2135 1242 2166 tertiam
1263 2141 1375 2166 sortem
1391 2140 1483 2165 vocat
1499 2135 1612 2176 τρίτον

955 2183 1090 2225 δασμόν.
1144 2184 1248 2214 Nullis
1282 2186 1402 2220 iterata,
1442 2184 1481 2215 ad
1516 2195 1612 2225 quam

955 2244 1044 2264 nemo
1064 2233 1165 2264 rediit.
1210 2234 1258 2264 Ib.
1274 2235 1356 2264 375:
1387 2234 1428 2263 Ut
1448 2236 1498 2274 qui
1515 2240 1607 2270 tecta,

955 2283 1169 2324 norifarmczm
1195 2284 1325 2313 celantia
1345 2285 1477 2319 monstri,
1504 2283 1612 2313 Intrd-

956 2337 1029 2360 runt
1045 2343 1124 2361 coecoe
1138 2343 1192 2361 71071
1210 2333 1362 2363 redeunda
1380 2334 1493 2362 domus.
1525 2333 1614 2363 Male

955 2380 1103 2410 Heinsius
1118 2380 1258 2411 defendit
1274 2382 1353 2410 nulli
1366 2388 1517 2420 superata,
1529 2380 1613 2422 quod

956 2439 974 2459 a
997 2430 1132 2471 Spirensi
1149 2436 1314 2471 acceperat
1328 2442 1336 2468 3
1361 2430 1475 2461 etenim
1491 2441 1614 2469 supera·

955 2484 1007 2506 tur
1026 2481 1129 2517 janua
1159 2477 1253 2508 etiam
1280 2479 1318 2508 ab
1345 2478 1382 2509 iis
1405 2478 1458 2519 qui
1484 2479 1613 2509 intrant.

955 2522 1182 2568 Neapolitanus
1197 2537 1319 2568 quoque
1341 2533 1371 2558 et
1386 2527 1552 2558 Mediceus
1566 2538 1614 2557 se-

954 2575 1086 2610 cundus,
1111 2582 1263 2614 superata.
1307 2576 1402 2616 Regii
1430 2576 1533 2610 nostri,
1556 2578 1611 2606 ite-

954 2630 1032 2654 rata.
1078 2624 1230 2654 Videatur
1252 2624 1376 2666 insuper
1391 2624 1554 2655 Bentleius
1572 2624 1612 2654 ad

954 2672 1128 2708 Horatium,
1151 2674 1177 2702 I.
1201 2673 1263 2703 Od.
1286 2673 1390 2703 xxxiV.
1411 2676 1440 2704 5.
1474 2673 1541 2703 Filo
1564 2683 1610 2703 re-

955 2722 1037 2751 lecta.
1085 2722 1200 2762 Hygin.
1226 2723 1278 2752 42.
1309 2723 1409 2752 licium
1439 2723 1611 2752 revolvendo
