1779 3130
248 186 331 227 1:34

636 182 684 222 Ρ.
720 181 932 222 OVIDII
968 181 1248 223 NASONIS

248 300 416 346 Causa
439 298 527 343 viae
554 298 766 359 conjux3
808 296 857 342 in
883 312 1033 359 quam
1060 296 1253 344 calcata
1276 311 1518 344 venenum

247 375 430 438 Vipera
454 373 667 427 diffudit,
695 378 1080 435 crescentesque
1106 373 1314 419 abstulit
1339 389 1510 419 annos.

244 452 402 498 Posse
427 449 530 513 pati
555 449 712 506 volui3
754 466 845 496 nec
870 465 950 496 me
975 450 1195 497 tentasse
1221 451 1443 512 negabo:

1568 452 1631 496 25

244 528 378 574 Vicit
393 526 545 573 Amor
563 543 572 573 :
602 541 782 589 supera
798 525 936 572 Deus
952 526 1032 572 hic
1046 527 1174 573 bene
1194 534 1341 573 notus
1356 526 1405 573 in
1427 541 1512 572 ora
1527 532 1605 572 est
1621 543 1632 581 ;

243 605 324 651 An
340 603 405 650 sit
422 611 472 651 et
486 603 582 657 hic,
600 602 774 648 dubito
791 621 802 659 ;
828 602 917 649 sed
933 608 984 649 et
998 602 1078 648 hic
1094 609 1260 649 tamen
1277 618 1488 664 auguror
1504 618 1631 649 esse.

244 681 499 742 Famaque
525 679 565 725 si
590 686 807 726 veterem
829 694 928 724 non
953 686 1030 726 est
1054 679 1262 726 mentita
1286 679 1527 742 rapinam,

244 757 347 804 Vos
370 771 571 819 quoque
590 754 761 818 junxit
781 754 960 801 Amor:
1001 771 1088 818 per
1108 770 1200 817 ego
1225 755 1331 802 haec
1351 755 1460 802 loca
1484 755 1633 818 plena

443 831 649 886 timoris,

1573 834 1635 879 29

246 912 342 957 Per
369 910 534 957 Chaos
561 909 654 955 hoc
680 909 874 971 ingens,
901 909 1131 970 vastique
1157 909 1354 955 silentia
1378 908 1532 970 regni,

246 987 539 1050 Eurydices,
567 1002 666 1041 oro,
694 993 958 1050 properata
982 986 1193 1033 retexite
1217 986 1333 1033 sata.

248 1064 430 1111 Omnia
454 1064 694 1110 debemur
719 1064 857 1110 vobis
880 1081 889 1118 ;
930 1063 1234 1125 paulumque
1260 1062 1452 1118 morati,

289 1208 341 1238 23.
366 1207 463 1237 Causa
483 1209 533 1237 ciae
552 1207 691 1247 conjuz]
738 1209 786 1237 En
805 1208 906 1248 gravis

245 1257 443 1297 illajactura,
460 1266 553 1297 quam
570 1256 644 1286 feci.
671 1257 840 1287 Crescentes
856 1258 905 1286 ab·

244 1307 331 1336 stulit
352 1316 455 1340 annos,
475 1305 575 1346 ipsam
593 1305 795 1346 juvenculam
817 1316 906 1346 pere-

246 1354 311 1384 mit.
356 1354 459 1384 Annis
480 1360 581 1395 poetae
606 1364 645 1384 ea
664 1354 815 1389 tribuunt,
836 1365 905 1395 quae

246 1403 423 1433 hominibus
439 1403 639 1439 conveniunt,
656 1402 709 1444 qui
724 1403 794 1433 illos
811 1414 906 1435 annos

245 1460 354 1493 agunt.
401 1451 529 1482 Heroid.
554 1453 574 1482 i.
597 1452 668 1482 111.
701 1454 801 1483 molles
821 1456 906 1489 anni,

245 1501 352 1543 pueri;
376 1502 507 1536 Seneca,
523 1501 620 1542 Hipp.
634 1502 791 1542 2672t'essi
809 1503 905 1538 anni,-

245 1551 386 1592 Propert.
400 1549 421 1580 i.
437 1550 524 1591 Eleg.
539 1551 570 1580 7.
588 1552 710 1580 tremuli
724 1553 798 1580 anni
814 1562 823 1587 ‚·
842 1551 904 1580 Mi-

246 1610 317 1630 nuc.
339 1599 408 1630 Fel.
425 1599 458 1629 ii.
481 1600 506 1628 l.
524 1601 692 1629 innocentes
705 1602 792 1629 anni.
834 1599 907 1629 Pati

246 1649 404 1689 eleganter
434 1648 477 1678 sic
508 1647 649 1678 absolute
674 1647 808 1688 ponitur,
838 1659 906 1689 per-

245 1698 324 1728 ferre
349 1697 486 1727 dolorem
516 1702 705 1732 constanter,
735 1698 795 1727 sich
820 1699 907 1727 ἀνείη

245 1749 369 1788 ergeben
382 1759 390 1775 :
417 1746 485 1776 vide
497 1746 689 1777 Gronovium
704 1746 742 1776 ad
754 1747 906 1776 Senecam

243 1797 373 1837 Thyest.
389 1796 461 1826 468.
506 1795 741 1826 Substantivum
760 1799 906 1834 patientia

245 1845 289 1876 sic
312 1852 359 1875 est
381 1845 484 1875 Tibul.
508 1845 570 1874 ΙΙΙ.
599 1845 630 1875 ii.
655 1847 686 1875 5.
708 1845 760 1875 ubi
785 1845 908 1876 locutus

246 1900 313 1925 erat
338 1894 377 1925 de
402 1904 448 1925 eO.
473 1894 522 1924 cui
544 1900 651 1934 erepta
678 1894 805 1935 conjux:
838 1895 907 1924 Non

247 1943 423 1984 eg‹rfir·n1us
449 1945 481 1972 in
508 1943 570 1977 hoc,
597 1953 653 1971 non
677 1943 735 1972 hoec
759 1945 905 1981 patientia

245 1998 344 2021 nostro
382 1991 515 2031 Ingenio.
562 1991 676 2030 Supera
715 1991 808 2027 Deus,
846 1999 905 2022 etc.

245 2040 553 2071 Commiserationem
591 2040 658 2070 haec
697 2039 832 2070 faciunt:
875 2046 906 2071 et

246 2100 341 2131 quum
358 2089 405 2119 illi
422 2089 491 2130 ipsi,
503 2089 543 2119 ad
559 2099 636 2130 quos
652 2089 745 2119 verba
759 2088 904 2125 faciebat,

245 2138 358 2168 amoris
373 2138 434 2167 vim
455 2137 575 2178 experti
594 2146 707 2172 essent,
724 2144 812 2168 tanto
828 2138 903 2169 faci—

244 2187 306 2217 lius
334 2186 455 2216 veniam
489 2187 526 2216 ab
557 2186 594 2216 iis
630 2197 753 2227 sperare
786 2193 905 2228 poterat

245 2235 353 2266 dolens
378 2234 531 2275 Orpheus.
580 2235 703 2270 Dubito,
735 2242 818 2266 certo
845 2247 904 2266 non

246 2287 322 2319 scio,
340 2292 374 2315 ut
388 2284 443 2315 vii.
460 2286 534 2315 677.

288 2336 340 2364 28.
370 2335 501 2364 Veterem
517 2337 657 2373 ‘rapinam
678 2345 715 2365 ex
736 2345 797 2364 uno
814 2335 903 2365 Vati-

245 2394 323 2413 cano
352 2382 439 2412 dedit
476 2383 685 2418 Burmannus,
716 2394 769 2423 pro
803 2386 905 2413 reseris

246 2434 368 2471 rapinis,
391 2438 425 2461 ut
446 2434 569 2461 mentita
590 2431 708 2461 dictum
731 2441 811 2462 esset
831 2443 901 2473 pas-

245 2481 321 2515 sive,
345 2480 427 2521 quod
451 2492 512 2511 non
535 2480 736 2511 inusitatum:
760 2481 814 2511 sed
840 2482 903 2512 ele-

245 2529 369 2570 gantius
386 2535 414 2559 et
433 2529 531 2570 magis
546 2529 810 2570 poeticum,j'(1ma
827 2542 904 2560 men-

246 2580 303 2607 cim
339 2584 392 2611 est,
424 2577 522 2612 fiuxit,
559 2579 903 2618 rapinum.—Rc1pitmm

244 2626 330 2656 illam
364 2627 475 2655 Noster
498 2626 611 2656 cecinit
640 2637 743 2667 supra,
769 2627 847 2657 libro
873 2639 902 2658 v.

245 2676 303 2705 341
320 2685 388 2715 sqq.
427 2674 483 2704 Per
497 2686 548 2715 ego
565 2676 622 2704 haes·
640 2676 714 2709 loca,
728 2683 787 2705 etc.
822 2676 902 2706 Cum

244 2724 327 2763 ‘gravi
346 2724 548 2754 obtestatione
565 2724 724 2754 confilium
743 2736 830 2755 suum
849 2737 901 2755 ex-

974 1207 1078 1249 ponit:
1114 1207 1292 1248 Eurydicen
1321 1207 1353 1236 in
1379 1207 1473 1236 vitam
1504 1205 1636 1236 reddite.

977 1257 1071 1287 Chaos
1087 1267 1170 1297 saepe
1189 1256 1358 1287 inferorum
1381 1254 1586 1291 domicilium,
1606 1262 1638 1286 ut

974 1305 1104 1336 Hesiodi
1126 1304 1286 1345 Theogon.
1307 1315 1370 1335 ver.
1396 1305 1469 1334 700.
1492 1304 1545 1334 ubi
1566 1304 1637 1334 vide

975 1354 1080 1384 Graev.
1095 1360 1126 1384 et
1139 1354 1271 1384 Gesner.
1283 1353 1322 1383 ad
1335 1352 1502 1384 Claudian.
1517 1364 1546 1383 v.
1559 1353 1634 1384 525.

976 1404 1144 1443 Proper-alu
1170 1404 1245 1444 fata
1282 1403 1398 1433 habent
1426 1413 1534 1433 omnes
1572 1402 1635 1433 sere

975 1453 1056 1482 MSS
1075 1455 1125 1492 (et
1146 1452 1239 1482 nostri
1257 1451 1368 1492 Regii)
1390 1451 1473 1482 unde
1488 1451 1638 1481 Heinsius

975 1500 1053 1531 illud
1081 1500 1203 1542 accepit
1231 1511 1284 1542 pro
1311 1507 1470 1539 properata
1488 1501 1570 1540 fila:
1607 1506 1639 1530 et

975 1549 1214 1590 intelligendum
1238 1556 1285 1580 est
1308 1555 1529 1591 praematuram
1554 1559 1634 1579 mor-

975 1605 1050 1629 tem.
1096 1599 1261 1639 Properata
1278 1600 1339 1639 fila
1371 1608 1409 1628 ex
1437 1609 1499 1628 usu
1519 1598 1634 1638 linguae

976 1648 1084 1683 forent,
1097 1659 1166 1689 quae
1182 1653 1382 1689 properanter
1394 1653 1545 1677 neverant
1558 1647 1635 1678 Par—

975 1707 1032 1732 cae,
1052 1703 1086 1727 ut
1105 1704 1270 1737 properarat>
1292 1697 1416 1732 tabellae,
1437 1703 1637 1737 properanter

975 1746 1109 1787 scrsptae,
1127 1747 1169 1776 ix.
1188 1747 1261 1777 586.
1277 1752 1308 1775 et
1322 1751 1481 1785 properata
1495 1748 1635 1781 stamina,

975 1795 1009 1825 ii.
1026 1796 1101 1825 Sub.
1116 1796 1168 1826 83.
1199 1796 1281 1825 Nam
1296 1806 1466 1835 properare,
1483 1801 1515 1825 ut
1534 1795 1633 1826 σπεύ-

975 1843 1051 1880 δειν,
1068 1852 1267 1886 properanter
1283 1845 1447 1875 conficere.
1486 1844 1635 1875 Similiter

964 1894 1130 1934 festinare,
1158 1900 1193 1923 ut
1212 1892 1253 1923 xi.
1273 1893 1346 1928 576,
1360 1893 1516 1933 festinare
1535 1900 1634 1924 vestes.

975 1942 1093 1972 Yerum
1112 1942 1142 1972 h.
1165 1942 1186 1971 l.
1210 1943 1437 1982 properatafilu
1460 1947 1543 1976 sunt,
1565 1951 1635 1982 quae

975 1996 1172 2031 properanter
1191 1991 1388 2020 absciderant
1408 1990 1529 2025 Parcae,
1552 1991 1635 2031 quod

975 2039 1086 2069 durum
1101 2040 1234 2070 videtur.
1282 2040 1476 2081 Propriefila
1494 2046 1632 2070 retexun-

975 2095 1038 2123 tur,
1049 2088 1103 2118 sed
1120 2089 1241 2129 poetice
1257 2094 1288 2118 et
1303 2089 1376 2118 satis
1392 2089 1563 2128 eleganter,
1581 2089 1634 2119 ubi

974 2137 1013 2167 ad
1031 2137 1081 2167 fila
1100 2138 1265 2168 Parcarum
1280 2137 1440 2173 alluditur,
1452 2137 1635 2181 etiamfata.

974 2187 1085 2228 Itaque
1118 2187 1175 2217 hoc
1206 2187 1318 2228 recepi.
1364 2186 1460 2228 Apud
1490 2186 1634 2222 Statium,

974 2237 1026 2266 lib.
1042 2236 1105 2266 ΙΙΙ.
1118 2236 1192 2266 Silv.
1208 2236 1253 2266 iii.
1268 2237 1319 2266 20.
1365 2237 1472 2266 Parcae
1487 2236 1633 2266 dicuntur

973 2286 1080 2315 celeres
1092 2287 1237 2326 genitoris
1251 2296 1342 2315 {runos
1356 2286 1533 2324 proper-cisse.

1016 2335 1067 2364 32.
1094 2335 1200 2364 Omnia
1217 2334 1383 2373 debemur]
1416 2333 1519 2373 Vulgo
1535 2335 1584 2373 (et
1600 2335 1631 2364 in

973 2382 1084 2412 nostris
1109 2382 1219 2423 Regiis
1244 2382 1432 2412 Codicibus')
1459 2384 1555 2412 omniu
1582 2385 1631 2413 (Ie-

972 2433 1099 2467 bencnr5
1129 2438 1160 2461 et
1176 2432 1218 2461 ita
1234 2437 1374 2473 potuerat
1397 2431 1510 2467 dicere,
1526 2432 1557 2462 id
1574 2439 1632 2468 est,

971 2481 1075 2510 omnia
1098 2480 1232 2510 obnoxia
1255 2486 1326 2510 sunt
1346 2481 1434 2510 vobis.
1478 2480 1539 2510 Sed
1557 2491 1633 2522 quo-

975 2529 1057 2559 niam
1077 2529 1203 2570 nosipsi
1227 2529 1259 2559 in
1281 2528 1342 2559 illis
1362 2531 1495 2558 omnibus
1511 2540 1629 2565 sumus,

973 2585 1134 2619 propterea
1150 2578 1260 2608 melius
1274 2585 1330 2613 est,
1343 2580 1494 2608 debemur.
1534 2579 1633 2610 Paulo

973 2633 1057 2661 ante,
1085 2629 1228 2667 quidquid
1254 2628 1377 2657 mortale
1402 2638 1564 2663 creumur5
1599 2639 1629 2657 v.

971 2677 1044 2706 343.
1074 2678 1189 2706 Cereris
1226 2687 1325 2706 sumus
1362 2679 1459 2706 onznia
1497 2688 1604 2707 munus
1622 2689 1629 2707 .·

972 2725 1129 2759 Horatius,
1154 2725 1221 2756 Ait.
1265 2726 1349 2756 l’oct.
1384 2726 1436 2755 62.
1483 2726 1629 2757 Debentur
