1779 3130
364 152 981 195 METAMORPHOSEON
1014 154 1133 195 LIB.
1166 153 1275 195 XV.

1433 156 1518 196 429

135 265 193 311 In
218 267 436 313 medium
461 267 700 314 discenda
723 268 876 314 dabat
897 287 906 324 ;
947 276 1206 331 coetusque
1232 268 1464 316 silentum

136 341 385 405 Dictaque
411 343 692 398 mirantum,
720 345 886 405 magni
912 345 1180 407 primordia
1204 344 1391 400 mundi,

134 416 199 463 Et
223 434 385 464 rerum
410 435 602 474 causas,
631 427 682 466 et
707 421 826 482 quid
852 428 1044 475 natura,
1072 421 1314 477 docebat3

133 492 265 546 Quid
287 494 426 540 Deus
445 513 455 551 ;
486 495 616 542 unde
638 495 773 542 nives
792 514 802 552 ;
833 512 943 557 quae
961 496 1176 542 fulminis
1197 503 1329 543 esset
1349 496 1513 558 origo3

130 568 380 632 Juppiter,
408 587 469 617 an
494 571 642 626 venti,
671 572 897 619 discussa
922 574 1070 627 nube,
1098 580 1352 629 tonarent;
1457 577 1520 619 70

135 643 269 698 Quid
296 654 526 707 quateret
550 654 732 703 terras;
775 664 874 710 qua
899 649 1062 695 sidera
1081 648 1188 710 lege
1214 655 1465 706 mearent3

135 719 200 766 Et
219 721 556 783 quodcunque
583 722 704 768 latet
724 741 733 779 3
775 724 1064 786 primusque
1087 724 1318 771 animalia
1336 724 1522 771 mensis

132 798 312 858 Arguit
336 798 549 860 imponi:
593 799 781 860 primus
808 815 1010 862 quoque
1037 800 1218 846 talibus
1245 816 1330 846 ora

135 873 299 920 Docta
322 874 525 936 quidem
552 876 712 930 solvit,
741 876 828 922 sed
855 892 951 921 non
977 883 1027 923 et
1051 876 1256 931 credita,
1283 876 1445 922 verbis
1470 893 1479 923 ε

200 949 414 1006 Parcite,
442 953 689 1007 mortales,
717 952 930 1015 dapibus
956 960 1197 999 temerare
1222 952 1447 999 nefandis

137 1027 387 1090 Corpora:
417 1036 531 1075 sunt
554 1028 735 1090 fruges,
764 1037 879 1076 sunt
904 1029 1205 1076 deducentia
1228 1045 1390 1076 ramos
1459 1032 1520 1075 76

136 1175 198 1200 tem
222 1171 289 1212 ejus
312 1173 542 1201 admirabantur
566 1177 738 1212 tantopere,
763 1178 796 1202 ut

134 1228 172 1248 ea
195 1218 333 1250 dicerent
353 1220 423 1250 Θεοῦ
442 1221 563 1261 φωνὰς,
582 1226 615 1250 ut
637 1219 668 1249 in
690 1220 794 1261 dispu-

136 1267 231 1297 tando
253 1278 347 1308 quum
369 1279 406 1299 ex
426 1268 463 1299 iis
485 1274 682 1309 quaereretur,
699 1279 794 1309 quare

136 1315 181 1346 ita
203 1322 294 1352 esset,
317 1318 545 1358 responderent,
568 1318 632 1357 Ipse
655 1319 742 1353 dixit,
761 1323 796 1348 ut

135 1363 272 1405 denique
301 1375 338 1395 ex
365 1365 457 1395 domo
480 1366 546 1407 ejus
570 1366 720 1407 ternplum
750 1365 794 1396 sa-

136 1420 254 1449 cerent,
281 1413 444 1455 ipsumque
469 1426 522 1456 pro
546 1416 613 1445 Deo
639 1415 794 1450 colerent;

136 1462 292 1499 Justinus,
312 1474 362 1493 xx.
379 1464 409 1494 4.
434 1463 548 1494 Confer
564 1464 705 1500 Meiners,
721 1475 795 1506 pag.

136 1511 198 1540 448
215 1521 284 1552 sqq.

181 1561 233 1590 68.
258 1560 374 1591 Rerum
403 1572 516 1596 causas,
546 1567 574 1591 et
601 1563 684 1601 quid,
716 1562 793 1602 etc.]

135 1607 186 1639 Sic
201 1614 231 1639 et
246 1608 297 1639 alii
311 1615 408 1651 poetae
425 1609 649 1650 philosophiam
666 1609 797 1640 circum-

136 1657 315 1698 loquuntur,
338 1670 366 1688 v.
391 1669 420 1688 c.
448 1659 637 1700 Propertius,
663 1659 725 1688 III.
748 1658 794 1689 iii.

137 1706 178 1735 47
194 1717 273 1747 sqq;
296 1707 412 1738 Statius
432 1707 508 1737 Silv.
526 1719 554 1737 v.
570 1708 609 1745 33
632 1707 732 1738 Theb.
751 1709 794 1738 vi.

141 1754 201 1785 125
212 1762 297 1796 ‘sqq3
321 1755 527 1791 Claudianus,
543 1756 617 1786 xvii.
640 1757 700 1787 100
713 1767 771 1797 sqq
786 1769 791 1786 :

136 1813 316 1844 quanquam
331 1804 526 1845 Pythagoras
542 1804 571 1834 in
588 1804 717 1845 physica
734 1815 795 1835 non

138 1852 304 1892 acquievit.
346 1852 397 1882 Ab
415 1852 555 1888 Horatio,
569 1852 597 1882 Ι.
612 1853 673 1883 Od.
691 1853 796 1884 xxviii.

141 1900 191 1930 14.
202 1906 329 1931 vocatur
341 1912 398 1931 non
410 1903 545 1932 sordidus
552 1908 658 1931 auctor
669 1902 795 1932 Natura

137 1951 267 1989 verique,
293 1950 324 1980 h.
346 1960 373 1980 e.
395 1950 666 1991 praestantissimus
690 1951 797 1981 doctor

137 1997 282 2039 physices
310 2003 342 2028 et
367 1998 496 2034 ethices,
526 1998 559 2028 in
589 2009 666 2040 quas
694 2006 797 2040 partes

137 2046 238 2077 divisa
251 2046 325 2076 olim
347 2054 414 2078 erat
427 2047 623 2089 philosophia
641 2048 795 2078 universa.

140 2095 222 2130 Quid
243 2096 336 2126 Deus.
373 2096 522 2126 Barthius
545 2107 586 2126 ex
611 2097 702 2126 MSS.
723 2097 799 2137 legit

141 2144 216 2178 Quis
240 2144 346 2181 De=us;
372 2144 415 2174 ita
436 2144 549 2184 legitur
571 2144 603 2174 in
624 2151 725 2175 nostro
747 2156 798 2175 co-

138 2191 207 2222 dice
229 2192 330 2233 Regio
353 2193 390 2223 B.
408 2193 549 2223 Fortasse
573 2193 654 2224 hunc
676 2204 796 2224 versum

137 2242 272 2282 respexit
286 2241 414 2276 Statius,
430 2241 470 2271 V.
485 2241 559 2272 Silv.
575 2242 620 2272 iii.
638 2243 695 2272 21:
723 2243 798 2276 Quis

141 2290 235 2325 Deus,
264 2292 344 2320 unde
372 2293 463 2331 ignes,
489 2302 551 2330 qaoe
575 2293 667 2321 ducat
695 2294 798 2322 semita

140 2340 238 2368 solem.
289 2338 442 2369 Doctrina
468 2339 506 2369 de
539 2340 601 2369 Deo
630 2350 702 2381 pars
733 2347 798 2370 erat

139 2386 295 2428 physices,
317 2387 390 2428 quia
411 2387 478 2417 haec
499 2397 609 2418 causas
624 2399 724 2419 rerum
744 2399 796 2419 ex-

139 2435 236 2476 ponit,
253 2437 342 2466 Deus
357 2443 459 2467 autem
476 2443 523 2467 est
542 2437 678 2467 omnium
695 2448 798 2468 rerum

140 2494 235 2514 causa
251 2491 378 2515 aeterna.

184 2534 343 2564 72—175.
367 2535 521 2564 Animalia
537 2538 654 2570 mensis,
672 2535 749 2574 etc.]
771 2535 797 2564 A

140 2582 279 2611 carnium
305 2592 360 2612 esu
385 2581 530 2613 deterret.
578 2584 658 2614 Eum
678 2593 800 2614 omnem

142 2629 206 2660 suis
238 2630 447 2671 Pythagoram
484 2631 689 2667 interdixisse,
726 2641 800 2661 sane

142 2678 233 2709 multi
245 2685 381 2710 veterum
398 2680 534 2711 tradunt.
579 2680 641 2710 Sed
656 2680 713 2711 hoc
727 2680 799 2710 Em-

863 1172 1022 1214 pedoclem
1044 1172 1145 1213 potius
1162 1172 1282 1207 secisse,
1300 1182 1338 1201 ex
1356 1171 1422 1213 ejus
1442 1172 1522 1213 frag-

863 1221 975 1250 mentis
998 1225 1137 1258 constat3
1162 1230 1295 1260 eumque
1320 1220 1421 1250 forsan
1443 1219 1521 1250 Ovi-

863 1267 943 1303 dius,
969 1268 999 1298 h.
1026 1268 1049 1298 l.
1076 1267 1237 1309 expressit.
1291 1267 1524 1298 Abstinentiam

863 1317 948 1347 illam
974 1317 1013 1346 ab
1040 1315 1123 1346 omni
1150 1316 1289 1346 carnium
1317 1326 1374 1346 usu
1398 1315 1525 1346 seriores

863 1364 1060 1406 Pythagoraei
1087 1363 1222 1406 amplexi
1246 1371 1340 1402 sunt3
1362 1363 1425 1394 vid.
1448 1364 1524 1394 Mei-

863 1424 939 1448 ners,
956 1423 1028 1454 pag.
1045 1414 1106 1442 418
1123 1423 1192 1453 sqq.
1238 1412 1381 1442 Imitatus
1396 1418 1443 1442 est
1457 1412 1487 1442 h.
1504 1412 1525 1442 l.

862 1472 878 1491 e
901 1461 1022 1491 Nostris
1042 1461 1202 1491 Zachariae
1227 1460 1258 1490 in
1283 1460 1428 1491 Partibus
1449 1459 1524 1496 diei,

862 1521 931 1552 pag.
948 1511 1002 1540 24.
1020 1516 1051 1540 et
1066 1510 1118 1540 26.
1147 1510 1272 1550 Arguic,
1288 1508 1409 1539 crimini
1425 1509 1523 1545 dedit,

862 1560 950 1589 nefas
965 1570 1031 1590 esse
1047 1559 1164 1589 docuit.
1202 1559 1392 1599 Bernegger.
1407 1558 1524 1599 primus

862 1608 1035 1638 Basileens.
1078 1606 1180 1638 Jureti
1203 1612 1340 1647 excerpt.
1359 1606 1524 1638 Barberin.

863 1656 1015 1686 Arondel.
1037 1661 1069 1686 et
1090 1666 1170 1686 unus
1186 1655 1289 1686 vossii
1303 1656 1415 1690 arcuit,
1431 1654 1463 1684 id
1477 1661 1524 1685 est

863 1706 981 1742 vetuit;
1006 1705 1100 1745 idque
1115 1705 1220 1745 placet
1234 1703 1362 1734 Heinsio
1375 1715 1384 1741 3
1408 1703 1526 1745 recepit

862 1753 1140 1784 Mitscherlichius.
1195 1752 1450 1793 Disputationum
1474 1762 1523 1782 as-

863 1803 1010 1833 siduitate
1028 1802 1228 1833 Crotoniatas
1248 1800 1288 1830 ad
1312 1800 1523 1841 frugalitatem

863 1852 1023 1882 revocasse
1040 1850 1169 1881 traditur
1185 1860 1204 1880 a
1217 1849 1353 1884 Jusfino,
1370 1849 1401 1879 d.
1414 1849 1438 1878 l.

907 1901 958 1931 75.
984 1900 1106 1930 Parcite
1122 1899 1270 1932 mortales,
1285 1897 1362 1937 etc.]
1412 1898 1525 1929 Verbis

863 1948 1053 1990 gravissimis
1068 1947 1253 1978 sententiam
1270 1946 1420 1988 proponit.
1467 1947 1520 1977 Te-

863 2009 989 2032 merare,
1015 1997 1164 2038 polluere,
1194 1996 1322 2026 violare.
1371 1995 1421 2026 De
1447 1996 1525 2026 cibis

865 2046 984 2088 corpori
1020 2046 1155 2075 humano
1184 2054 1244 2073 non
1278 2043 1450 2079 destinatis,
1479 2049 1526 2073 est

865 2095 959 2126 etiam
975 2094 1058 2136 apud
1073 2093 1195 2128 Silium,
1211 2092 1244 2122 ii.
1260 2093 1333 2121 472.
1364 2092 1524 2132 Nqfhndis,

867 2144 1094 2179 abominandis,
1124 2154 1141 2173 a
1166 2148 1275 2172 natura
1309 2142 1424 2172 homini
1462 2152 1523 2172 non

866 2193 1039 2224 destinatis.

909 2243 962 2272 76.
1015 2240 1238 2279 Sunt—sunt]
1295 2239 1521 2279 Argumentum

865 2291 999 2332 primum
1033 2301 1050 2320 a
1077 2288 1276 2319 multitudine
1306 2294 1337 2317 et
1369 2287 1522 2317 suavitate

865 2340 987 2380 frugum
1010 2338 1151 2373 ductum,
1175 2337 1206 2366 in
1230 2336 1342 2377 quibus
1366 2345 1522 2366 commen-

864 2388 975 2418 dandis
991 2387 1087 2417 utitur
1102 2386 1202 2416 verbis
1216 2383 1413 2416 suavissimis.
1433 2384 1525 2414 Poma

865 2437 978 2477 insigni
992 2435 1189 2466 multitudiue
1206 2435 1400 2474 (deducentia
1416 2443 1523 2469 ramos,

867 2492 901 2516 ut
925 2485 989 2515 xiii.
1015 2486 1089 2514 812.
1113 2495 1197 2522 poma
1221 2484 1384 2523 gravantia
1407 2492 1523 2519 ramos;

867 2534 1003 2564 Remed.
1030 2534 1102 2563 175.
1123 2539 1261 2562 curvatos
1280 2541 1431 2570 pomorum
1449 2541 1523 2569 pon-

867 2584 936 2613 dere
954 2582 1078 2621 ramos,)
1102 2592 1164 2611 uvae
1183 2587 1305 2616 tumore,
1321 2580 1352 2610 h.
1366 2590 1393 2610 e.
1410 2590 1524 2621 magna

868 2631 959 2672 copia
978 2641 1150 2665 succorum,
1168 2630 1268 2660 herbae
1289 2631 1447 2662 dulcedine
1468 2643 1523 2663 nos

869 2679 1011 2715 invitant,
1024 2686 1055 2711 et
1068 2679 1093 2710 si
1108 2689 1171 2720 qua
1185 2678 1301 2709 habent
1314 2679 1422 2710 duram
1438 2691 1521 2711 acer-
