<?xml version="1.0" encoding="UTF-8"?>
<!DOCTYPE html PUBLIC "-//W3C//DTD XHTML 1.0 Transitional//EN"
    "http://www.w3.org/TR/xhtml1/DTD/xhtml1-transitional.dtd">
<html xmlns="http://www.w3.org/1999/xhtml" xml:lang="en" lang="en">
 <head>
  <title>
</title>
<meta http-equiv="Content-Type" content="text/html;charset=utf-8" />
  <meta name='ocr-system' content='tesseract 3.04.00' />
  <meta name='ocr-capabilities' content='ocr_page ocr_carea ocr_par ocr_line ocrx_word'/>
</head>
<body>
  <div class='ocr_page' id='page_1' title='image "./povidiinasonisop04oviduoft_0248.png"; bbox 0 0 1779 3130; ppageno 0'>
   <div class='ocr_carea' id='block_1_1' title="bbox 207 161 292 202">
    <p class='ocr_par' dir='ltr' id='par_1_1' title="bbox 207 161 292 202">
     <span class='ocr_line' id='line_1_1' title="bbox 207 161 292 202; baseline -0.012 0"><span class='ocrx_word' id='word_1_1' title='bbox 207 161 292 202; x_wconf 79' lang='lat'>236</span> 
     </span>
    </p>
   </div>
   <div class='ocr_carea' id='block_1_2' title="bbox 585 158 1198 201">
    <p class='ocr_par' dir='ltr' id='par_1_2' title="bbox 585 158 1198 201">
     <span class='ocr_line' id='line_1_2' title="bbox 585 158 1198 201; baseline 0 -1"><span class='ocrx_word' id='word_1_2' title='bbox 585 161 636 201; x_wconf 91' lang='lat' dir='ltr'>P.</span> <span class='ocrx_word' id='word_1_3' title='bbox 671 159 885 200; x_wconf 90' lang='lat' dir='ltr'>OVIDII</span> <span class='ocrx_word' id='word_1_4' title='bbox 918 158 1198 200; x_wconf 90' lang='lat' dir='ltr'><strong>NASONIS</strong></span> 
     </span>
    </p>
   </div>
   <div class='ocr_carea' id='block_1_3' title="bbox 211 273 1471 404">
    <p class='ocr_par' dir='ltr' id='par_1_3' title="bbox 211 273 1471 404">
     <span class='ocr_line' id='line_1_3' title="bbox 211 273 1471 336; baseline -0.001 -15"><span class='ocrx_word' id='word_1_5' title='bbox 211 274 423 321; x_wconf 81' lang='lat' dir='ltr'>Pectore</span> <span class='ocrx_word' id='word_1_6' title='bbox 448 275 496 319; x_wconf 90' lang='lat' dir='ltr'>in</span> <span class='ocrx_word' id='word_1_7' title='bbox 524 289 659 319; x_wconf 88' lang='lat' dir='ltr'>arma</span> <span class='ocrx_word' id='word_1_8' title='bbox 682 273 770 319; x_wconf 86' lang='lat' dir='ltr'>feri</span> <span class='ocrx_word' id='word_1_9' title='bbox 795 281 1138 336; x_wconf 81' lang='lat' dir='ltr'>praetentaque</span> <span class='ocrx_word' id='word_1_10' title='bbox 1163 273 1264 319; x_wconf 86' lang='lat' dir='ltr'>tela</span> <span class='ocrx_word' id='word_1_11' title='bbox 1287 273 1471 320; x_wconf 86' lang='lat' dir='ltr'>leones.</span> 
     </span>
     <span class='ocr_line' id='line_1_4' title="bbox 212 348 1343 404; baseline -0.001 -8"><span class='ocrx_word' id='word_1_12' title='bbox 212 350 296 397; x_wconf 85' lang='lat' dir='ltr'>Sic</span> <span class='ocrx_word' id='word_1_13' title='bbox 322 350 406 396; x_wconf 91' lang='lat' dir='ltr'>ubi</span> <span class='ocrx_word' id='word_1_14' title='bbox 431 365 484 396; x_wconf 92' lang='lat' dir='ltr'>se</span> <span class='ocrx_word' id='word_1_15' title='bbox 510 349 670 395; x_wconf 88' lang='lat' dir='ltr'>ventis</span> <span class='ocrx_word' id='word_1_16' title='bbox 696 348 964 395; x_wconf 80' lang='lat' dir='ltr'>admiserat</span> <span class='ocrx_word' id='word_1_17' title='bbox 988 349 1121 395; x_wconf 85' lang='lat' dir='ltr'>unda</span> <span class='ocrx_word' id='word_1_18' title='bbox 1145 349 1343 404; x_wconf 85' lang='lat' dir='ltr'>coortis,</span> 
     </span>
    </p>
   </div>
   <div class='ocr_carea' id='block_1_4' title="bbox 210 425 1539 565">
    <p class='ocr_par' dir='ltr' id='par_1_4' title="bbox 210 425 1539 565">
     <span class='ocr_line' id='line_1_5' title="bbox 212 425 1448 487; baseline 0 -15"><span class='ocrx_word' id='word_1_19' title='bbox 212 426 326 472; x_wconf 85' lang='lat' dir='ltr'>Ibat</span> <span class='ocrx_word' id='word_1_20' title='bbox 351 426 399 471; x_wconf 91' lang='lat' dir='ltr'>in</span> <span class='ocrx_word' id='word_1_21' title='bbox 426 441 561 473; x_wconf 85' lang='lat' dir='ltr'>arma</span> <span class='ocrx_word' id='word_1_22' title='bbox 590 425 725 481; x_wconf 87' lang='lat' dir='ltr'>ratis,</span> <span class='ocrx_word' id='word_1_23' title='bbox 753 426 1010 487; x_wconf 89' lang='lat' dir='ltr'>multoque</span> <span class='ocrx_word' id='word_1_24' title='bbox 1036 433 1141 471; x_wconf 87' lang='lat' dir='ltr'>erat</span> <span class='ocrx_word' id='word_1_25' title='bbox 1165 426 1308 472; x_wconf 86' lang='lat' dir='ltr'>altior</span> <span class='ocrx_word' id='word_1_26' title='bbox 1334 426 1448 473; x_wconf 83' lang='lat' dir='ltr'>illis.</span> 
     </span>
     <span class='ocr_line' id='line_1_6' title="bbox 210 501 1539 565; baseline 0.001 -17"><span class='ocrx_word' id='word_1_27' title='bbox 210 501 427 564; x_wconf 85' lang='lat' dir='ltr'>Jamque</span> <span class='ocrx_word' id='word_1_28' title='bbox 452 502 625 548; x_wconf 89' lang='lat' dir='ltr'>labant</span> <span class='ocrx_word' id='word_1_29' title='bbox 644 502 806 556; x_wconf 87' lang='lat' dir='ltr'>cunei,</span> <span class='ocrx_word' id='word_1_30' title='bbox 835 502 1147 565; x_wconf 88' lang='lat' dir='ltr'>spoliataque</span> <span class='ocrx_word' id='word_1_31' title='bbox 1172 503 1389 564; x_wconf 84' lang='lat' dir='ltr'>tegmine</span> <span class='ocrx_word' id='word_1_32' title='bbox 1414 519 1539 549; x_wconf 86' lang='lat' dir='ltr'>cerae</span> 
     </span>
    </p>
   </div>
   <div class='ocr_carea' id='block_1_5' title="bbox 214 578 1602 716">
    <p class='ocr_par' dir='ltr' id='par_1_5' title="bbox 214 578 1602 716">
     <span class='ocr_line' id='line_1_7' title="bbox 214 578 1602 640; baseline 0.001 -17"><span class='ocrx_word' id='word_1_33' title='bbox 214 578 364 624; x_wconf 85' lang='lat' dir='ltr'>Rima</span> <span class='ocrx_word' id='word_1_34' title='bbox 386 585 541 640; x_wconf 88' lang='lat' dir='ltr'>patet,</span> <span class='ocrx_word' id='word_1_35' title='bbox 569 578 861 640; x_wconf 80' lang='lat' dir='ltr'>praebetque</span> <span class='ocrx_word' id='word_1_36' title='bbox 885 578 1015 624; x_wconf 91' lang='lat' dir='ltr'>viam</span> <span class='ocrx_word' id='word_1_37' title='bbox 1043 579 1278 625; x_wconf 87' lang='lat' dir='ltr'>letalibus</span> <span class='ocrx_word' id='word_1_38' title='bbox 1303 579 1465 626; x_wconf 89' lang='lat' dir='ltr'>undis.</span> <span class='ocrx_word' id='word_1_39' title='bbox 1506 581 1602 625; x_wconf 88' lang='lat'>515</span> 
     </span>
     <span class='ocr_line' id='line_1_8' title="bbox 214 653 1440 716; baseline 0.001 -16"><span class='ocrx_word' id='word_1_40' title='bbox 214 653 349 701; x_wconf 90' lang='lat' dir='ltr'>Ecce</span> <span class='ocrx_word' id='word_1_41' title='bbox 374 654 561 700; x_wconf 86' lang='lat' dir='ltr'>cadunt</span> <span class='ocrx_word' id='word_1_42' title='bbox 584 654 703 716; x_wconf 82' lang='lat' dir='ltr'>largi</span> <span class='ocrx_word' id='word_1_43' title='bbox 732 654 959 700; x_wconf 78' lang='lat' dir='ltr'>resolutis</span> <span class='ocrx_word' id='word_1_44' title='bbox 986 654 1202 700; x_wconf 89' lang='lat' dir='ltr'>nubibus</span> <span class='ocrx_word' id='word_1_45' title='bbox 1229 655 1440 709; x_wconf 85' lang='lat' dir='ltr'>imbres;</span> 
     </span>
    </p>
   </div>
   <div class='ocr_carea' id='block_1_6' title="bbox 215 729 1607 1330">
    <p class='ocr_par' dir='ltr' id='par_1_6' title="bbox 215 729 1607 1252">
     <span class='ocr_line' id='line_1_9' title="bbox 215 729 1532 792; baseline 0.001 -16"><span class='ocrx_word' id='word_1_46' title='bbox 215 730 376 792; x_wconf 84' lang='lat' dir='ltr'>Inque</span> <span class='ocrx_word' id='word_1_47' title='bbox 400 730 579 776; x_wconf 79' lang='lat' dir='ltr'>fretum</span> <span class='ocrx_word' id='word_1_48' title='bbox 605 729 778 776; x_wconf 84' lang='lat' dir='ltr'>credas</span> <span class='ocrx_word' id='word_1_49' title='bbox 804 737 963 777; x_wconf 86' lang='lat' dir='ltr'>totum</span> <span class='ocrx_word' id='word_1_50' title='bbox 989 731 1295 777; x_wconf 83' lang='lat' dir='ltr'>descendere</span> <span class='ocrx_word' id='word_1_51' title='bbox 1324 732 1532 786; x_wconf 67' lang='lat' dir='ltr'>coelmm3</span> 
     </span>
     <span class='ocr_line' id='line_1_10' title="bbox 216 806 1566 870; baseline 0.001 -18"><span class='ocrx_word' id='word_1_52' title='bbox 216 806 377 869; x_wconf 80' lang='lat' dir='ltr'>Inque</span> <span class='ocrx_word' id='word_1_53' title='bbox 394 807 566 869; x_wconf 77' lang='lat' dir='ltr'>plagas</span> <span class='ocrx_word' id='word_1_54' title='bbox 588 807 698 853; x_wconf 90' lang='lat' dir='ltr'>coeli</span> <span class='ocrx_word' id='word_1_55' title='bbox 714 806 1039 853; x_wconf 81' lang='lat' dir='ltr'>tumefactum</span> <span class='ocrx_word' id='word_1_56' title='bbox 1056 807 1326 854; x_wconf 87' lang='lat' dir='ltr'>ascendere</span> <span class='ocrx_word' id='word_1_57' title='bbox 1343 815 1566 870; x_wconf 90' lang='lat' dir='ltr'>pontum.</span> 
     </span>
     <span class='ocr_line' id='line_1_11' title="bbox 215 883 1604 940; baseline 0.001 -11"><span class='ocrx_word' id='word_1_58' title='bbox 215 883 342 930; x_wconf 87' lang='lat' dir='ltr'>Vela</span> <span class='ocrx_word' id='word_1_59' title='bbox 365 885 568 930; x_wconf 88' lang='lat' dir='ltr'>madent</span> <span class='ocrx_word' id='word_1_60' title='bbox 589 884 769 930; x_wconf 83' lang='lat' dir='ltr'>nimbis</span> <span class='ocrx_word' id='word_1_61' title='bbox 788 902 797 940; x_wconf 92' lang='lat'>;</span> <span class='ocrx_word' id='word_1_62' title='bbox 828 891 878 930; x_wconf 91' lang='lat' dir='ltr'>et</span> <span class='ocrx_word' id='word_1_63' title='bbox 895 900 1010 930; x_wconf 90' lang='lat' dir='ltr'>cum</span> <span class='ocrx_word' id='word_1_64' title='bbox 1031 884 1315 930; x_wconf 85' lang='lat' dir='ltr'>coelestibus</span> <span class='ocrx_word' id='word_1_65' title='bbox 1341 885 1486 930; x_wconf 88' lang='lat' dir='ltr'>undis</span> <span class='ocrx_word' id='word_1_66' title='bbox 1508 888 1604 932; x_wconf 83' lang='lat'>519</span> 
     </span>
     <span class='ocr_line' id='line_1_12' title="bbox 216 960 1574 1022; baseline 0 -16"><span class='ocrx_word' id='word_1_67' title='bbox 216 960 478 1022; x_wconf 80' lang='lat' dir='ltr'>AEquoreae</span> <span class='ocrx_word' id='word_1_68' title='bbox 504 960 776 1007; x_wconf 81' lang='lat' dir='ltr'>miscentur</span> <span class='ocrx_word' id='word_1_69' title='bbox 801 976 969 1022; x_wconf 84' lang='lat' dir='ltr'>aquae:</span> <span class='ocrx_word' id='word_1_70' title='bbox 1011 968 1147 1006; x_wconf 82' lang='lat' dir='ltr'>caret</span> <span class='ocrx_word' id='word_1_71' title='bbox 1171 960 1369 1022; x_wconf 82' lang='lat' dir='ltr'>ignibus</span> <span class='ocrx_word' id='word_1_72' title='bbox 1395 961 1574 1017; x_wconf 81' lang='lat' dir='ltr'>aether3</span> 
     </span>
     <span class='ocr_line' id='line_1_13' title="bbox 220 1037 1606 1100; baseline 0 -16"><span class='ocrx_word' id='word_1_73' title='bbox 220 1038 469 1100; x_wconf 77' lang='lat' dir='ltr'>Caecaque</span> <span class='ocrx_word' id='word_1_74' title='bbox 485 1053 586 1083; x_wconf 82' lang='lat' dir='ltr'>nox</span> <span class='ocrx_word' id='word_1_75' title='bbox 603 1038 843 1100; x_wconf 85' lang='lat' dir='ltr'>premitur</span> <span class='ocrx_word' id='word_1_76' title='bbox 858 1037 1076 1084; x_wconf 79' lang='lat' dir='ltr'>tenebris</span> <span class='ocrx_word' id='word_1_77' title='bbox 1093 1037 1369 1100; x_wconf 87' lang='lat' dir='ltr'>hiemisque</span> <span class='ocrx_word' id='word_1_78' title='bbox 1385 1037 1606 1100; x_wconf 90' lang='lat' dir='ltr'>suisque.</span> 
     </span>
     <span class='ocr_line' id='line_1_14' title="bbox 220 1114 1607 1177; baseline -0.001 -16"><span class='ocrx_word' id='word_1_79' title='bbox 220 1114 509 1162; x_wconf 86' lang='lat' dir='ltr'>Discutiunt</span> <span class='ocrx_word' id='word_1_80' title='bbox 529 1122 695 1160; x_wconf 90' lang='lat' dir='ltr'>tamen</span> <span class='ocrx_word' id='word_1_81' title='bbox 717 1114 821 1169; x_wconf 88' lang='lat' dir='ltr'>has,</span> <span class='ocrx_word' id='word_1_82' title='bbox 843 1114 1169 1177; x_wconf 81' lang='lat' dir='ltr'>praebentque</span> <span class='ocrx_word' id='word_1_83' title='bbox 1189 1114 1422 1160; x_wconf 86' lang='lat' dir='ltr'>micantia</span> <span class='ocrx_word' id='word_1_84' title='bbox 1441 1115 1607 1161; x_wconf 90' lang='lat' dir='ltr'>lumen</span> 
     </span>
     <span class='ocr_line' id='line_1_15' title="bbox 221 1190 1472 1252; baseline -0.001 -15"><span class='ocrx_word' id='word_1_85' title='bbox 221 1191 476 1237; x_wconf 86' lang='lat' dir='ltr'>Fulmina:</span> <span class='ocrx_word' id='word_1_86' title='bbox 517 1190 764 1238; x_wconf 88' lang='lat' dir='ltr'>fulmineis</span> <span class='ocrx_word' id='word_1_87' title='bbox 794 1191 1061 1238; x_wconf 86' lang='lat' dir='ltr'>ardescunt</span> <span class='ocrx_word' id='word_1_88' title='bbox 1086 1191 1284 1252; x_wconf 82' lang='lat' dir='ltr'>ignibus</span> <span class='ocrx_word' id='word_1_89' title='bbox 1310 1191 1472 1237; x_wconf 86' lang='lat' dir='ltr'>undae.</span> 
     </span>
    </p>

    <p class='ocr_par' dir='ltr' id='par_1_7' title="bbox 223 1268 1522 1330">
     <span class='ocr_line' id='line_1_16' title="bbox 223 1268 1522 1330; baseline -0.001 -16"><span class='ocrx_word' id='word_1_90' title='bbox 223 1269 323 1315; x_wconf 87' lang='lat' dir='ltr'>Dat</span> <span class='ocrx_word' id='word_1_91' title='bbox 349 1284 549 1330; x_wconf 89' lang='lat' dir='ltr'>quoque</span> <span class='ocrx_word' id='word_1_92' title='bbox 569 1269 673 1330; x_wconf 83' lang='lat' dir='ltr'>jam</span> <span class='ocrx_word' id='word_1_93' title='bbox 699 1270 853 1314; x_wconf 87' lang='lat' dir='ltr'>saltus</span> <span class='ocrx_word' id='word_1_94' title='bbox 878 1269 1008 1314; x_wconf 85' lang='lat' dir='ltr'>intra</span> <span class='ocrx_word' id='word_1_95' title='bbox 1032 1283 1152 1314; x_wconf 82' lang='lat' dir='ltr'>cava</span> <span class='ocrx_word' id='word_1_96' title='bbox 1176 1276 1318 1314; x_wconf 84' lang='lat' dir='ltr'>texta</span> <span class='ocrx_word' id='word_1_97' title='bbox 1342 1268 1522 1314; x_wconf 77' lang='lat' dir='ltr'>carinae</span> 
     </span>
    </p>
   </div>
   <div class='ocr_carea' id='block_1_7' title="bbox 222 1423 896 2728">
    <p class='ocr_par' dir='ltr' id='par_1_8' title="bbox 222 1423 891 2140">
     <span class='ocr_line' id='line_1_17' title="bbox 227 1423 882 1459; baseline -0.002 -6"><span class='ocrx_word' id='word_1_98' title='bbox 227 1423 328 1453; x_wconf 65' lang='lat' dir='ltr'>Ventis</span> <span class='ocrx_word' id='word_1_99' title='bbox 355 1426 471 1459; x_wconf 74' lang='lat' dir='ltr'>coortis,</span> <span class='ocrx_word' id='word_1_100' title='bbox 495 1424 694 1453; x_wconf 81' lang='lat' dir='ltr'>concursibus</span> <span class='ocrx_word' id='word_1_101' title='bbox 720 1430 882 1453; x_wconf 80' lang='lat' dir='ltr'>ventorum</span> 
     </span>
     <span class='ocr_line' id='line_1_18' title="bbox 222 1470 882 1512; baseline 0 -11"><span class='ocrx_word' id='word_1_102' title='bbox 222 1470 401 1512; x_wconf 79' lang='lat' dir='ltr'>interruptis</span> <span class='ocrx_word' id='word_1_103' title='bbox 416 1472 571 1501; x_wconf 86' lang='lat' dir='ltr'>interdum</span> <span class='ocrx_word' id='word_1_104' title='bbox 588 1478 618 1501; x_wconf 85' lang='lat' dir='ltr'>et</span> <span class='ocrx_word' id='word_1_105' title='bbox 638 1471 750 1501; x_wconf 84' lang='lat' dir='ltr'>deinde</span> <span class='ocrx_word' id='word_1_106' title='bbox 767 1471 882 1512; x_wconf 78' lang='lat' dir='ltr'>majore</span> 
     </span>
     <span class='ocr_line' id='line_1_19' title="bbox 223 1520 883 1560; baseline 0.002 -11"><span class='ocrx_word' id='word_1_107' title='bbox 223 1521 254 1550; x_wconf 88' lang='lat' dir='ltr'>vi</span> <span class='ocrx_word' id='word_1_108' title='bbox 270 1520 498 1560; x_wconf 79' lang='lat' dir='ltr'>redintegratis,</span> <span class='ocrx_word' id='word_1_109' title='bbox 515 1526 550 1550; x_wconf 89' lang='lat' dir='ltr'>ut</span> <span class='ocrx_word' id='word_1_110' title='bbox 570 1520 648 1550; x_wconf 85' lang='lat' dir='ltr'>solet</span> <span class='ocrx_word' id='word_1_111' title='bbox 668 1521 733 1550; x_wconf 90' lang='lat' dir='ltr'>fieri</span> <span class='ocrx_word' id='word_1_112' title='bbox 754 1520 785 1549; x_wconf 89' lang='lat' dir='ltr'>in</span> <span class='ocrx_word' id='word_1_113' title='bbox 807 1527 883 1550; x_wconf 81' lang='lat' dir='ltr'>tem-</span> 
     </span>
     <span class='ocr_line' id='line_1_20' title="bbox 225 1569 884 1610; baseline -0.002 -11"><span class='ocrx_word' id='word_1_114' title='bbox 225 1575 358 1610; x_wconf 81' lang='lat' dir='ltr'>pestate.</span> <span class='ocrx_word' id='word_1_115' title='bbox 385 1569 498 1599; x_wconf 81' lang='lat' dir='ltr'>Confer</span> <span class='ocrx_word' id='word_1_116' title='bbox 514 1570 540 1599; x_wconf 92' lang='grc' dir='ltr'>Ι.</span> <span class='ocrx_word' id='word_1_117' title='bbox 554 1569 647 1599; x_wconf 75' lang='lat' dir='ltr'>Trist.</span> <span class='ocrx_word' id='word_1_118' title='bbox 662 1569 696 1598; x_wconf 91' lang='lat' dir='ltr'>ii.</span> <span class='ocrx_word' id='word_1_119' title='bbox 714 1570 768 1598; x_wconf 82' lang='lat'>27.</span> <span class='ocrx_word' id='word_1_120' title='bbox 794 1569 884 1599; x_wconf 84' lang='lat' dir='ltr'>Frus—</span> 
     </span>
     <span class='ocr_line' id='line_1_21' title="bbox 225 1617 883 1649; baseline 0 -1"><span class='ocrx_word' id='word_1_121' title='bbox 225 1626 272 1648; x_wconf 85' lang='lat' dir='ltr'>tra</span> <span class='ocrx_word' id='word_1_122' title='bbox 287 1617 337 1648; x_wconf 83' lang='lat' dir='ltr'>hie</span> <span class='ocrx_word' id='word_1_123' title='bbox 353 1618 442 1648; x_wconf 81' lang='lat' dir='ltr'>haesit</span> <span class='ocrx_word' id='word_1_124' title='bbox 454 1619 666 1649; x_wconf 80' lang='lat' dir='ltr'>Burmannus.</span> <span class='ocrx_word' id='word_1_125' title='bbox 689 1623 707 1634; x_wconf 90' lang='lat'><em>“</em></span> <span class='ocrx_word' id='word_1_126' title='bbox 723 1618 812 1648; x_wconf 87' lang='lat' dir='ltr'>Licet</span> <span class='ocrx_word' id='word_1_127' title='bbox 827 1618 883 1648; x_wconf 87' lang='lat' dir='ltr'>hoc</span> 
     </span>
     <span class='ocr_line' id='line_1_22' title="bbox 227 1666 884 1708; baseline 0 -12"><span class='ocrx_word' id='word_1_128' title='bbox 227 1667 328 1702; x_wconf 69' lang='lat' dir='ltr'>verbo,</span> <span class='ocrx_word' id='word_1_129' title='bbox 345 1666 456 1707; x_wconf 82' lang='lat' dir='ltr'>inquit,</span> <span class='ocrx_word' id='word_1_130' title='bbox 477 1672 627 1706; x_wconf 81' lang='lat' dir='ltr'>tanquam</span> <span class='ocrx_word' id='word_1_131' title='bbox 651 1667 772 1708; x_wconf 90' lang='lat' dir='ltr'>proprio</span> <span class='ocrx_word' id='word_1_132' title='bbox 796 1673 884 1696; x_wconf 77' lang='lat' dir='ltr'>utan-</span> 
     </span>
     <span class='ocr_line' id='line_1_23' title="bbox 226 1714 886 1751; baseline 0 -6"><span class='ocrx_word' id='word_1_133' title='bbox 226 1722 276 1745; x_wconf 89' lang='lat' dir='ltr'>tur</span> <span class='ocrx_word' id='word_1_134' title='bbox 294 1715 458 1745; x_wconf 86' lang='lat' dir='ltr'>Lucretius</span> <span class='ocrx_word' id='word_1_135' title='bbox 473 1721 504 1745; x_wconf 88' lang='lat' dir='ltr'>et</span> <span class='ocrx_word' id='word_1_136' title='bbox 525 1714 578 1745; x_wconf 86' lang='lat' dir='ltr'>alii</span> <span class='ocrx_word' id='word_1_137' title='bbox 599 1715 638 1745; x_wconf 87' lang='lat' dir='ltr'>de</span> <span class='ocrx_word' id='word_1_138' title='bbox 657 1716 765 1751; x_wconf 74' lang='lat' dir='ltr'>ventis,</span> <span class='ocrx_word' id='word_1_139' title='bbox 782 1722 886 1746; x_wconf 82' lang='lat' dir='ltr'>tamen</span> 
     </span>
     <span class='ocr_line' id='line_1_24' title="bbox 228 1764 886 1804; baseline 0.003 -12"><span class='ocrx_word' id='word_1_140' title='bbox 228 1764 300 1794; x_wconf 84' lang='lat' dir='ltr'>huic</span> <span class='ocrx_word' id='word_1_141' title='bbox 317 1764 384 1794; x_wconf 90' lang='lat' dir='ltr'>loco</span> <span class='ocrx_word' id='word_1_142' title='bbox 401 1774 510 1804; x_wconf 78' lang='lat' dir='ltr'>parum</span> <span class='ocrx_word' id='word_1_143' title='bbox 524 1764 689 1794; x_wconf 86' lang='lat' dir='ltr'>convenire</span> <span class='ocrx_word' id='word_1_144' title='bbox 709 1764 785 1794; x_wconf 90' lang='lat' dir='ltr'>mihi</span> <span class='ocrx_word' id='word_1_145' title='bbox 801 1764 886 1794; x_wconf 89' lang='lat' dir='ltr'>vide-</span> 
     </span>
     <span class='ocr_line' id='line_1_25' title="bbox 229 1812 890 1853; baseline 0.002 -11"><span class='ocrx_word' id='word_1_146' title='bbox 229 1820 290 1843; x_wconf 88' lang='lat' dir='ltr'>tur.</span> <span class='ocrx_word' id='word_1_147' title='bbox 308 1812 586 1853; x_wconf 79' lang='lat' dir='ltr'>Namjaindudum</span> <span class='ocrx_word' id='word_1_148' title='bbox 597 1816 687 1843; x_wconf 80' lang='lat' dir='ltr'>coorti</span> <span class='ocrx_word' id='word_1_149' title='bbox 699 1820 786 1843; x_wconf 86' lang='lat' dir='ltr'>erant</span> <span class='ocrx_word' id='word_1_150' title='bbox 795 1813 890 1850; x_wconf 77' lang='lat' dir='ltr'>venti;</span> 
     </span>
     <span class='ocr_line' id='line_1_26' title="bbox 229 1861 889 1902; baseline 0.002 -11"><span class='ocrx_word' id='word_1_151' title='bbox 229 1872 325 1902; x_wconf 87' lang='lat' dir='ltr'>quare</span> <span class='ocrx_word' id='word_1_152' title='bbox 346 1872 417 1891; x_wconf 90' lang='lat' dir='ltr'>cum</span> <span class='ocrx_word' id='word_1_153' title='bbox 437 1861 574 1891; x_wconf 87' lang='lat' dir='ltr'>secundo</span> <span class='ocrx_word' id='word_1_154' title='bbox 589 1861 733 1891; x_wconf 85' lang='lat' dir='ltr'>Palatino</span> <span class='ocrx_word' id='word_1_155' title='bbox 748 1868 779 1892; x_wconf 85' lang='lat' dir='ltr'>et</span> <span class='ocrx_word' id='word_1_156' title='bbox 795 1862 889 1892; x_wconf 87' lang='lat' dir='ltr'>Fran-</span> 
     </span>
     <span class='ocr_line' id='line_1_27' title="bbox 231 1909 890 1951; baseline 0 -11"><span class='ocrx_word' id='word_1_157' title='bbox 231 1909 291 1940; x_wconf 82' lang='lat' dir='ltr'>cof.</span> <span class='ocrx_word' id='word_1_158' title='bbox 303 1909 479 1951; x_wconf 86' lang='lat' dir='ltr'>praeferrem</span> <span class='ocrx_word' id='word_1_159' title='bbox 490 1912 618 1946; x_wconf 66' lang='lat' dir='ltr'>c011czis,·</span> <span class='ocrx_word' id='word_1_160' title='bbox 635 1910 797 1950; x_wconf 81' lang='lat' dir='ltr'>ingruente</span> <span class='ocrx_word' id='word_1_161' title='bbox 808 1911 890 1941; x_wconf 89' lang='lat' dir='ltr'>enim</span> 
     </span>
     <span class='ocr_line' id='line_1_28' title="bbox 231 1958 890 1999; baseline 0.002 -11"><span class='ocrx_word' id='word_1_162' title='bbox 231 1958 380 1999; x_wconf 82' lang='lat' dir='ltr'>procella,</span> <span class='ocrx_word' id='word_1_163' title='bbox 399 1965 433 1988; x_wconf 87' lang='lat' dir='ltr'>ut</span> <span class='ocrx_word' id='word_1_164' title='bbox 448 1958 479 1987; x_wconf 87' lang='lat' dir='ltr'>in</span> <span class='ocrx_word' id='word_1_165' title='bbox 498 1959 621 1988; x_wconf 86' lang='lat' dir='ltr'>turbine</span> <span class='ocrx_word' id='word_1_166' title='bbox 642 1958 707 1988; x_wconf 86' lang='lat' dir='ltr'>fieri</span> <span class='ocrx_word' id='word_1_167' title='bbox 724 1959 812 1994; x_wconf 85' lang='lat' dir='ltr'>solet,</span> <span class='ocrx_word' id='word_1_168' title='bbox 828 1959 890 1989; x_wconf 89' lang='lat' dir='ltr'>coi-</span> 
     </span>
     <span class='ocr_line' id='line_1_29' title="bbox 232 2006 891 2048; baseline 0.003 -12"><span class='ocrx_word' id='word_1_169' title='bbox 232 2007 308 2036; x_wconf 82' lang='lat' dir='ltr'>bant</span> <span class='ocrx_word' id='word_1_170' title='bbox 323 2006 418 2041; x_wconf 79' lang='lat' dir='ltr'>venti,</span> <span class='ocrx_word' id='word_1_171' title='bbox 431 2013 461 2036; x_wconf 84' lang='lat' dir='ltr'>et</span> <span class='ocrx_word' id='word_1_172' title='bbox 474 2007 513 2036; x_wconf 89' lang='lat' dir='ltr'>ab</span> <span class='ocrx_word' id='word_1_173' title='bbox 529 2007 612 2036; x_wconf 90' lang='lat' dir='ltr'>omni</span> <span class='ocrx_word' id='word_1_174' title='bbox 628 2013 714 2048; x_wconf 85' lang='lat' dir='ltr'>parte</span> <span class='ocrx_word' id='word_1_175' title='bbox 730 2007 891 2048; x_wconf 80' lang='lat' dir='ltr'>impugna-</span> 
     </span>
     <span class='ocr_line' id='line_1_30' title="bbox 231 2055 891 2096; baseline 0.003 -12"><span class='ocrx_word' id='word_1_176' title='bbox 231 2055 308 2084; x_wconf 85' lang='lat' dir='ltr'>bant</span> <span class='ocrx_word' id='word_1_177' title='bbox 338 2055 481 2086; x_wconf 77' lang='lat' dir='ltr'>navem.&#39;’</span> <span class='ocrx_word' id='word_1_178' title='bbox 528 2055 621 2096; x_wconf 73' lang='lat' dir='ltr'>Regii</span> <span class='ocrx_word' id='word_1_179' title='bbox 652 2055 746 2085; x_wconf 86' lang='lat' dir='ltr'>nostri</span> <span class='ocrx_word' id='word_1_180' title='bbox 774 2059 891 2086; x_wconf 77' lang='lat' dir='ltr'>courtis.</span> 
     </span>
     <span class='ocr_line' id='line_1_31' title="bbox 234 2102 657 2140; baseline 0.005 -8"><span class='ocrx_word' id='word_1_181' title='bbox 234 2103 271 2132; x_wconf 81' lang='lat'>111</span> <span class='ocrx_word' id='word_1_182' title='bbox 290 2114 387 2140; x_wconf 76' lang='lat' dir='ltr'>arma,</span> <span class='ocrx_word' id='word_1_183' title='bbox 406 2102 439 2133; x_wconf 90' lang='lat' dir='ltr'>in</span> <span class='ocrx_word' id='word_1_184' title='bbox 454 2110 657 2134; x_wconf 84' lang='lat' dir='ltr'>armamenta.</span> 
     </span>
    </p>

    <p class='ocr_par' dir='ltr' id='par_1_9' title="bbox 235 2153 896 2728">
     <span class='ocr_line' id='line_1_32' title="bbox 278 2153 891 2195; baseline 0.005 -14"><span class='ocrx_word' id='word_1_185' title='bbox 278 2153 352 2182; x_wconf 82' lang='lat'>514.</span> <span class='ocrx_word' id='word_1_186' title='bbox 373 2153 480 2188; x_wconf 79' lang='lat' dir='ltr'>Cunei,</span> <span class='ocrx_word' id='word_1_187' title='bbox 492 2153 695 2194; x_wconf 67' lang='grc' dir='ltr'>χελὺσμςιτα,</span> <span class='ocrx_word' id='word_1_188' title='bbox 706 2154 793 2195; x_wconf 77' lang='lat' dir='ltr'>ligna</span> <span class='ocrx_word' id='word_1_189' title='bbox 807 2165 891 2194; x_wconf 83' lang='lat' dir='ltr'>quae-</span> 
     </span>
     <span class='ocr_line' id='line_1_33' title="bbox 235 2201 891 2242; baseline 0.003 -12"><span class='ocrx_word' id='word_1_190' title='bbox 235 2201 308 2230; x_wconf 86' lang='lat' dir='ltr'>dam</span> <span class='ocrx_word' id='word_1_191' title='bbox 332 2201 493 2236; x_wconf 85' lang='lat' dir='ltr'>crassiora,</span> <span class='ocrx_word' id='word_1_192' title='bbox 512 2212 581 2242; x_wconf 85' lang='lat' dir='ltr'>quae</span> <span class='ocrx_word' id='word_1_193' title='bbox 606 2202 816 2232; x_wconf 83' lang='lat' dir='ltr'>inferebantur</span> <span class='ocrx_word' id='word_1_194' title='bbox 837 2212 891 2232; x_wconf 86' lang='lat' dir='ltr'>na-</span> 
     </span>
     <span class='ocr_line' id='line_1_34' title="bbox 235 2249 890 2290; baseline 0.005 -12"><span class='ocrx_word' id='word_1_195' title='bbox 235 2249 336 2285; x_wconf 83' lang='lat' dir='ltr'>vibus,</span> <span class='ocrx_word' id='word_1_196' title='bbox 352 2261 412 2290; x_wconf 91' lang='lat' dir='ltr'>quo</span> <span class='ocrx_word' id='word_1_197' title='bbox 432 2251 543 2285; x_wconf 85' lang='lat' dir='ltr'>minus,</span> <span class='ocrx_word' id='word_1_198' title='bbox 560 2251 585 2280; x_wconf 80' lang='lat' dir='ltr'>si</span> <span class='ocrx_word' id='word_1_199' title='bbox 605 2250 637 2280; x_wconf 89' lang='lat' dir='ltr'>in</span> <span class='ocrx_word' id='word_1_200' title='bbox 660 2261 735 2281; x_wconf 80' lang='lat' dir='ltr'>saxa</span> <span class='ocrx_word' id='word_1_201' title='bbox 754 2251 890 2281; x_wconf 83' lang='lat' dir='ltr'>incurre-</span> 
     </span>
     <span class='ocr_line' id='line_1_35' title="bbox 235 2300 893 2334; baseline 0.003 -6"><span class='ocrx_word' id='word_1_202' title='bbox 235 2306 315 2334; x_wconf 87' lang='lat' dir='ltr'>rent,</span> <span class='ocrx_word' id='word_1_203' title='bbox 341 2305 545 2330; x_wconf 82' lang='lat' dir='ltr'>attererentur</span> <span class='ocrx_word' id='word_1_204' title='bbox 571 2300 701 2330; x_wconf 85' lang='lat' dir='ltr'>rimasve</span> <span class='ocrx_word' id='word_1_205' title='bbox 731 2301 893 2330; x_wconf 88' lang='lat' dir='ltr'>contrahe-</span> 
     </span>
     <span class='ocr_line' id='line_1_36' title="bbox 237 2348 893 2385; baseline 0.003 -8"><span class='ocrx_word' id='word_1_206' title='bbox 237 2354 324 2385; x_wconf 88' lang='lat' dir='ltr'>rent;</span> <span class='ocrx_word' id='word_1_207' title='bbox 340 2348 402 2378; x_wconf 78' lang='lat' dir='ltr'>vid.</span> <span class='ocrx_word' id='word_1_208' title='bbox 414 2348 563 2379; x_wconf 82' lang='lat' dir='ltr'>Scheffer.</span> <span class='ocrx_word' id='word_1_209' title='bbox 573 2348 611 2378; x_wconf 80' lang='lat' dir='ltr'>de</span> <span class='ocrx_word' id='word_1_210' title='bbox 627 2349 723 2379; x_wconf 83' lang='lat' dir='ltr'>Milit.</span> <span class='ocrx_word' id='word_1_211' title='bbox 738 2349 820 2379; x_wconf 74' lang='lat' dir='ltr'>NaV.</span> <span class='ocrx_word' id='word_1_212' title='bbox 833 2350 853 2379; x_wconf 90' lang='lat' dir='ltr'>i.</span> <span class='ocrx_word' id='word_1_213' title='bbox 864 2350 893 2379; x_wconf 82' lang='lat'>6.</span> 
     </span>
     <span class='ocr_line' id='line_1_37' title="bbox 241 2397 895 2439; baseline 0.002 -13"><span class='ocrx_word' id='word_1_214' title='bbox 241 2398 343 2426; x_wconf 78' lang='lat' dir='ltr'>Geram</span> <span class='ocrx_word' id='word_1_215' title='bbox 362 2407 415 2438; x_wconf 84' lang='lat' dir='ltr'>pro</span> <span class='ocrx_word' id='word_1_216' title='bbox 427 2398 496 2437; x_wconf 86' lang='lat' dir='ltr'>pice</span> <span class='ocrx_word' id='word_1_217' title='bbox 510 2397 641 2438; x_wconf 86' lang='lat' dir='ltr'>positam</span> <span class='ocrx_word' id='word_1_218' title='bbox 653 2403 764 2439; x_wconf 87' lang='lat' dir='ltr'>putant</span> <span class='ocrx_word' id='word_1_219' title='bbox 776 2398 895 2438; x_wconf 83' lang='lat' dir='ltr'>Regius</span> 
     </span>
     <span class='ocr_line' id='line_1_38' title="bbox 239 2445 896 2487; baseline 0.003 -13"><span class='ocrx_word' id='word_1_220' title='bbox 239 2451 270 2475; x_wconf 86' lang='lat' dir='ltr'>et</span> <span class='ocrx_word' id='word_1_221' title='bbox 284 2445 471 2475; x_wconf 78' lang='lat' dir='ltr'>Glareanus.</span> <span class='ocrx_word' id='word_1_222' title='bbox 496 2447 589 2477; x_wconf 87' lang='lat' dir='ltr'>Certe</span> <span class='ocrx_word' id='word_1_223' title='bbox 604 2446 674 2487; x_wconf 90' lang='lat' dir='ltr'>pice</span> <span class='ocrx_word' id='word_1_224' title='bbox 691 2446 786 2476; x_wconf 88' lang='lat' dir='ltr'>oblini</span> <span class='ocrx_word' id='word_1_225' title='bbox 803 2456 896 2476; x_wconf 79' lang='lat' dir='ltr'>naves</span> 
     </span>
     <span class='ocr_line' id='line_1_39' title="bbox 239 2493 895 2529; baseline 0.002 -6"><span class='ocrx_word' id='word_1_226' title='bbox 239 2493 390 2529; x_wconf 80' lang='lat' dir='ltr'>solebant,</span> <span class='ocrx_word' id='word_1_227' title='bbox 403 2501 438 2524; x_wconf 90' lang='lat' dir='ltr'>ut</span> <span class='ocrx_word' id='word_1_228' title='bbox 453 2500 555 2524; x_wconf 77' lang='lat' dir='ltr'>essent</span> <span class='ocrx_word' id='word_1_229' title='bbox 570 2495 696 2525; x_wconf 77' lang='lat' dir='ltr'>munitae</span> <span class='ocrx_word' id='word_1_230' title='bbox 713 2501 820 2525; x_wconf 80' lang='lat' dir='ltr'>contra</span> <span class='ocrx_word' id='word_1_231' title='bbox 834 2495 895 2525; x_wconf 89' lang='lat' dir='ltr'>vim</span> 
     </span>
     <span class='ocr_line' id='line_1_40' title="bbox 241 2542 896 2584; baseline 0.005 -14"><span class='ocrx_word' id='word_1_232' title='bbox 241 2551 402 2581; x_wconf 83' lang='lat' dir='ltr'>aquarum.</span> <span class='ocrx_word' id='word_1_233' title='bbox 460 2543 539 2573; x_wconf 89' lang='lat' dir='ltr'>Hinc</span> <span class='ocrx_word' id='word_1_234' title='bbox 569 2542 720 2584; x_wconf 79' lang='grc' dir='ltr'>μέλαιναι</span> <span class='ocrx_word' id='word_1_235' title='bbox 749 2549 896 2573; x_wconf 84' lang='lat' dir='ltr'>vocantur</span> 
     </span>
     <span class='ocr_line' id='line_1_41' title="bbox 242 2589 896 2632; baseline 0.006 -14"><span class='ocrx_word' id='word_1_236' title='bbox 242 2589 280 2618; x_wconf 81' lang='lat' dir='ltr'>ab</span> <span class='ocrx_word' id='word_1_237' title='bbox 296 2590 441 2620; x_wconf 79' lang='lat' dir='ltr'>Homero.</span> <span class='ocrx_word' id='word_1_238' title='bbox 469 2592 530 2621; x_wconf 78' lang='lat' dir='ltr'>Sed</span> <span class='ocrx_word' id='word_1_239' title='bbox 546 2591 623 2632; x_wconf 79' lang='lat' dir='ltr'>picis</span> <span class='ocrx_word' id='word_1_240' title='bbox 638 2592 705 2622; x_wconf 88' lang='lat' dir='ltr'>loco</span> <span class='ocrx_word' id='word_1_241' title='bbox 720 2604 787 2622; x_wconf 77' lang='lat' dir='ltr'>cera</span> <span class='ocrx_word' id='word_1_242' title='bbox 802 2592 896 2622; x_wconf 85' lang='lat' dir='ltr'>inter-</span> 
     </span>
     <span class='ocr_line' id='line_1_42' title="bbox 244 2637 895 2677; baseline 0.008 -11"><span class='ocrx_word' id='word_1_243' title='bbox 244 2637 318 2667; x_wconf 86' lang='lat' dir='ltr'>dum</span> <span class='ocrx_word' id='word_1_244' title='bbox 334 2639 559 2677; x_wconf 71' lang='lat' dir='ltr'>adhibebatur3</span> <span class='ocrx_word' id='word_1_245' title='bbox 583 2640 710 2671; x_wconf 80' lang='lat' dir='ltr'>Heroid.</span> <span class='ocrx_word' id='word_1_246' title='bbox 728 2652 757 2670; x_wconf 87' lang='lat' dir='ltr'>V.</span> <span class='ocrx_word' id='word_1_247' title='bbox 777 2642 827 2670; x_wconf 79' lang='lat'>42.</span> <span class='ocrx_word' id='word_1_248' title='bbox 843 2652 895 2671; x_wconf 68' lang='lat' dir='ltr'>czt-</span> 
     </span>
     <span class='ocr_line' id='line_1_43' title="bbox 245 2687 894 2728; baseline 0.008 -14"><span class='ocrx_word' id='word_1_249' title='bbox 245 2687 312 2716; x_wconf 66' lang='lat' dir='ltr'>1‘nla</span> <span class='ocrx_word' id='word_1_250' title='bbox 327 2696 440 2717; x_wconf 74' lang='lat' dir='ltr'>cerutus</span> <span class='ocrx_word' id='word_1_251' title='bbox 455 2691 560 2728; x_wconf 73' lang='lat' dir='ltr'>accipit</span> <span class='ocrx_word' id='word_1_252' title='bbox 578 2691 660 2718; x_wconf 72' lang='lat' dir='ltr'>undu</span> <span class='ocrx_word' id='word_1_253' title='bbox 678 2697 763 2719; x_wconf 68' lang='lat' dir='ltr'>mles.</span> <span class='ocrx_word' id='word_1_254' title='bbox 803 2689 894 2719; x_wconf 78' lang='lat' dir='ltr'>Utra-</span> 
     </span>
    </p>
   </div>
   <div class='ocr_carea' id='block_1_8' title="bbox 951 1421 1622 2732">
    <p class='ocr_par' dir='ltr' id='par_1_10' title="bbox 951 1421 1622 2732">
     <span class='ocr_line' id='line_1_44' title="bbox 951 1421 1613 1463; baseline 0 -11"><span class='ocrx_word' id='word_1_255' title='bbox 951 1432 1011 1463; x_wconf 87' lang='lat' dir='ltr'>que</span> <span class='ocrx_word' id='word_1_256' title='bbox 1022 1422 1155 1451; x_wconf 86' lang='lat' dir='ltr'>materia</span> <span class='ocrx_word' id='word_1_257' title='bbox 1165 1421 1361 1462; x_wconf 80' lang='lat' dir='ltr'>conjungitur</span> <span class='ocrx_word' id='word_1_258' title='bbox 1373 1421 1453 1451; x_wconf 84' lang='lat' dir='ltr'>infra</span> <span class='ocrx_word' id='word_1_259' title='bbox 1464 1422 1525 1451; x_wconf 83' lang='lat' dir='ltr'>xiv.</span> <span class='ocrx_word' id='word_1_260' title='bbox 1539 1422 1613 1452; x_wconf 83' lang='lat'>532.</span> 
     </span>
     <span class='ocr_line' id='line_1_45' title="bbox 952 1469 1613 1509; baseline -0.002 -9"><span class='ocrx_word' id='word_1_261' title='bbox 952 1471 1043 1500; x_wconf 77' lang='lat' dir='ltr'>Rima</span> <span class='ocrx_word' id='word_1_262' title='bbox 1057 1477 1150 1508; x_wconf 78' lang='lat' dir='ltr'>putet,</span> <span class='ocrx_word' id='word_1_263' title='bbox 1168 1478 1228 1499; x_wconf 83' lang='lat' dir='ltr'>etc.</span> <span class='ocrx_word' id='word_1_264' title='bbox 1284 1469 1394 1509; x_wconf 77' lang='lat' dir='ltr'>Virgil.</span> <span class='ocrx_word' id='word_1_265' title='bbox 1411 1470 1487 1499; x_wconf 77' lang='lat' dir='ltr'>AEn.</span> <span class='ocrx_word' id='word_1_266' title='bbox 1502 1469 1523 1500; x_wconf 86' lang='lat' dir='ltr'>i.</span> <span class='ocrx_word' id='word_1_267' title='bbox 1543 1471 1613 1500; x_wconf 79' lang='lat'>122.</span> 
     </span>
     <span class='ocr_line' id='line_1_46' title="bbox 954 1520 1614 1560; baseline -0.002 -10"><span class='ocrx_word' id='word_1_268' title='bbox 954 1522 1028 1550; x_wconf 68' lang='lat' dir='ltr'>laxis</span> <span class='ocrx_word' id='word_1_269' title='bbox 1044 1521 1173 1549; x_wconf 66' lang='lat' dir='ltr'>luterum</span> <span class='ocrx_word' id='word_1_270' title='bbox 1187 1520 1373 1560; x_wconf 75' lang='lat' dir='ltr'>cmnpagibns</span> <span class='ocrx_word' id='word_1_271' title='bbox 1388 1530 1484 1549; x_wconf 80' lang='lat' dir='ltr'>omnes</span> <span class='ocrx_word' id='word_1_272' title='bbox 1495 1521 1614 1558; x_wconf 73' lang='lat' dir='ltr'>Accipi-</span> 
     </span>
     <span class='ocr_line' id='line_1_47' title="bbox 956 1569 1613 1609; baseline -0.002 -10"><span class='ocrx_word' id='word_1_273' title='bbox 956 1576 1010 1599; x_wconf 77' lang='lat' dir='ltr'>unt</span> <span class='ocrx_word' id='word_1_274' title='bbox 1035 1570 1187 1598; x_wconf 66' lang='lat' dir='ltr'>inimicum</span> <span class='ocrx_word' id='word_1_275' title='bbox 1214 1569 1344 1603; x_wconf 74' lang='lat' dir='ltr'>imbrem,</span> <span class='ocrx_word' id='word_1_276' title='bbox 1366 1570 1503 1607; x_wconf 67' lang='lat' dir='ltr'>rimisque</span> <span class='ocrx_word' id='word_1_277' title='bbox 1517 1569 1613 1609; x_wconf 55' lang='lat' dir='ltr'>²fatis-</span> 
     </span>
     <span class='ocr_line' id='line_1_48' title="bbox 952 1618 1614 1658; baseline -0.002 -10"><span class='ocrx_word' id='word_1_278' title='bbox 952 1625 1038 1648; x_wconf 73' lang='lat' dir='ltr'>cunt.</span> <span class='ocrx_word' id='word_1_279' title='bbox 1068 1618 1170 1647; x_wconf 75' lang='lat' dir='ltr'>Totum</span> <span class='ocrx_word' id='word_1_280' title='bbox 1188 1620 1360 1648; x_wconf 73' lang='lat' dir='ltr'>descendere</span> <span class='ocrx_word' id='word_1_281' title='bbox 1376 1619 1494 1648; x_wconf 74' lang='lat' dir='ltr'>coelum.</span> <span class='ocrx_word' id='word_1_282' title='bbox 1526 1618 1614 1658; x_wconf 70' lang='lat' dir='ltr'>Virg.</span> 
     </span>
     <span class='ocr_line' id='line_1_49' title="bbox 953 1667 1616 1706; baseline 0 -10"><span class='ocrx_word' id='word_1_283' title='bbox 953 1667 1029 1696; x_wconf 82' lang='lat' dir='ltr'>ibid.</span> <span class='ocrx_word' id='word_1_284' title='bbox 1050 1667 1119 1697; x_wconf 75' lang='lat'>129.</span> <span class='ocrx_word' id='word_1_285' title='bbox 1135 1669 1200 1697; x_wconf 61' lang='lat' dir='ltr'>corli</span> <span class='ocrx_word' id='word_1_286' title='bbox 1225 1667 1343 1696; x_wconf 76' lang='lat' dir='ltr'>ruinam</span> <span class='ocrx_word' id='word_1_287' title='bbox 1367 1672 1477 1703; x_wconf 71' lang='lat' dir='ltr'>vocat,</span> <span class='ocrx_word' id='word_1_288' title='bbox 1501 1667 1616 1706; x_wconf 87' lang='lat' dir='ltr'>Georg.</span> 
     </span>
     <span class='ocr_line' id='line_1_50' title="bbox 955 1716 1266 1746; baseline -0.003 -1"><span class='ocrx_word' id='word_1_289' title='bbox 955 1716 974 1746; x_wconf 92' lang='lat' dir='ltr'>i.</span> <span class='ocrx_word' id='word_1_290' title='bbox 991 1717 1064 1746; x_wconf 80' lang='lat'>318.</span> <span class='ocrx_word' id='word_1_291' title='bbox 1080 1717 1143 1745; x_wconf 73' lang='lat' dir='ltr'>ruit</span> <span class='ocrx_word' id='word_1_292' title='bbox 1167 1716 1266 1745; x_wconf 74' lang='lat' dir='ltr'>aetlier.</span> 
     </span>
     <span class='ocr_line' id='line_1_51' title="bbox 956 1764 1248 1800; baseline -0.003 -5"><span class='ocrx_word' id='word_1_293' title='bbox 956 1764 1105 1800; x_wconf 87' lang='lat' dir='ltr'>coelestis,</span> <span class='ocrx_word' id='word_1_294' title='bbox 1122 1764 1248 1794; x_wconf 83' lang='lat' dir='ltr'>coelum.</span> 
     </span>
     <span class='ocr_line' id='line_1_52' title="bbox 1000 1812 1618 1852; baseline 0 -9"><span class='ocrx_word' id='word_1_295' title='bbox 1000 1814 1075 1843; x_wconf 82' lang='grc'><strong>519.</strong></span> <span class='ocrx_word' id='word_1_296' title='bbox 1115 1813 1185 1841; x_wconf 64' lang='lat' dir='ltr'>sela</span> <span class='ocrx_word' id='word_1_297' title='bbox 1216 1814 1334 1842; x_wconf 71' lang='lat' dir='ltr'>madent</span> <span class='ocrx_word' id='word_1_298' title='bbox 1367 1812 1502 1852; x_wconf 58' lang='lat' dir='ltr'>nimius]</span> <span class='ocrx_word' id='word_1_299' title='bbox 1542 1813 1618 1844; x_wconf 82' lang='lat' dir='ltr'>Post</span> 
     </span>
     <span class='ocr_line' id='line_1_53' title="bbox 959 1861 1617 1902; baseline 0.003 -12"><span class='ocrx_word' id='word_1_300' title='bbox 959 1868 1021 1891; x_wconf 85' lang='lat' dir='ltr'>tarn</span> <span class='ocrx_word' id='word_1_301' title='bbox 1039 1861 1195 1891; x_wconf 83' lang='lat' dir='ltr'>horribilia</span> <span class='ocrx_word' id='word_1_302' title='bbox 1210 1861 1416 1902; x_wconf 65' lang='lat' dir='ltr'>phaenomena</span> <span class='ocrx_word' id='word_1_303' title='bbox 1431 1861 1512 1891; x_wconf 89' lang='lat' dir='ltr'>male</span> <span class='ocrx_word' id='word_1_304' title='bbox 1528 1861 1617 1892; x_wconf 88' lang='lat' dir='ltr'>addi-</span> 
     </span>
     <span class='ocr_line' id='line_1_54' title="bbox 959 1910 1617 1946; baseline 0.002 -6"><span class='ocrx_word' id='word_1_305' title='bbox 959 1917 1018 1946; x_wconf 83' lang='lat' dir='ltr'>tur,</span> <span class='ocrx_word' id='word_1_306' title='bbox 1040 1911 1101 1940; x_wconf 67' lang='lat' dir='ltr'>vela</span> <span class='ocrx_word' id='word_1_307' title='bbox 1125 1910 1217 1940; x_wconf 80' lang='lat' dir='ltr'>etiam</span> <span class='ocrx_word' id='word_1_308' title='bbox 1244 1912 1398 1945; x_wconf 71' lang='lat' dir='ltr'>maduisse,</span> <span class='ocrx_word' id='word_1_309' title='bbox 1419 1910 1500 1940; x_wconf 86' lang='lat' dir='ltr'>male</span> <span class='ocrx_word' id='word_1_310' title='bbox 1524 1911 1617 1941; x_wconf 82' lang='lat' dir='ltr'>etiam</span> 
     </span>
     <span class='ocr_line' id='line_1_55' title="bbox 959 1958 1619 2000; baseline 0.003 -12"><span class='ocrx_word' id='word_1_311' title='bbox 959 1965 1028 2000; x_wconf 85' lang='lat' dir='ltr'>post</span> <span class='ocrx_word' id='word_1_312' title='bbox 1054 1958 1223 1999; x_wconf 85' lang='lat' dir='ltr'>superiora,</span> <span class='ocrx_word' id='word_1_313' title='bbox 1250 1970 1316 1988; x_wconf 80' lang='lat' dir='ltr'>cum</span> <span class='ocrx_word' id='word_1_314' title='bbox 1342 1961 1505 1989; x_wconf 66' lang='lat' dir='ltr'>coetestibus</span> <span class='ocrx_word' id='word_1_315' title='bbox 1527 1962 1619 1990; x_wconf 75' lang='lat' dir='ltr'>undis</span> 
     </span>
     <span class='ocr_line' id='line_1_56' title="bbox 961 2008 1619 2047; baseline 0.002 -10"><span class='ocrx_word' id='word_1_316' title='bbox 961 2008 1114 2047; x_wconf 58' lang='lat' dir='ltr'>,Equureoe</span> <span class='ocrx_word' id='word_1_317' title='bbox 1138 2010 1310 2037; x_wconf 69' lang='lat' dir='ltr'>miscentur.</span> <span class='ocrx_word' id='word_1_318' title='bbox 1356 2008 1493 2047; x_wconf 71' lang='lat' dir='ltr'>Ignibus,</span> <span class='ocrx_word' id='word_1_319' title='bbox 1509 2008 1619 2045; x_wconf 83' lang='lat' dir='ltr'>stellis,</span> 
     </span>
     <span class='ocr_line' id='line_1_57' title="bbox 961 2056 1619 2097; baseline 0.003 -11"><span class='ocrx_word' id='word_1_320' title='bbox 961 2067 1031 2097; x_wconf 81' lang='lat' dir='ltr'>quae</span> <span class='ocrx_word' id='word_1_321' title='bbox 1058 2057 1125 2097; x_wconf 80' lang='lat' dir='ltr'>jani</span> <span class='ocrx_word' id='word_1_322' title='bbox 1157 2056 1291 2086; x_wconf 88' lang='lat' dir='ltr'>nubibus</span> <span class='ocrx_word' id='word_1_323' title='bbox 1321 2056 1477 2087; x_wconf 68' lang='lat' dir='ltr'>obductae.</span> <span class='ocrx_word' id='word_1_324' title='bbox 1524 2057 1619 2093; x_wconf 71' lang='lat' dir='ltr'>Cteca,</span> 
     </span>
     <span class='ocr_line' id='line_1_58' title="bbox 962 2105 1621 2146; baseline 0.003 -11"><span class='ocrx_word' id='word_1_325' title='bbox 962 2105 1115 2135; x_wconf 84' lang='lat' dir='ltr'>Obscura.</span> <span class='ocrx_word' id='word_1_326' title='bbox 1141 2106 1274 2134; x_wconf 76' lang='lat' dir='ltr'>Fremitu</span> <span class='ocrx_word' id='word_1_327' title='bbox 1281 2116 1306 2140; x_wconf 82' lang='lat' dir='ltr'>r,</span> <span class='ocrx_word' id='word_1_328' title='bbox 1314 2105 1387 2146; x_wconf 79' lang='lat' dir='ltr'>quia</span> <span class='ocrx_word' id='word_1_329' title='bbox 1397 2106 1530 2136; x_wconf 81' lang='lat' dir='ltr'>tenebrae</span> <span class='ocrx_word' id='word_1_330' title='bbox 1543 2117 1621 2137; x_wconf 87' lang='lat' dir='ltr'>onus</span> 
     </span>
     <span class='ocr_line' id='line_1_59' title="bbox 961 2153 1617 2195; baseline 0.002 -12"><span class='ocrx_word' id='word_1_331' title='bbox 961 2153 1062 2194; x_wconf 81' lang='lat' dir='ltr'>quasi,</span> <span class='ocrx_word' id='word_1_332' title='bbox 1080 2153 1232 2184; x_wconf 83' lang='lat' dir='ltr'>incubans</span> <span class='ocrx_word' id='word_1_333' title='bbox 1253 2160 1339 2183; x_wconf 75' lang='lat' dir='ltr'>terrae</span> <span class='ocrx_word' id='word_1_334' title='bbox 1360 2160 1391 2184; x_wconf 87' lang='lat' dir='ltr'>et</span> <span class='ocrx_word' id='word_1_335' title='bbox 1412 2160 1517 2195; x_wconf 84' lang='lat' dir='ltr'>ponto.</span> <span class='ocrx_word' id='word_1_336' title='bbox 1556 2157 1617 2184; x_wconf 78' lang='lat' dir='ltr'>Ar-</span> 
     </span>
     <span class='ocr_line' id='line_1_60' title="bbox 961 2202 1619 2244; baseline 0.003 -12"><span class='ocrx_word' id='word_1_337' title='bbox 961 2204 1083 2233; x_wconf 75' lang='lat' dir='ltr'>descunt</span> <span class='ocrx_word' id='word_1_338' title='bbox 1108 2202 1209 2243; x_wconf 80' lang='lat' dir='ltr'>(quod</span> <span class='ocrx_word' id='word_1_339' title='bbox 1234 2202 1351 2232; x_wconf 82' lang='lat' dir='ltr'>habent</span> <span class='ocrx_word' id='word_1_340' title='bbox 1376 2203 1471 2233; x_wconf 85' lang='lat' dir='ltr'>nostri</span> <span class='ocrx_word' id='word_1_341' title='bbox 1496 2203 1619 2244; x_wconf 81' lang='lat' dir='ltr'>Regii‚)</span> 
     </span>
     <span class='ocr_line' id='line_1_61' title="bbox 962 2251 1622 2293; baseline 0.002 -11"><span class='ocrx_word' id='word_1_342' title='bbox 962 2252 1051 2292; x_wconf 83' lang='lat' dir='ltr'>igneo</span> <span class='ocrx_word' id='word_1_343' title='bbox 1082 2252 1183 2282; x_wconf 87' lang='lat' dir='ltr'>colore</span> <span class='ocrx_word' id='word_1_344' title='bbox 1212 2262 1279 2282; x_wconf 84' lang='lat' dir='ltr'>esse</span> <span class='ocrx_word' id='word_1_345' title='bbox 1309 2258 1340 2282; x_wconf 85' lang='lat' dir='ltr'>et</span> <span class='ocrx_word' id='word_1_346' title='bbox 1366 2251 1440 2293; x_wconf 83' lang='lat' dir='ltr'>ipsae</span> <span class='ocrx_word' id='word_1_347' title='bbox 1467 2252 1622 2284; x_wconf 87' lang='lat' dir='ltr'>videntur.</span> 
     </span>
     <span class='ocr_line' id='line_1_62' title="bbox 962 2300 1620 2342; baseline 0.002 -11"><span class='ocrx_word' id='word_1_348' title='bbox 962 2300 1126 2341; x_wconf 79' lang='lat' dir='ltr'>Ingeniose</span> <span class='ocrx_word' id='word_1_349' title='bbox 1143 2300 1270 2342; x_wconf 79' lang='lat' dir='ltr'>quidem</span> <span class='ocrx_word' id='word_1_350' title='bbox 1291 2307 1321 2330; x_wconf 84' lang='lat' dir='ltr'>et</span> <span class='ocrx_word' id='word_1_351' title='bbox 1338 2301 1394 2331; x_wconf 86' lang='lat' dir='ltr'>hoc</span> <span class='ocrx_word' id='word_1_352' title='bbox 1413 2302 1620 2338; x_wconf 82' lang='lat' dir='ltr'>observatum,</span> 
     </span>
     <span class='ocr_line' id='line_1_63' title="bbox 963 2349 1620 2391; baseline 0.005 -12"><span class='ocrx_word' id='word_1_353' title='bbox 963 2350 1016 2379; x_wconf 82' lang='lat' dir='ltr'>sed</span> <span class='ocrx_word' id='word_1_354' title='bbox 1039 2349 1071 2379; x_wconf 85' lang='lat' dir='ltr'>in</span> <span class='ocrx_word' id='word_1_355' title='bbox 1098 2357 1159 2380; x_wconf 78' lang='lat' dir='ltr'>tam</span> <span class='ocrx_word' id='word_1_356' title='bbox 1187 2349 1325 2380; x_wconf 82' lang='lat' dir='ltr'>horribili</span> <span class='ocrx_word' id='word_1_357' title='bbox 1350 2351 1543 2391; x_wconf 84' lang='lat' dir='ltr'>tempestatis</span> <span class='ocrx_word' id='word_1_358' title='bbox 1566 2352 1620 2382; x_wconf 87' lang='lat' dir='ltr'>de—</span> 
     </span>
     <span class='ocr_line' id='line_1_64' title="bbox 963 2398 1550 2439; baseline 0.002 -11"><span class='ocrx_word' id='word_1_359' title='bbox 963 2398 1129 2439; x_wconf 85' lang='lat' dir='ltr'>scriptione</span> <span class='ocrx_word' id='word_1_360' title='bbox 1145 2399 1249 2438; x_wconf 80' lang='lat' dir='ltr'>inepte</span> <span class='ocrx_word' id='word_1_361' title='bbox 1265 2406 1550 2430; x_wconf 81' lang='lat' dir='ltr'>commemoratum.</span> 
     </span>
     <span class='ocr_line' id='line_1_65' title="bbox 1006 2447 1622 2489; baseline 0.003 -11"><span class='ocrx_word' id='word_1_362' title='bbox 1006 2449 1079 2478; x_wconf 80' lang='lat'>524.</span> <span class='ocrx_word' id='word_1_363' title='bbox 1105 2448 1185 2477; x_wconf 75' lang='lat' dir='ltr'>Catu</span> <span class='ocrx_word' id='word_1_364' title='bbox 1207 2448 1314 2487; x_wconf 58' lang='lat' dir='ltr'>witin]</span> <span class='ocrx_word' id='word_1_365' title='bbox 1346 2447 1452 2478; x_wconf 68' lang='lat' dir='ltr'>Texere</span> <span class='ocrx_word' id='word_1_366' title='bbox 1470 2454 1557 2489; x_wconf 89' lang='lat' dir='ltr'>tropo</span> <span class='ocrx_word' id='word_1_367' title='bbox 1577 2449 1622 2480; x_wconf 87' lang='lat' dir='ltr'>fa-</span> 
     </span>
     <span class='ocr_line' id='line_1_66' title="bbox 963 2495 1621 2537; baseline 0.005 -12"><span class='ocrx_word' id='word_1_368' title='bbox 963 2495 1015 2525; x_wconf 91' lang='lat' dir='ltr'>cili</span> <span class='ocrx_word' id='word_1_369' title='bbox 1030 2496 1068 2526; x_wconf 92' lang='lat' dir='ltr'>de</span> <span class='ocrx_word' id='word_1_370' title='bbox 1083 2496 1251 2526; x_wconf 83' lang='lat' dir='ltr'>viminibus</span> <span class='ocrx_word' id='word_1_371' title='bbox 1271 2496 1368 2531; x_wconf 80' lang='lat' dir='ltr'>nexis,</span> <span class='ocrx_word' id='word_1_372' title='bbox 1386 2496 1458 2526; x_wconf 90' lang='lat' dir='ltr'>hinc</span> <span class='ocrx_word' id='word_1_373' title='bbox 1475 2507 1563 2537; x_wconf 87' lang='lat' dir='ltr'>porro</span> <span class='ocrx_word' id='word_1_374' title='bbox 1580 2498 1621 2528; x_wconf 93' lang='lat' dir='ltr'>de</span> 
     </span>
     <span class='ocr_line' id='line_1_67' title="bbox 963 2544 1620 2585; baseline 0.005 -12"><span class='ocrx_word' id='word_1_375' title='bbox 963 2544 1102 2574; x_wconf 87' lang='lat' dir='ltr'>trabibus</span> <span class='ocrx_word' id='word_1_376' title='bbox 1113 2545 1240 2585; x_wconf 85' lang='lat' dir='ltr'>junctis,</span> <span class='ocrx_word' id='word_1_377' title='bbox 1257 2545 1390 2575; x_wconf 66' lang='lat' dir='ltr'>maxime</span> <span class='ocrx_word' id='word_1_378' title='bbox 1406 2545 1543 2581; x_wconf 79' lang='lat' dir='ltr'>navium,</span> <span class='ocrx_word' id='word_1_379' title='bbox 1557 2546 1620 2576; x_wconf 88' lang='lat' dir='ltr'>dici</span> 
     </span>
     <span class='ocr_line' id='line_1_68' title="bbox 965 2593 1621 2634; baseline 0.003 -11"><span class='ocrx_word' id='word_1_380' title='bbox 965 2599 1114 2633; x_wconf 61' lang='lat' dir='ltr'>coeptum.</span> <span class='ocrx_word' id='word_1_381' title='bbox 1157 2594 1229 2624; x_wconf 85' lang='lat' dir='ltr'>Jam</span> <span class='ocrx_word' id='word_1_382' title='bbox 1246 2593 1401 2623; x_wconf 82' lang='lat' dir='ltr'>Pacuvius</span> <span class='ocrx_word' id='word_1_383' title='bbox 1418 2594 1500 2634; x_wconf 88' lang='lat' dir='ltr'>apud</span> <span class='ocrx_word' id='word_1_384' title='bbox 1516 2594 1584 2625; x_wconf 89' lang='lat' dir='ltr'>Cic.</span> <span class='ocrx_word' id='word_1_385' title='bbox 1600 2595 1621 2625; x_wconf 87' lang='lat' dir='ltr'>i.</span> 
     </span>
     <span class='ocr_line' id='line_1_69' title="bbox 965 2641 1622 2682; baseline 0.005 -11"><span class='ocrx_word' id='word_1_386' title='bbox 965 2641 1004 2671; x_wconf 88' lang='lat' dir='ltr'>de</span> <span class='ocrx_word' id='word_1_387' title='bbox 1020 2641 1094 2672; x_wconf 83' lang='lat' dir='ltr'>Div.</span> <span class='ocrx_word' id='word_1_388' title='bbox 1104 2643 1158 2672; x_wconf 82' lang='lat'>31.</span> <span class='ocrx_word' id='word_1_389' title='bbox 1172 2642 1298 2681; x_wconf 75' lang='lat' dir='ltr'>Jamque</span> <span class='ocrx_word' id='word_1_390' title='bbox 1311 2644 1386 2672; x_wconf 73' lang='lat' dir='ltr'>muri</span> <span class='ocrx_word' id='word_1_391' title='bbox 1403 2654 1508 2682; x_wconf 79' lang='lat' dir='ltr'>magno</span> <span class='ocrx_word' id='word_1_392' title='bbox 1523 2644 1622 2674; x_wconf 72' lang='lat' dir='ltr'>classis</span> 
     </span>
     <span class='ocr_line' id='line_1_70' title="bbox 965 2692 1620 2732; baseline 0.005 -13"><span class='ocrx_word' id='word_1_393' title='bbox 965 2693 1024 2720; x_wconf 77' lang='lat' dir='ltr'>cita</span> <span class='ocrx_word' id='word_1_394' title='bbox 1051 2693 1173 2722; x_wconf 67' lang='lat' dir='ltr'>emitur.</span> <span class='ocrx_word' id='word_1_395' title='bbox 1218 2692 1329 2732; x_wconf 81' lang='lat' dir='ltr'>Itaque</span> <span class='ocrx_word' id='word_1_396' title='bbox 1357 2698 1433 2722; x_wconf 60' lang='lat' dir='ltr'>tetta</span> <span class='ocrx_word' id='word_1_397' title='bbox 1459 2702 1513 2732; x_wconf 86' lang='lat' dir='ltr'>pro</span> <span class='ocrx_word' id='word_1_398' title='bbox 1540 2702 1620 2723; x_wconf 80' lang='lat' dir='ltr'>nave</span> 
     </span>
    </p>
   </div>
   <div class='ocr_carea' id='block_1_9' title="bbox 1315 1715 1616 1756">
    <p class='ocr_par' dir='ltr' id='par_1_11' title="bbox 1315 1715 1616 1756">
     <span class='ocr_line' id='line_1_71' title="bbox 1315 1715 1616 1756; baseline 0 -12"><span class='ocrx_word' id='word_1_399' title='bbox 1315 1715 1416 1756; x_wconf 71' lang='lat' dir='ltr'>Ptagae</span> <span class='ocrx_word' id='word_1_400' title='bbox 1441 1717 1516 1751; x_wconf 47' lang='lat' dir='ltr'>coeli,</span> <span class='ocrx_word' id='word_1_401' title='bbox 1533 1715 1616 1756; x_wconf 86' lang='lat' dir='ltr'>regio</span> 
     </span>
    </p>
   </div>
  </div>
 </body>
</html>
