1779 3130
250 173 333 216 108
621 171 672 212 P.
706 168 918 211 OVIDII
952 168 1232 210 NASONIS

246 288 316 334 At
336 287 471 341 mihi,
495 301 607 348 quae
632 284 761 331 male
787 298 913 337 sum,
941 298 1068 344 quos
1093 289 1163 337 tu,
1185 281 1359 329 sortita
1382 288 1631 344 parentes,

248 363 334 410 Nil
350 362 443 408 nisi
458 361 607 408 frater
622 361 738 407 eris:
759 360 894 421 quod
910 360 1068 414 obest,
1086 359 1135 405 id
1152 358 1444 405 habebimus
1460 374 1629 404 unum.

249 438 382 492 Quid
407 437 526 483 mihi
551 436 832 498 significant
858 450 974 496 ergo
1000 450 1111 481 mea
1131 434 1271 480 visa?
1309 433 1443 495 quod
1470 441 1635 479 autem

253 514 459 560 Somnia
476 513 670 576 pondus
691 511 911 558 habent?
950 527 1011 557 an
1030 511 1215 557 habent
1238 517 1289 556 et
1307 509 1497 556 somnia
1514 524 1636 571 pon-

451 589 579 635 dus?
1543 586 1639 630 495

253 665 318 711 Di
342 664 544 711 melius!
587 664 651 710 Di
676 679 853 726 nempe
880 678 994 710 suas
1020 664 1238 709 habuere
1265 677 1471 708 sorores,

256 741 339 787 Sic
367 741 609 788 Saturnus
638 740 805 802 Opim,
827 741 1057 802 junctam
1082 740 1176 786 sibi
1198 738 1453 800 sanguine,
1481 737 1640 792 duxit,

255 816 486 863 Oceanus
508 815 724 878 Tethyn,
753 814 781 860 J
789 831 1003 862 unonem
1028 823 1189 862 rector
1216 814 1439 877 Olympi.

257 892 384 939 Sunt
411 891 614 954 Superis
641 907 730 938 sua
747 893 888 954 jura:
930 892 1050 953 quid
1076 892 1138 938 ad
1164 890 1388 937 coelestia
1411 889 1533 935 ritus

256 968 471 1030 Exigere
496 969 755 1022 humanos,
783 967 1080 1029 diversaque
1105 966 1292 1013 foedera
1315 965 1491 1012 tento?
1547 968 1643 1011 500

254 1043 358 1090 Aut
382 1051 549 1090 nostro
574 1043 755 1090 vetitus
781 1043 843 1089 de
869 1044 1017 1090 corde
1042 1043 1294 1105 fugabitur
1319 1042 1489 1088 ardor:

255 1121 373 1175 Aut,
396 1121 487 1166 hoc
515 1120 555 1166 si
574 1136 788 1182 nequeo,
809 1136 1027 1182 peream,
1051 1135 1242 1183 precor,
1265 1127 1406 1174 ante3
1435 1125 1644 1178 toroque

257 1196 460 1243 Mortua
483 1213 767 1259 componar,
796 1197 1071 1260 positaeque
1097 1197 1183 1243 det
1208 1196 1380 1242 oscula
1402 1194 1567 1240 frater.

260 1270 328 1319 Et
352 1281 518 1320 tamen
543 1273 799 1319 arbitrium
828 1274 1005 1335 quaerit
1028 1289 1105 1320 res
1130 1273 1227 1319 ista
1251 1271 1477 1317 duorum.

260 1348 414 1411 Finge
440 1350 635 1412 placere
661 1350 806 1397 mihi:
838 1351 1000 1396 scelus
1021 1365 1132 1396 esse
1154 1348 1401 1395 videbitur
1425 1346 1510 1392 illi.
1549 1347 1645 1391 505

260 1423 328 1471 At
352 1441 449 1471 non
475 1423 679 1471 AEolidae
702 1425 946 1472 thalamos
972 1426 1179 1472 timuere
1206 1439 1442 1471 sororum.

301 1573 374 1601 494.
404 1572 596 1613 Significant,
622 1572 826 1612 σημαίνουσι,
850 1583 917 1613 por-
985 1580 1019 1603 ut
1035 1572 1099 1603 viii.
1114 1573 1187 1602 653.
1208 1578 1318 1601 resecat
1338 1577 1512 1608 sectamque.
1561 1568 1645 1597 Com-

259 1619 402 1654 tendunt,
419 1622 503 1651 verb.
523 1632 569 1663 pr.
588 1620 627 1651 de
650 1621 786 1656 somniis,
809 1621 918 1651 omini·
983 1632 1091 1661 ponere
1102 1631 1196 1662 quum
1211 1621 1335 1650 omnino
1349 1620 1398 1654 sit,
1411 1628 1532 1648 ornare:
1552 1617 1645 1647 etiarn

258 1669 327 1704 bus,
340 1669 498 1710 prodigiis,
515 1681 584 1711 quae
601 1670 673 1700 inde
689 1671 921 1710 significationes
986 1670 1110 1705 mortui,
1130 1680 1200 1700 cum
1220 1675 1329 1699 ornatu
1352 1667 1473 1698 funebri
1499 1667 1646 1696 decoran-

262 1717 395 1746 Deorum
424 1717 588 1756 dicuntum
620 1718 687 1748 Cic.
713 1718 782 1748 Cat.
808 1718 842 1748 ii.
871 1720 920 1750 13.
988 1725 1036 1748 tur
1065 1718 1101 1748 ad
1134 1718 1293 1758 exequias,
1328 1716 1474 1746 dicuntur
1505 1716 1649 1754 componi.

261 1764 321 1795 Pro
349 1775 419 1805 ergo
444 1766 591 1796 Heinsius
620 1766 746 1806 conjicit
768 1778 863 1807 aegrcr,
889 1767 920 1798 id
989 1766 1089 1796 Ardor
1111 1766 1262 1808 Byblidos
1286 1772 1390 1796 tantus
1416 1772 1472 1800 est,
1497 1770 1530 1794 ut
1550 1763 1649 1806 posita

260 1818 318 1848 est,
344 1814 474 1847 amanti,
502 1820 557 1844 aut
580 1825 651 1844 cuin
675 1815 773 1855 primo
801 1816 921 1846 Grono-

262 1861 353 1890 viano
377 1864 499 1893 misem.
533 1862 666 1897 Pondus,
683 1863 761 1899 vim3
795 1863 923 1893 Heroid.

264 1908 317 1939 vii.
344 1910 395 1940 65.
427 1912 544 1940 nullum
568 1914 605 1941 sit
633 1914 664 1940 in
685 1913 778 1941 omine
797 1914 923 1951 pondus.

265 1958 307 1988 Di
331 1961 444 1994 melius,
465 1960 536 1989 scil.
556 1959 642 1994 dent,
660 1960 778 1989 ferant:
805 1961 922 1990 abomi-

264 2006 359 2036 nandi
382 2007 532 2045 formula3
560 2007 630 2036 vide
650 2008 702 2037 vii.
726 2009 789 2046 373
819 2009 923 2038 Tibul.

263 2054 327 2083 III.
344 2054 383 2084 iv.
404 2055 432 2084 l.
452 2055 494 2084 Di
518 2056 636 2085 meliora
653 2056 775 2096 ferant,
794 2068 845 2086 nec
864 2059 925 2086 sint

264 2104 409 2132 insomnia
450 2114 531 2133 rera.
608 2104 720 2143 Nempe
758 2105 927 2146 objectioni

267 2161 349 2181 nunc
384 2151 521 2182 inservit.
581 2152 722 2182 Habuere
758 2153 789 2183 in
823 2153 928 2184 matri-

267 2200 382 2230 monio.

307 2250 380 2279 499.
397 2249 475 2279 Sunt
492 2249 612 2288 Superis
628 2261 694 2284 sua,
711 2249 787 2289 etc.]
805 2250 878 2280 Jam
895 2261 927 2280 se

267 2297 404 2337 corrigit.
462 2298 534 2333 Sua,
565 2298 640 2340 ipsis
669 2298 793 2339 propria
830 2304 860 2328 et
889 2299 927 2329 ab

266 2345 412 2375 humanis
433 2346 567 2382 diversa,
589 2349 626 2376 ud
649 2348 777 2377 cst-lestia
795 2349 923 2388 erigere,

267 2404 338 2424 cum
361 2395 541 2425 coelestibus
562 2406 752 2436 comparare,
770 2402 801 2425 et
816 2397 858 2426 sic
876 2405 925 2426 eo-

266 2453 334 2473 rum
349 2443 482 2484 pretium
498 2444 662 2474 aestimare.
709 2444 844 2479 Fri-dem,
861 2454 926 2474 ma-

266 2490 422 2526 trimonia,
455 2497 509 2521 aut
538 2492 662 2521 omnino
685 2492 767 2532 jura.
819 2492 927 2522 Foedus

266 2548 356 2568 omne
382 2539 425 2574 id,
455 2539 494 2570 de
520 2550 582 2580 quo
611 2539 691 2570 inter
722 2540 825 2581 plures
853 2550 927 2570 con-

271 2591 367 2616 vemt.

322 2634 396 2665 503.
426 2635 602 2674 Componar,
630 2635 809 2676 positaeque]
856 2636 930 2666 Post

271 2691 439 2721 componar,
467 2683 578 2724 repetit
598 2682 729 2725 simplex
764 2686 929 2724 positaeque,

992 1815 1085 1845 etiam
1102 1816 1199 1844 oscula
1217 1820 1303 1855 optet
1319 1824 1337 1843 a
1352 1814 1458 1843 fratre.

1035 1865 1109 1894 504.
1135 1865 1314 1898 Arbitrium,
1342 1863 1486 1898 lubitum,
1509 1862 1652 1891 volunta·

992 1918 1067 1942 tem.
1101 1912 1227 1946 Qum-it,
1245 1911 1383 1952 requirit,
1400 1922 1476 1952 opus
1491 1911 1594 1941 habet.

1035 1962 1110 1991 506.
1136 1961 1175 1990 Αἰ
1194 1973 1248 1989 71011
1268 1961 1404 1989 AEolidae.
1437 1960 1511 1989 Non
1525 1959 1652 1999 attingi-

994 2017 1042 2039 tur
1063 2009 1124 2044 hie,
1144 2015 1177 2038 ut
1197 2008 1324 2038 Safftius
1346 2009 1490 2049 putabat,
1512 2007 1652 2038 Macarei

995 2064 1024 2087 et
1049 2057 1192 2087 Canaces
1222 2056 1347 2093 fabula3
1384 2066 1456 2086 narn
1485 2066 1523 2085 ea
1551 2055 1654 2096 potius

993 2106 1139 2136 valuisset
1166 2105 1204 2134 ad
1233 2105 1461 2145 extinguendas
1490 2105 1654 2134 obscoenas

994 2153 1139 2194 Byblidis
1151 2154 1311 2190 flammas;
1327 2153 1381 2183 sed
1394 2154 1499 2183 rEolus
1508 2163 1561 2183 sex
1576 2152 1654 2183 filios

994 2202 1138 2232 habuisse
1167 2201 1292 2241 legitur,
1327 2202 1440 2242 quibus
1473 2211 1589 2231 sorores
1621 2200 1654 2231 in

995 2250 1226 2280 matrimonium
1241 2249 1363 2280 dederit
1377 2261 1384 2287 3
1409 2250 1574 2285 Homerus,
1592 2248 1655 2279 Od.

995 2303 1036 2335 K,
1057 2300 1088 2329 6.
1135 2299 1282 2334 Timaei-e,
1304 2298 1436 2329 aversati
1459 2304 1541 2329 sunt.
1579 2298 1653 2334 Hos,

996 2355 1057 2378 tam
1084 2348 1228 2388 antiquos
1251 2355 1282 2378 et
1306 2348 1400 2388 vulgo
1423 2358 1532 2388 parum
1558 2352 1655 2377 notos.

996 2396 1139 2425 Affectus
1171 2406 1207 2426 ea
1246 2396 1333 2425 nobis
1362 2395 1553 2436 suppeditat,
1584 2405 1654 2435 quae

994 2454 1049 2474 nos
1064 2443 1142 2474 scire
1159 2442 1217 2485 ipsi
1233 2443 1452 2483 ignorabamus
1467 2450 1551 2474 ante.
1591 2444 1653 2472 Ρα-

996 2494 1072 2526 ravi,
1096 2498 1169 2521 nota
1191 2491 1267 2521 mihi
1287 2492 1355 2522 feci.
1404 2492 1589 2532 Quoseror?
1613 2492 1652 2522 ad

996 2550 1126 2581 quorum
1147 2540 1358 2580 exemplorum
1378 2539 1584 2570 imitationem
1606 2550 1654 2570 ra-

996 2588 1043 2629 pit
1065 2598 1114 2617 me
1144 2588 1224 2618 furor
1235 2589 1246 2616 ‘1
1286 2588 1373 2624 Nec,-
1400 2587 1527 2618 Heinsio
1550 2588 1655 2629 placet

996 2647 1045 2666 vie.
1087 2636 1165 2670 Qua,
1182 2642 1343 2676 quantum,
1360 2641 1394 2666 ut
1410 2645 1471 2665 ver.
1486 2636 1559 2666 455.
1603 2636 1654 2666 Sic

997 2684 1075 2715 ratio
1092 2684 1200 2714 vicisse
1222 2683 1396 2719 videbatur,
1412 2689 1447 2715 ut
1461 2683 1514 2715 vii.
1529 2685 1569 2715 72
1589 2694 1655 2725 seq.
