1779 3130
387 172 1005 215 METAMORPHOSEON
1041 172 1156 212 LIB.
1191 171 1310 212 XII.

1458 172 1543 213 5260

152 288 357 334 Elidunt
384 287 568 341 fauces,
596 294 646 333 et
672 287 975 349 respiramen
998 287 1191 348 iterque

154 363 382 426 Eripiunt
410 363 613 410 animae:
641 363 824 408 victum
850 362 1065 425 spoliare
1090 362 1322 425 parabat:

152 439 304 485 Arma
328 438 500 485 relicta
522 437 682 484 videt:
722 453 902 500 corpus
932 438 1068 485 Deus
1095 438 1308 500 aequoris
1335 439 1500 485 albam

155 515 382 562 Contulit
406 514 455 560 in
480 514 745 568 volucrem,
768 516 910 576 cujus
936 515 1082 561 modo
1108 531 1288 561 nomen
1307 515 1541 562 habebat.

220 590 290 637 ΙΙ.
341 590 437 636 Hic
476 591 632 645 labor,
668 590 774 637 haec
814 592 1039 653 requiem
1074 591 1340 637 multorum
1379 606 1548 654 pugna

359 667 551 713 dierum

1454 670 1545 713 146

156 742 353 797 Attulit,
380 750 429 789 et
454 742 628 805 positis
653 758 766 805 pars
791 750 1000 805 utraque
1026 743 1249 790 substitit
1274 742 1438 789 armis.

158 819 393 881 Dumque
417 818 533 880 vigil
561 819 808 882 Phrygios
835 827 997 866 servat
1022 819 1250 866 custodia
1273 836 1457 874 muros,

156 895 222 942 Et
246 896 361 957 vigil
388 896 645 957 Argolicas
672 905 832 944 servat
857 898 1083 944 custodia
1107 897 1281 952 fossas,

158 972 307 1019 Festa
330 973 437 1019 dies
464 972 649 1027 aderat,
673 989 773 1035 qua
799 973 959 1037 Cycni
985 974 1140 1021 victor
1166 973 1387 1021 Achilles
1452 977 1542 1020 150

159 1048 367 1095 'Pallada
390 1049 575 1095 vittatae
598 1049 828 1112 placabat
852 1050 1092 1112 sanguine
1113 1066 1296 1096 vaccae.

159 1125 316 1188 Cujus
343 1133 397 1172 ut
421 1126 657 1188 imposuit
681 1133 911 1189 prosecta
935 1127 1212 1174 calentibus
1239 1126 1351 1181 aris,

161 1284 305 1323 Spoliare,
321 1284 630 1327 oxi-Musw,jacenti
655 1296 739 1316 arma
765 1286 819 1317 de-

164 1332 295 1368 trahere,
309 1343 346 1363 ex
364 1339 436 1363 noto
452 1343 535 1364 more
551 1339 702 1364 veterum.

211 1381 278 1412 145.
313 1382 461 1418 Contulit,
485 1382 738 1420 transformavit;
768 1383 819 1414 Ci-

166 1440 247 1466 cero,
263 1430 355 1461 Offic.
370 1430 415 1461 iii.
433 1432 485 1462 20.
505 1442 538 1461 er
565 1432 679 1461 homine
703 1443 731 1462 se
755 1444 822 1462 con-

155 1479 245 1520 ⁸serre
267 1482 296 1509 ἰιι
324 1481 474 1517 ὁείἰηιιιης
499 1491 591 1522 supra
615 1481 657 1511 ix.
673 1482 747 1511 347.
764 1482 821 1511 Lo-

167 1530 203 1557 tis
228 1530 259 1557 in
286 1529 362 1559 hane
390 1530 559 1559 contulerat
586 1540 678 1559 versos
707 1530 822 1559 vultus.

164 1578 269 1607 Albam
284 1579 314 1607 in
328 1579 485 1613 volucrem,
497 1583 531 1607 ut
540 1578 677 1619 superior
687 1578 824 1620 Cycnus,

162 1626 194 1656 ii.
211 1627 286 1657 367.
332 1627 431 1657 Fuere
455 1632 559 1657 autem
580 1632 642 1657 tres
664 1627 763 1668 Cycni
787 1627 826 1658 de

166 1675 279 1716 quibus
295 1675 378 1715 apud
393 1681 500 1716 poetas
513 1676 547 1705 fit
558 1676 689 1706 mentio:
709 1676 826 1717 primus

164 1724 305 1766 Neptuni
320 1725 411 1759 filius,
421 1735 515 1765 quem
528 1724 645 1755 occidit
655 1724 704 1755 hic
716 1725 826 1756 Achil-

164 1775 226 1805 les:
244 1774 321 1804 alter
336 1774 475 1804 Stheneli
488 1774 580 1809 filius,
594 1774 741 1815 Ligurum
752 1785 822 1805 rex:

166 1822 274 1853 tertius
288 1822 402 1853 Martis
417 1822 499 1853 filius
515 1823 582 1859 fuit,
597 1833 689 1863 quern
705 1824 824 1854 Hercu-

164 1872 210 1903 les
241 1871 392 1913 singulari
418 1872 588 1902 certamine
618 1871 659 1902 ad
685 1872 824 1903 Peneum

165 1931 289 1951 amnem
304 1921 461 1962 superavit
479 1926 510 1950 et
525 1920 653 1951 occidit.

212 1971 391 2001 146—535.
440 1970 553 2011 Pugna
593 1970 824 2006 Centaurorum,

167 2020 256 2061 cujus
279 2019 424 2050 narrandi
452 2018 574 2050 occasio
598 2019 648 2049 hic
674 2029 825 2060 perquam

166 2068 328 2099 commoda
342 2068 478 2099 offertur.
523 2067 561 2097 Ei
577 2068 659 2098 enim
679 2068 825 2099 interfue-

168 2123 215 2147 rat
236 2118 370 2152 Cu'neus,
386 2116 496 2157 Cycno
519 2123 550 2147 et
571 2122 683 2146 natura
703 2122 735 2146 et
755 2116 826 2147 fatis

165 2165 349 2196 simillimus.
394 2165 541 2206 Namque
557 2175 618 2195 non
633 2165 725 2195 modo
745 2176 762 2195 e
783 2165 826 2195 fe-

168 2213 253 2243 mina
276 2213 306 2243 in
331 2223 446 2243 marem
467 2224 643 2248 conversus,
659 2213 712 2243 sed
731 2213 825 2244 etiam

167 2260 404 2292 invulnerabilis
416 2261 516 2292 factus
528 2267 596 2292 erat
606 2261 746 2302 Neptuni
758 2272 826 2292 mu·

169 2320 252 2346 nere,
283 2316 324 2346 et,
351 2321 448 2351 quum
477 2316 649 2345 necaretur,
676 2310 708 2339 in
737 2320 827 2340 avem

169 2359 423 2397 transformatus3
446 2358 641 2400 Apollonius,
658 2358 679 2389 i.
700 2360 752 2389 57.
766 2358 825 2389 ibi-

171 2418 231 2449 que
250 2407 347 2438 schol.
363 2407 482 2437 Anton.
502 2409 539 2437 17
554 2419 560 2445 ;
586 2407 683 2438 schol.
701 2407 827 2438 Homeri

171 2457 211 2487 ad
226 2456 266 2487 Il.
278 2460 317 2487 A.
329 2457 412 2494 2643
427 2456 582 2497 Hyginus,
598 2456 662 2486 sab.
679 2456 741 2486 xiv.
755 2466 827 2496 pag.

171 2506 230 2543 343
264 2505 388 2536 Servius
415 2505 454 2535 ad
471 2506 546 2535 AEn.
562 2505 605 2535 vi.
652 2505 702 2535 De
725 2505 829 2535 Caeneo

170 2553 237 2595 ipso
262 2554 364 2594 agitur
388 2554 564 2588 171-219‚
589 2561 621 2583 et
647 2554 828 2584 459-534.

172 2602 284 2642 quibus
296 2612 402 2643 pugna
414 2602 641 2632 Centaurorum
657 2601 830 2642 interjecta.

172 2650 233 2680 Sed
256 2650 305 2680 his
324 2650 466 2680 omnibus
486 2649 682 2691 praemittitur
697 2649 831 2680 convivii

173 2698 351 2740 descriptio,
368 2698 450 2740 quod
465 2698 660 2730 occasionem
677 2698 763 2729 dedit
777 2709 832 2729 an-

1340 1266 1354 1278 O

888 1286 1049 1327 tiquiorem
1079 1285 1159 1316 hanc
1186 1284 1247 1316 fab.
1277 1285 1448 1327 repetendi.
1493 1286 1543 1317 De

891 1336 1051 1365 Centauris
1080 1334 1151 1364 vide
1179 1333 1218 1364 ad
1244 1344 1306 1364 ver.
1334 1335 1408 1364 2l0.
1454 1334 1552 1365 Labor

889 1389 1032 1414 notanter
1042 1383 1081 1414 de
1096 1382 1270 1424 praeliorum
1288 1382 1447 1413 molestiis.
1473 1384 1548 1413 Sub-

889 1436 977 1468 stitit,
995 1432 1123 1473 quievit.
1169 1433 1274 1462 Servat
1287 1442 1340 1473 pro
1353 1432 1506 1468 observat,
1518 1439 1552 1463 ut

892 1493 919 1512 v.
935 1482 1009 1512 631.
1060 1481 1138 1522 l'igil
1154 1483 1299 1517 custodia,
1317 1481 1458 1511 custodia
1474 1481 1551 1522 vigi-

891 1531 968 1560 lum.
1013 1531 1063 1560 De
1092 1529 1274 1571 repetitione
1300 1529 1357 1559 hac
1390 1530 1552 1560 verborum

892 1580 962 1610 vide
979 1579 1070 1609 Praef.
1081 1578 1119 1609 de
1135 1589 1225 1619 opere
1239 1579 1319 1608 Met.
1336 1577 1366 1607 in
1383 1583 1463 1608 tomo
1475 1589 1554 1619 prae-

891 1628 962 1658 ced.
975 1638 1047 1669 pag.
1062 1629 1114 1657 32.
1152 1627 1260 1656 Pullus
1271 1625 1385 1657 fautrix
1402 1626 1553 1664 Achillis;

893 1677 1020 1707 Homer.
1035 1677 1073 1706 Il.
1090 1680 1128 1707 A.
1147 1677 1207 1706 194
1229 1685 1298 1716 sqq.
1344 1676 1454 1705 Placat
1469 1676 1555 1706 Deos

894 1726 1073 1767 quicunque
1107 1725 1145 1755 iis
1177 1734 1266 1754 sacra
1294 1723 1380 1754 facit.
1430 1724 1551 1755 Vittatae

892 1777 1038 1816 sanguine
1054 1784 1159 1804 vaccoe.
1203 1772 1287 1803 Ante
1300 1771 1462 1803 Heinsium
1479 1773 1553 1803 ede-

892 1824 985 1854 batur
1001 1829 1274 1853 mactatae—vaccae
1291 1821 1353 1862 (ita
1368 1827 1414 1852 est
1436 1821 1468 1851 in
1484 1832 1553 1852 nos-

892 1871 947 1902 tris
968 1871 1077 1911 Regiis
1088 1871 1113 1908 :)
1130 1872 1213 1900 vittis
1228 1871 1332 1900 velata
1353 1869 1468 1906 omnia,
1483 1881 1553 1911 quae

894 1921 965 1951 Diis
981 1921 1258 1957 consecrabantu13
1275 1919 1345 1949 vide
1360 1919 1541 1951 Heinsium.

940 1970 1010 1999 152.
1036 1969 1181 2008 Imposuit
1195 1974 1338 2007 prosecta,
1355 1968 1431 2008 etc.]
1455 1969 1555 1999 Sacri-

893 2018 965 2048 ficia
1000 2028 1096 2048 causa
1131 2017 1292 2058 praecipua
1325 2016 1409 2057 apud
1440 2017 1556 2058 priscos

894 2066 1021 2097 Graecos
1049 2065 1273 2100 conviviorum,
1300 2064 1414 2106 quibus
1448 2065 1554 2096 admo·

893 2115 967 2146 dum
996 2115 1237 2146 delectabantur
1272 2114 1391 2150 heroes,
1421 2121 1452 2145 et
1486 2126 1555 2156 quae

892 2164 1024 2195 subinde
1037 2175 1075 2194 ex
1091 2174 1174 2194 more
1190 2173 1209 2193 a
1223 2162 1401 2204 proceribus
1413 2163 1555 2194 institue-

893 2215 1019 2244 bantur.
1067 2214 1223 2243 Prosecari
1250 2213 1341 2242 verbo
1366 2212 1462 2242 sacris
1485 2223 1553 2253 pro-

893 2262 959 2303 prio
982 2262 1166 2293 dicebantur
1188 2268 1261 2291 exta
1283 2265 1384 2290 cocta.
1433 2260 1490 2291 Dis
1505 2273 1556 2291 ac-

894 2317 1004 2349 ceptus.
1051 2311 1140 2341 Unus
1164 2308 1285 2349 Regius
1311 2314 1456 2346 exceptus,
1472 2309 1556 2350 quod

891 2361 973 2390 bene
990 2359 1172 2390 aviditatem
1187 2359 1327 2389 Deorum
1342 2363 1448 2387 notare
1467 2365 1558 2399 putat

893 2411 1092 2440 Burmannus
1107 2420 1114 2445 ;
1140 2407 1246 2438 nidore
1262 2406 1347 2436 enim
1366 2407 1452 2447 pasci
1467 2407 1554 2439 Deos

896 2457 1048 2488 creditum
1064 2467 1141 2486 esse.
1168 2456 1318 2496 Tempore
1331 2454 1459 2484 heroum
1470 2466 1555 2487 coxae

897 2506 1030 2547 (μηροὶ)
1072 2504 1228 2546 adopertae
1273 2502 1365 2544 adipe
1405 2504 1556 2546 (κνίσσῃ)

897 2555 1113 2585 adolebantur.
1157 2551 1364 2582 Addebantur
1393 2553 1555 2592 particulae

897 2614 935 2634 ex
964 2603 1106 2633 omnibus
1137 2601 1283 2631 membris
1318 2598 1442 2636 decisae,
1473 2602 1557 2642 quod

897 2652 1050 2682 Homerus
1068 2655 1157 2680 vocat
1174 2649 1356 2690 ὼμοθετεῖν.
1392 2648 1468 2679 Pars
1484 2649 1554 2680 reli-

899 2710 961 2741 qua
982 2700 1013 2730 in
1035 2709 1124 2730 usum
1145 2698 1308 2740 epularum
1332 2696 1555 2736 adhibebatur;
