1779 3130
371 168 987 211 METAMORPHOSEON
1022 171 1136 212 LIB.
1172 171 1317 212 XIII.

1449 172 1531 213 321

146 279 190 326 A
218 280 462 330 Diomede
482 283 606 345 legi:
648 300 739 330 nec
765 300 844 330 me
870 301 974 331 sors
1000 286 1068 332 ire
1088 286 1324 348 jubebat:

149 356 232 402 Sic
258 364 422 405 tamen
449 366 498 405 et
523 366 689 421 spreto
716 360 980 422 noctisque
1005 361 1265 423 hostisque
1292 362 1492 424 periclo,

145 430 336 479 Ausum
357 434 548 488 eadem,
573 449 684 495 quae
706 450 811 489 nos,
836 435 1056 498 Phrygia
1076 437 1138 483 de
1159 444 1306 497 gente
1335 437 1530 484 Dolona

147 506 380 554 Interimo
399 525 408 555 :
437 525 535 555 non
562 516 674 555 aute
702 517 885 564 tamen,
904 526 1055 572 quam
1075 519 1254 558 cuncta
1274 513 1414 575 coegi
1430 515 1526 559 245

147 583 380 640 Prodere,
408 593 458 632 et
483 585 682 640 edidici,
711 587 831 648 quid
857 587 1047 649 perfida
1071 587 1218 650 TroJa
1251 596 1460 651 pararet.

146 659 327 706 Omnia
351 663 631 722 cognoiam,
651 677 760 717 nec,
784 663 918 724 quod
939 664 1235 726 specularer,
1254 664 1523 719 habebam;

145 734 212 781 Et
229 737 334 798 jam
361 739 605 800 promissa
630 745 853 800 poteram
879 754 992 784 cum
1018 739 1164 786 laude
1189 740 1384 786 reverti.

147 810 295 859 Haud
321 821 584 860 contentus
610 830 683 869 ea,
711 815 830 877 petii
857 816 1069 862 tentoria
1094 815 1267 871 Rhesi,

145 886 306 950 Inque
332 890 432 935 suis
458 890 620 953 ipsum
646 890 820 936 castris
847 892 1158 954 comitesque
1184 893 1369 955 peremi
1393 909 1402 939 :
1430 895 1527 939 250

143 963 310 1026 Atque
336 965 403 1011 ita
428 965 625 1028 captivo
650 966 803 1012 victor
827 967 1056 1028 votisque
1083 967 1288 1029 potitus,

144 1038 400 1101 Ingredior
426 1057 571 1088 curru
598 1042 736 1088 laetos
762 1041 986 1089 imitante
1008 1042 1302 1105 triumphos.

145 1115 304 1178 Cujus
330 1134 486 1180 equos
512 1118 724 1180 pretium
752 1135 839 1181 pro
865 1126 1010 1166 nocte
1031 1126 1329 1183 poposcerat
1348 1119 1522 1175 hostis,

143 1272 293 1304 Diomedis
317 1274 385 1304 laus
409 1284 531 1304 summa
549 1274 628 1305 inter
648 1276 795 1306 Graecos:

141 1321 244 1352 dietus
264 1328 312 1352 est
334 1321 461 1363 δαίμονι
476 1323 545 1360 ἶσος
560 1324 742 1363 (Homerus,
758 1324 798 1354 Il.

144 1374 179 1401 Ε.
191 1371 284 1410 438.)
298 1372 412 1413 quippe
432 1373 568 1402 Martem
582 1372 675 1402 etiam
692 1378 723 1403 et
736 1374 798 1403 Ve-

142 1430 246 1450 nerem
262 1421 423 1450 vulnerare
438 1430 543 1451 ausus.
576 1421 638 1452 Sed
653 1421 684 1451 in
699 1421 799 1452 Theo-

141 1468 239 1499 dectae
266 1469 365 1510 Ajace
391 1468 454 1499 alia
479 1469 668 1500 reddebatur
693 1480 798 1506 causa,

139 1527 193 1547 cur
208 1518 233 1547 is
250 1517 395 1558 Ulyssem
411 1518 512 1559 potius
528 1519 645 1548 socium
662 1524 800 1549 actorum

141 1575 264 1596 suorum
293 1566 479 1607 appetierit:
519 1566 567 1597 ὅτι
594 1565 610 1596 ὁ
637 1566 800 1608 Διομήδης

142 1615 308 1654 προείλετο
330 1613 496 1649 Ὀδυσσέα,
523 1615 561 1644 οὐ
588 1618 700 1656 τιμῶν,
724 1615 800 1646 ἀλλ’

138 1662 195 1694 ἵνα
222 1663 330 1701 ἥττων
360 1661 379 1704 ᾗ
412 1662 428 1693 ὁ
463 1662 662 1695 ἀκολουθῶν·
703 1664 800 1695 Arist.

141 1711 235 1741 Rhet.
247 1711 280 1741 ii.
291 1712 344 1741 23.
368 1712 417 1742 Sic
428 1718 536 1747 tamen,
547 1711 622 1742 licet
636 1718 716 1743 sorte
730 1714 798 1742 nul-

140 1761 171 1790 la
182 1760 287 1801 jussus
307 1760 349 1790 ire
363 1771 371 1797 3
394 1760 534 1790 similiter
548 1763 589 1790 sic
604 1773 714 1801 quoque
733 1760 798 1792 viii.

141 1810 248 1839 603.et
257 1809 344 1839 alibi.
356 1810 471 1839 Ausum
481 1811 591 1845 eadem,
600 1821 662 1849 quae
671 1821 733 1844 uos,
745 1820 798 1840 ex·

139 1857 259 1899 plorare
276 1862 377 1889 castra
393 1857 530 1888 hostilia.
560 1858 707 1889 Heinsius
723 1869 796 1889 con-

133 1906 205 1947 jicit
220 1908 334 1936 Ausum
355 1908 454 1936 eadem
476 1908 566 1936 nobis.
612 1907 661 1936 De
684 1907 799 1937 Dolone

141 1954 210 1986 vide
234 1954 272 1985 ad
296 1965 359 1985 ver.
381 1956 434 1985 98.
480 1955 603 1995 Persida
627 1956 726 1995 Trqja,
748 1957 798 1986 vel

139 2004 213 2045 quia
224 2003 312 2034 Paris
322 2003 522 2044 hospitiijure
533 2003 647 2037 violato
662 2005 797 2046 perfidus

139 2053 269 2092 (Horat.
292 2052 318 2083 Ι.
339 2051 401 2083 Od.
418 2063 468 2082 xv.
490 2053 517 2088 l,
536 2052 587 2092 2.)
604 2053 652 2084 vel
672 2060 798 2095 propter

137 2102 180 2137 id,
200 2101 284 2143 quod
304 2101 348 2131 xi.
370 2102 433 2131 205
452 2112 520 2142 sqq.
547 2107 704 2132 narratum
728 2109 794 2133 est;

139 2152 193 2182 sed
210 2151 337 2192 Ulysses
359 2150 409 2180 hic
427 2160 495 2180 eam
517 2151 574 2181 sibi
599 2151 723 2182 laudem
740 2152 797 2182 soli

139 2199 289 2235 vindicat,
309 2198 407 2240 cujus,
423 2199 594 2229 secundum
616 2200 796 2236 Homerum,

140 2249 275 2279 maxima
289 2258 360 2289 pars
375 2247 547 2278 debebatur
562 2248 721 2278 Diomedi.

181 2299 256 2328 248.
285 2297 430 2326 Promissa
459 2307 524 2326 cum
557 2297 645 2327 laude
674 2299 794 2333 reverti,

140 2357 212 2377 cum
228 2345 337 2386 gloria,
349 2344 396 2374 vel
409 2354 503 2384 quam
518 2344 593 2374 mihi
608 2355 645 2375 ex
661 2345 795 2376 facinore

141 2395 341 2437 promiseram
363 2394 435 2433 (sibi
452 2396 633 2431 promittere,
656 2405 708 2435 pro
727 2405 796 2436 spe-

139 2454 216 2479 rare,
236 2443 329 2473 etiam
354 2441 396 2472 xi.
419 2441 511 2479 662.)
537 2442 585 2472 vel
608 2452 702 2484 quam
721 2443 795 2473 mihi

140 2493 242 2524 Graeci
258 2492 461 2534 promiserant
475 2503 481 2521 :
508 2501 617 2533 nempe
639 2493 752 2522 Nestor
767 2493 795 2522 ei

139 2542 320 2583 promiserat
342 2539 429 2582 μέγα
452 2539 555 2578 κλέος,
582 2541 624 2571 Il.
654 2545 695 2572 K.
722 2543 797 2572 212.

142 2590 289 2621 Heinsius
308 2601 324 2620 e
350 2589 561 2630 compluribus
584 2590 701 2631 recepit
721 2601 795 2629 prcr-

140 2641 248 2675 missa,·
273 2640 355 2671 idem
383 2645 414 2670 et
437 2641 598 2677 promerita
625 2639 685 2680 legi
710 2650 797 2681 posse

140 2689 282 2730 putabat.
328 2690 481 2720 Praemissa
498 2701 564 2719 cum
584 2690 673 2719 laude
690 2690 798 2719 reuerti

190 2738 290 2768 YOL.
313 2738 371 2769 lv.

866 1281 948 1306 recte
960 1275 1086 1317 quidem
1097 1276 1210 1307 dieitur
1220 1276 1388 1318 imperator
1399 1287 1415 1306 e
1430 1276 1525 1312 bello,

865 1335 961 1365 quum
978 1325 1060 1355 fama
1077 1330 1131 1355 aut
1146 1325 1243 1355 literae
1259 1324 1357 1365 ipsius
1376 1324 1526 1355 militum-

865 1383 925 1413 que
956 1383 1055 1403 rerum
1082 1374 1121 1404 ab
1149 1384 1185 1404 eo
1214 1381 1371 1414 gestarum
1396 1373 1526 1413 gloriam

861 1422 927 1462 jam
957 1421 1159 1462 divulgarunt
1188 1422 1220 1452 in
1249 1422 1371 1463 patria;
1402 1422 1457 1452 sed
1487 1432 1526 1452 an

865 1470 946 1500 idem
962 1480 1051 1511 aeque
1067 1471 1146 1501 bene
1164 1470 1202 1501 de
1218 1471 1276 1501 hoc
1300 1470 1434 1501 facinore
1452 1481 1527 1501 noc-

867 1524 957 1549 turno
972 1518 1104 1555 dicatur,
1121 1519 1241 1550 dubito.
1278 1519 1329 1549 De
1347 1519 1442 1549 Rheso
1453 1518 1524 1550 vide

869 1568 908 1598 ad
924 1579 990 1598 ver.
1008 1569 1061 1598 98.

910 1618 985 1648 252.
1013 1617 1174 1658 Ingrediar
1189 1628 1255 1659 pro,
1274 1617 1414 1648 invehor.
1466 1618 1524 1648 Di-

867 1672 946 1697 serte
976 1666 1043 1696 haec
1069 1666 1232 1707 distinguit
1256 1666 1388 1702 Plinius,
1413 1677 1526 1708 paneg.

867 1725 939 1755 cap.
970 1716 1032 1745 22:
1072 1716 1178 1746 “Jam
1207 1715 1264 1745 hoc
1298 1715 1410 1756 ipsum,
1440 1716 1524 1756 quod

867 1762 1022 1803 ingressus
1037 1774 1080 1799 es,
1100 1774 1194 1804 quam
1210 1764 1320 1794 mirum
1338 1764 1523 1805 laetumque!

867 1811 950 1841 Nam
972 1812 1088 1853 priores
1108 1812 1212 1843 invehi
1237 1813 1377 1843 solebant
1399 1813 1525 1853 quadri-

864 1860 940 1901 jugo
959 1871 1050 1890 curru
1066 1868 1097 1891 et
1112 1860 1291 1891 albentibus
1306 1861 1427 1901 equis.’'
1472 1861 1523 1893 Sic

865 1909 958 1939 etiam
989 1909 1140 1950 Ulysses3
1178 1909 1250 1940 hinc
1282 1911 1359 1940 laetos
1387 1912 1525 1941 imitante

865 1958 1045 1996 triumphos:
1088 1958 1143 1988 sed
1171 1958 1305 1989 Ovidius
1334 1958 1449 1988 oblitus
1477 1959 1524 1990 sui

864 2006 1008 2047 Ulyssem
1025 2006 1100 2036 facit
1116 2007 1307 2037 Romanum.
1357 2007 1406 2037 De
1422 2008 1522 2039 reditu

866 2054 986 2096 Ulyssis
999 2066 1070 2086 cum
1084 2066 1173 2086 curru
1184 2056 1255 2086 vide
1265 2056 1305 2086 Il.
1318 2059 1361 2086 K.
1378 2057 1439 2086 497
1451 2068 1521 2098 sqq.

907 2105 981 2135 253.
1006 2105 1118 2141 Hostis,
1147 2105 1264 2141 Dolon,
1290 2116 1386 2146 quum
1412 2116 1523 2147 specu-

864 2152 943 2184 lator
958 2153 1143 2189 mitteretur,
1156 2165 1210 2193 pro
1228 2160 1321 2190 nocte,
1340 2165 1393 2195 pro
1415 2155 1522 2195 explo-

864 2201 981 2232 ratione
1011 2202 1066 2231 illa
1095 2208 1247 2232 nocturna
1274 2214 1358 2242 equos
1386 2203 1522 2233 Achillis

864 2250 996 2291 pretium
1012 2250 1161 2292 poposcit.
1188 2251 1317 2282 Homer.
1337 2251 1375 2281 Il.
1392 2256 1433 2282 K.
1449 2253 1523 2283 392.

865 2299 952 2339 Virg.
967 2300 1043 2330 AEn.
1065 2298 1121 2329 xii.
1143 2300 1206 2329 346
1226 2311 1304 2340 sqq3
1329 2300 1410 2330 conf.
1425 2301 1520 2331 etiam

863 2348 988 2384 Noster,
1015 2348 1064 2378 lb.
1088 2349 1174 2386 629;
1197 2349 1291 2379 Trist.
1316 2350 1378 2380 III.
1403 2349 1444 2380 iv.
1467 2351 1519 2380 34.

864 2398 958 2426 Arma
981 2403 1087 2438 negate
1112 2399 1184 2427 mihi
1209 2397 1293 2438 justo
1319 2398 1521 2438 impetuosius

863 2445 982 2475 dictum
999 2450 1056 2480 est,
1077 2451 1108 2476 et
1124 2445 1235 2476 melius
1250 2446 1427 2476 conveniret
1441 2446 1520 2476 irato

862 2494 966 2535 Ajaci,
1003 2505 1095 2534 quam
1120 2494 1292 2524 blandienti
1329 2495 1521 2526 auditoribus

864 2542 989 2583 Ulyssi3
1014 2553 1115 2582 neque
1128 2542 1177 2572 hie
1192 2542 1287 2572 habet
1303 2550 1518 2583 argumentum

861 2592 999 2632 justum:
1034 2592 1117 2622 Date
1147 2591 1221 2621 mihi
1250 2602 1335 2622 arma
1363 2591 1521 2629 Achillis;

865 2641 944 2670 cui-⁷.
969 2639 1043 2681 quia
1057 2651 1127 2670 eum
1144 2640 1224 2681 cepi,
1235 2639 1286 2681 qui
1301 2651 1396 2681 equos
1408 2641 1517 2671 Achil-

865 2689 903 2719 lis
930 2696 1124 2730 poposcerat.
1176 2690 1214 2719 ln
1243 2690 1342 2721 verbis
1360 2690 1520 2730 suet-itque

994 2738 1047 2768 'st
