1779 3130
369 157 989 199 METAMORPHOSEON
1026 158 1143 199 LIB.
1175 157 1283 200 XV.

1430 160 1512 200 431

136 272 339 319 Scilicet
364 272 412 318 in
436 273 586 319 tantis
611 272 806 334 opibus,
834 288 958 334 quas
984 273 1170 335 optima
1193 281 1406 320 matrum

132 347 285 394 Terra
308 348 453 411 parit,
479 348 546 394 nil
571 355 620 395 te
646 347 739 394 nisi
763 347 923 395 tristia
947 349 1181 396 mandere
1206 365 1338 396 saevo

131 422 351 471 Vulnera
373 424 524 471 dente
542 425 700 485 juvat,
727 423 954 486 ritusque
981 424 1159 472 referre
1187 425 1503 489 Cyclopum?

136 498 181 545 N
187 516 259 554 ec,
287 500 380 546 nisi
406 500 680 562 perdideris
706 501 871 555 alium,
900 501 1098 563 placare
1123 500 1329 556 voracis,

133 574 199 622 Et
223 577 350 623 male
377 577 551 623 morati
581 578 762 639 poteris
783 577 974 639 jejunia
998 577 1215 623 ventris?
1459 579 1521 623 95

133 651 200 698 At
223 659 365 699 vetus
389 653 472 699 illa
497 661 634 707 aetas,
661 653 741 699 cui
766 653 973 699 fecimus
999 653 1166 699 Aurea
1191 669 1386 710 nomen,

134 727 356 774 Foetibus
384 729 618 784 arboreis,
648 736 713 783 et,
743 745 866 791 quas
892 729 1070 775 humus
1097 729 1293 785 educat,
1321 730 1486 777 herbis

133 804 403 853 Fortunata
426 805 532 860 fuit,
561 822 651 852 nec
678 806 854 868 polluit
879 821 964 851 ora
988 821 1178 852 cruore.

131 880 270 927 Tunc
297 889 348 928 et
372 898 484 928 aves
511 889 642 928 tutas
668 898 863 929 movere
888 898 977 944 per
1001 897 1114 928 aera
1138 898 1345 944 pennas,

132 955 198 1003 Et
221 957 363 1020 lepus
389 957 666 1020 impavidus
693 957 868 1004 mediis
895 957 1072 1004 erravit
1098 957 1146 1003 in
1173 958 1332 1019 agris3

1431 961 1521 1004 100

131 1032 240 1079 Nec
267 1049 356 1079 sua
381 1033 648 1080 credulitas
671 1033 859 1096 piscem
887 1034 1216 1096 suspenderat
1240 1035 1415 1081 hamo:

134 1109 331 1155 Cuncta
356 1110 461 1156 sine
487 1109 694 1164 insidiis,
716 1110 1004 1171 nullamque
1029 1110 1255 1156 timentia
1279 1110 1518 1165 fraudem,

133 1185 392 1248 Plenaque
414 1186 551 1249 pacis
578 1193 744 1233 erant:
776 1193 1044 1249 postquam
1070 1202 1168 1232 non
1194 1186 1328 1232 utilis
1350 1193 1522 1234 auctor

132 1261 361 1308 Victibus
386 1262 560 1309 invidit
584 1263 835 1325 (quisquis
861 1263 954 1309 fuit
978 1261 1084 1322 ille)
1110 1263 1339 1319 virorum,

133 1337 512 1400 Corporeasque
537 1338 691 1401 dapes
717 1338 911 1385 avidam
936 1339 1175 1385 demersit
1198 1338 1248 1385 in
1273 1339 1466 1396 alvum;

172 1466 225 1495 96.
250 1467 289 1495 At
314 1472 395 1495 vetus
419 1466 473 1495 illa
495 1472 575 1501 ortas,
590 1465 666 1505 etc.]
692 1465 788 1496 Aurei

130 1514 236 1544 saeculi
267 1513 446 1544 innocentia
474 1513 650 1544 abstinebat
675 1514 713 1544 ab
742 1513 790 1544 his

131 1561 277 1593 victibus.
331 1564 431 1592 Aurea
461 1574 575 1598 numen,
608 1569 643 1593 ut
669 1562 689 1592 i.
720 1564 789 1593 168.

132 1612 242 1642 Luc-teu
257 1623 357 1642 nomeu
371 1613 476 1647 huben,-
493 1611 564 1641 vide
576 1612 790 1642 Burmannum

130 1661 169 1691 ad
187 1663 270 1692 Fast.
287 1673 315 1692 v.
331 1663 404 1692 595.
450 1662 501 1691 De
513 1662 641 1702 fastibus
664 1664 792 1691 arboreis

131 1710 170 1740 ad
187 1711 206 1740 i.
226 1712 295 1740 104.
341 1711 382 1740 Il.
398 1710 421 1740 l.
439 1710 533 1741 foetus
549 1710 593 1740 illi
611 1710 720 1740 merito
741 1722 791 1740 ar-

131 1761 209 1790 bor-ez·
223 1766 373 1790 vocantur
392 1770 451 1789 non
469 1761 598 1795 arbutei,
615 1760 689 1800 quia
708 1770 791 1790 com—

129 1808 314 1839 mendantur
326 1819 344 1838 a
356 1807 522 1838 suavitate.
540 1808 709 1838 Fui-tunam
722 1819 788 1848 gra-

130 1857 208 1892 vius,
230 1868 324 1897 quam
348 1862 505 1887 contenta.
555 1857 639 1887 Tunc
661 1864 688 1887 et
714 1869 790 1893 ures,

130 1912 189 1936 etc.
206 1916 222 1936 e
239 1906 327 1946 Virg.
343 1906 457 1945 Georg.
473 1905 495 1934 i.
515 1906 572 1935 139
586 1916 657 1946 sqq.
687 1905 790 1942 Tutus,

130 1953 213 1994 quod
235 1953 357 1994 plurimi
378 1953 504 1988 habent,
521 1959 555 1983 ut
573 1953 670 1993 magis
692 1955 789 1994 poeti-

129 2013 200 2032 cum
217 2003 408 2043 praetulimus
424 2003 471 2042 τῷ
488 2008 569 2032 tutoe.
601 2003 743 2032 Praetulit
760 2009 790 2033 et

129 2051 359 2082 Mitscherlich.
390 2050 540 2081 Heinsius
556 2056 658 2081 autem
675 2051 790 2081 rectius

125 2099 290 2140 judicabat
319 2106 401 2134 tutor,
431 2099 513 2141 quod
550 2100 666 2130 habent
699 2101 789 2130 ambo

129 2149 224 2179 nostri
257 2149 346 2189 Regii
377 2149 519 2186 codices3
549 2149 630 2179 idem
660 2149 789 2180 dederat

129 2198 340 2228 Burmannus.
390 2198 472 2227 Tuta>
495 2204 592 2232 erant,
611 2197 641 2227 id
666 2204 724 2233 est,
740 2209 788 2228 se-

129 2257 209 2277 curae
227 2246 419 2282 volaverunt,
437 2246 510 2287 quia
532 2245 593 2276 illis
615 2247 692 2276 retia
713 2254 788 2278 tunc

128 2305 189 2325 non
219 2295 440 2325 tendebantur.
488 2295 564 2324 Mox
589 2295 730 2335 quidam,
756 2302 789 2326 ut

128 2344 315 2375 Oxoniensis
330 2344 448 2374 habent
464 2346 642 2382 intrepidus.

173 2395 247 2424 103.
279 2394 439 2432 Postquam
469 2405 526 2423 uon
557 2395 643 2423 utilis
671 2399 788 2428 auctor,

127 2443 208 2483 etc.]
237 2442 457 2483 Indignissima
481 2442 671 2472 consuetudo
693 2441 789 2472 serius

127 2491 259 2533 irrepsit,
274 2501 334 2521 non
343 2497 463 2521 constat
474 2502 535 2531 quo
549 2496 688 2521 auctore.
720 2490 786 2519 Nam

128 2541 212 2569 utilis
235 2550 288 2580 per
311 2540 479 2577 λιτότητα,
501 2538 787 2580 perniciosissimus.

134 2589 264 2619 Victibus
288 2590 408 2624 inridit,
435 2588 466 2618 in
496 2594 708 2628 contemptum
736 2598 787 2617 eos

129 2637 259 2678 redegit,
277 2638 349 2678 quia
366 2637 419 2678 qui
435 2637 575 2668 inrident
591 2637 670 2672 aliis,
687 2637 788 2666 detra-

130 2687 203 2716 here
220 2687 257 2716 dc
275 2687 310 2716 iis
331 2687 439 2716 solent.
489 2687 567 2716 'Vide
591 2696 643 2715 uos
663 2686 700 2715 ad
723 2685 787 2715 P'i-

855 1465 952 1500 nium,
984 1465 1031 1496 11.
1062 1466 1123 1506 Ep.
1150 1476 1179 1495 x.
1205 1467 1236 1496 2.
1281 1465 1343 1496 Sed
1372 1465 1417 1496 ita
1444 1465 1517 1496 addi

855 1514 1003 1550 debebat,
1039 1514 1151 1555 quibus
1188 1514 1323 1545 victibus
1360 1514 1519 1545 inviderit.

856 1565 995 1604 Apparet
1024 1563 1118 1603 igitur
1144 1562 1342 1604 parenthesin
1370 1562 1519 1594 clauden-

856 1612 928 1642 dam
958 1623 1024 1643 esse
1054 1620 1122 1653 post
1150 1613 1217 1641 ille.-
1245 1612 1330 1652 quod
1359 1622 1414 1642 nos
1443 1611 1520 1642 adeo

859 1661 997 1695 fecimus,
1027 1671 1123 1701 quum
1155 1661 1259 1690 caeteri
1288 1666 1356 1701 post
1386 1661 1520 1690 virorum

859 1710 1020 1740 claudant.
1068 1709 1199 1739 Lenzius
1228 1708 1445 1749 subintelligit,
1473 1711 1521 1739 in-

862 1761 935 1790 vidit
965 1770 1055 1789 suum
1084 1759 1241 1789 honorem.
1294 1758 1432 1788 Virorum
1463 1764 1521 1793 est,

859 1809 1030 1843 hominurn,
1046 1814 1081 1837 ut
1104 1818 1198 1848 saepe.
1242 1806 1390 1837 Heinsius
1414 1812 1519 1836 tamen

857 1857 978 1892 suadet,
1005 1859 1149 1895 priorum,
1178 1856 1210 1886 id
1239 1861 1285 1886 est
1322 1855 1520 1896 antiquorum

859 1905 1030 1940 hominum,
1059 1911 1092 1935 ut
1120 1904 1202 1934 infra
1225 1914 1290 1934 ver.
1314 1905 1387 1934 333.
1411 1903 1454 1934 iii.
1482 1914 1520 1934 ex

859 1954 952 1984 Pont.
969 1956 1001 1984 2.
1020 1959 1051 1984 et
1066 1953 1158 1984 alibi:
1185 1954 1383 1983 Burmannus
1398 1952 1519 1988 mallet,

847 2004 1002 2044 ferorum,
1018 2003 1076 2033 hoc
1092 2013 1200 2032 sensu:
1218 2008 1383 2042 postquam
1401 2001 1518 2042 primus

858 2052 910 2082 ille
946 2050 1104 2092 (quisquis
1139 2050 1215 2087 fuit)
1252 2049 1381 2080 edendae
1417 2049 1519 2079 carnis

858 2107 975 2135 auctor,
1005 2099 1117 2129 invidit
1149 2099 1289 2139 luporum
1328 2105 1358 2128 et
1391 2099 1516 2128 leonum

858 2149 1002 2183 victibus,
1026 2147 1100 2188 quia
1126 2147 1171 2177 illi
1192 2157 1284 2178 carne
1309 2152 1518 2182 vescerentur,

856 2197 1034 2227 stimulatus
1061 2195 1189 2230 invidia,
1214 2195 1311 2236 primo
1339 2194 1370 2224 in
1400 2194 1518 2224 caedem

858 2244 989 2275 serarum
1002 2243 1068 2279 ivit,
1079 2244 1191 2274 deinde
1206 2243 1244 2273 ad
1256 2244 1322 2284 ejus
1338 2242 1517 2283 exemplum

857 2294 998 2323 saevitum
1039 2298 1145 2322 contra
1184 2293 1318 2322 innocua
1356 2291 1516 2322 animalia.

857 2343 929 2383 Ipse
961 2347 1063 2371 tamen
1095 2341 1170 2371 nihil
1202 2347 1314 2377 movet,
1343 2339 1418 2381 quia
1446 2350 1517 2370 mox

845 2391 992 2430 firm-um
1021 2390 1171 2430 sequitur,
1198 2389 1373 2429 fateturque
1402 2398 1435 2418 se
1465 2398 1518 2418 ac-

857 2445 1020 2480 cepturum
1052 2438 1145 2469 fuisse
1174 2440 1320 2477 priorum,
1348 2436 1372 2467 si
1402 2436 1519 2467 codicis

857 2488 989 2528 alicujus
1001 2488 1183 2518 auctoritate
1194 2487 1225 2516 id
1239 2488 1268 2516 fii
1277 2492 1419 2516 maretur.
1444 2486 1517 2515 Cor-

853 2548 957 2575 poreos
972 2539 1072 2575 dapes.
1119 2536 1237 2565 Omnes
1255 2535 1351 2575 dapes
1366 2540 1437 2564 sunt
1452 2544 1518 2564 cor·

856 2596 967 2625 porcae,
985 2585 1036 2614 scd
1054 2595 1106 2625 per
1121 2594 1272 2622 corporeus
1287 2583 1336 2613 hic
1354 2583 1517 2623 σαρκικὰς,

856 2644 984 2663 carneas
1018 2632 1176 2672 intelligit.
1224 2632 1382 2665 Demersit,
1408 2637 1443 2660 ut
1471 2631 1514 2660 vi.

858 2683 929 2711 (544.
