1779 3130
373 176 990 218 METAMORPHOSEON
1023 177 1142 218 LIB.
1175 178 1267 219 XI.

1428 179 1513 220 197

137 289 208 335 Os
235 290 374 352 petit,
401 297 451 336 et
476 306 671 353 sparsos
697 291 900 337 stillanti
925 306 1032 338 rore
1057 292 1278 354 capillos,

132 364 355 412 Tandem
369 365 588 412 Phoebus
600 367 756 422 adest,
769 383 1061 429 morsusque
1071 367 1247 415 inferre
1257 377 1512 432 parantem

134 440 303 496 Arcet,
331 448 381 487 et
406 441 454 487 in
475 442 692 504 lapidem
717 443 868 488 rictus
895 443 1139 505 serpentis
1165 452 1362 507 apertos

136 517 408 578 Congelat3
450 525 502 564 et
526 519 737 580 patulosi,
765 525 819 564 ut
844 526 997 575 erant,
1025 518 1221 566 indurat
1244 521 1422 568 hiatus.
1450 524 1515 569 60

136 593 325 640 Umbra
349 593 485 640 subit
511 601 694 651 terras;
736 601 802 650 et,
830 611 941 656 quae
967 596 1077 642 loca
1099 596 1289 642 viderat
1313 604 1444 653 ante,

136 669 333 716 Cuncta
357 671 691 731 recognoscit3
732 686 1060 732 quaerensque
1082 686 1171 733 per
1191 687 1305 718 arva
1322 672 1514 735 piorum

132 744 328 792 Invenit
354 745 653 809 Eurydicen,
681 746 978 809 cupidisque
1004 747 1316 809 amplectitur
1340 748 1487 794 ulnis.

132 820 229 867 Hic
255 821 401 867 modo
426 821 704 884 conjunctis
730 822 1006 884 spatiantur
1030 823 1260 884 passibus
1287 825 1461 870 ambo:

136 897 281 943 Nunc
302 898 664 960 praecedentem
691 898 932 959 sequitur,
954 914 1082 944 nunc
1102 899 1310 961 praevius
1331 900 1511 956 anteit;

135 973 522 1036 Eurydicenque
548 990 687 1021 suam
701 975 804 1036 jam
826 981 931 1021 tuto
957 975 1159 1038 respicit
1179 975 1426 1039 Orpheus.
1451 980 1513 1024 66

135 1190 167 1219 in
190 1189 292 1220 Vossii
320 1190 389 1220 MS.
410 1190 563 1229 Eitemplo
590 1202 686 1221 morsu
715 1193 792 1221 cedit

135 1238 375 1279 laniarese1·ino.
421 1237 568 1269 Heinsius
583 1239 709 1281 conjicit
719 1243 794 1280 cepit

134 1287 263 1317 laniare.
310 1286 514 1328 Caposerreus
529 1295 646 1323 censet,
663 1299 700 1319 ex
718 1289 794 1319 duo-

133 1336 191 1366 bus
201 1336 339 1366 versibus
351 1336 577 1367 conficiendum
590 1337 672 1368 hunc
685 1349 792 1369 unum:

133 1396 162 1414 os
171 1388 256 1423 petit,
266 1392 294 1415 et
309 1396 404 1415 sacros
416 1386 513 1415 inhiat
525 1387 666 1416 divellere
682 1388 794 1423 vultus,

135 1444 230 1475 quum
252 1434 292 1464 de
316 1434 440 1475 capillis
458 1435 587 1465 otiosam
607 1435 794 1466 mentionem

134 1493 201 1513 esse
216 1483 394 1513 contendat.
438 1484 533 1513 Multi
548 1483 680 1524 antiqui,
698 1496 795 1523 sparso

136 1533 295 1562 stillantes.
342 1532 434 1572 Regii
451 1533 543 1562 nostri
563 1532 618 1562 hos
635 1544 740 1563 versus
755 1535 796 1564 56

135 1585 166 1611 et
180 1582 232 1611 57.
244 1581 289 1611 ita
303 1581 430 1621 legunt3
447 1581 553 1611 Codex
565 1582 613 1611 A:
642 1582 797 1623 Hit-ferus

136 1630 262 1668 eiposito
270 1631 437 1669 peregrinis
449 1631 556 1670 anguis
567 1630 684 1660 harenis
701 1631 796 1662 Obsti-

140 1680 177 1707 tit
202 1680 240 1708 ad
267 1689 378 1717 sparsos
401 1680 533 1708 stillanti
563 1690 629 1708 rore
653 1681 796 1719 capillos,·

139 1726 247 1757 Codex
265 1727 291 1756 B
305 1739 310 1756 :
337 1727 398 1756 Hic
411 1728 503 1768 serus
518 1729 650 1766 eipositis
663 1730 798 1769 peregri-

139 1778 184 1805 nis
207 1778 316 1816 anguis
338 1777 457 1806 harenis
483 1778 618 1811 Obstitit,
642 1783 669 1806 et
692 1779 800 1816 sparsis

138 1826 271 1854 stillanti
287 1836 353 1854 rore
373 1826 503 1864 capillis.
548 1826 595 1855 Ex
611 1825 659 1855 his
677 1825 798 1857 duobus

136 1873 324 1903 lectionibus
336 1874 462 1914 vulgata
477 1873 599 1904 videtur
615 1874 707 1904 fuisse
723 1885 797 1905 con-

138 1921 278 1952 cinnata.
324 1921 444 1952 Neuter
465 1922 560 1952 codex
583 1922 679 1953 habet
695 1934 798 1954 versus

138 1981 216 2012 quos
239 1971 330 2001 refert
348 1971 465 2012 Gierig.
516 1971 697 2009 Eipasitum,
714 1973 795 2013 ejec-

138 2026 214 2050 tum.
261 2020 332 2055 Ros,
348 2030 431 2060 aqua
451 2019 525 2049 roris
541 2019 636 2050 instar
651 2021 796 2061 guttatim

139 2067 313 2104 destillans,
328 2075 362 2098 ut
379 2068 434 2098 lib.
453 2080 480 2098 v.
495 2078 556 2098 ver.
573 2069 646 2098 635.

183 2118 236 2147 59.
264 2116 301 2146 In
326 2116 483 2156 lapidem]
511 2116 631 2157 Regius
654 2117 796 2147 nosterB

141 2165 222 2196 male
236 2168 265 2195 in
281 2167 401 2204 lapides.
450 2166 605 2205 Congelat,
618 2165 649 2195 in
660 2165 798 2206 lapidem

140 2219 254 2249 mutat,
281 2213 355 2254 quia
377 2220 408 2243 et
429 2215 501 2254 gelu
527 2213 660 2253 rigidum
684 2213 798 2243 reddit.

143 2262 253 2292 Gelai-e
279 2261 323 2292 sic
351 2262 433 2302 apud
461 2262 634 2297 Lucanum,
657 2262 702 2291 ix.
726 2263 799 2293 681.

140 2312 298 2350 vultusque
308 2311 453 2351 gestissent
469 2311 583 2340 Perseos
594 2312 699 2340 aversi.
721 2311 798 2341 Ron

142 2361 268 2389 indurat
282 2359 376 2394 idem,
392 2364 426 2388 ut
442 2359 535 2389 etiam
551 2358 603 2389 vii.
619 2359 694 2389 446.
711 2365 742 2389 et
755 2359 798 2389 iv.

142 2407 216 2438 744.
233 2409 428 2442 indurescere,
442 2406 579 2448 lapidem
594 2406 669 2437 fieri.
713 2406 799 2437 Alibi

141 2457 274 2496 dirigere
298 2461 329 2486 et
354 2462 468 2495 torpere
494 2455 533 2485 de
559 2465 654 2485 saxea
680 2462 800 2487 natura.

145 2504 335 2535 Plutarchus
350 2505 388 2535 de
404 2504 538 2535 Flumin.
554 2504 709 2546 (Ἕβρος)
726 2515 799 2536 auc-

142 2557 187 2582 tor
201 2561 247 2583 est
263 2553 379 2594 Orphei
395 2558 490 2594 caput
504 2553 536 2583 in
551 2553 717 2583 draconem
733 2565 799 2584 mu-

143 2606 252 2632 tatum.
299 2602 434 2638 Fatales,
451 2602 513 2632 late
537 2607 691 2644 patentes,
708 2603 798 2633 latos.

145 2650 247 2679 Etiam
276 2650 379 2686 Silius,
405 2650 449 2681 iii.
479 2651 530 2680 34.
554 2651 678 2689 patulus
703 2651 801 2680 hiatus

147 2699 247 2728 leonis.

904 1193 956 1222 61.
997 1191 1108 1222 Umbra
1135 1194 1211 1223 subit
1238 1194 1360 1234 terras.]
1398 1194 1517 1235 Imago,

861 1241 971 1271 animae
994 1246 1024 1271 et
1053 1241 1186 1282 corporis
1209 1242 1428 1273 simulacrum:
1460 1244 1518 1275 hoc

862 1295 965 1320 autem
1004 1300 1042 1320 ex
1078 1290 1224 1331 opinione
1255 1301 1370 1328 eorum,
1406 1292 1518 1333 quibus

862 1337 953 1368 homo
969 1344 1087 1369 constat
1104 1339 1218 1375 anima,
1235 1349 1371 1381 corpore,
1387 1342 1515 1379 umbra;

863 1386 998 1417 animam
1010 1387 1102 1422 coelo,
1119 1387 1218 1423 astris,
1229 1388 1311 1426 aeri;
1335 1399 1445 1430 corpus
1459 1395 1520 1420 ter-

862 1445 920 1472 rae;
936 1436 1075 1465 umbram
1089 1435 1193 1466 inferis
1203 1435 1408 1467 tradivolunt.
1424 1438 1520 1474 Dido,

862 1485 936 1513 AEn.
953 1484 994 1514 iv.
1010 1485 1083 1514 654.
1100 1485 1140 1514 Et
1159 1496 1240 1514 τιιιηο
1261 1497 1369 1526 magna
1391 1488 1446 1516 mei
1465 1488 1519 1516 sub

863 1539 957 1562 terras
973 1534 1026 1562 ibit
1042 1534 1146 1573 imago.
1195 1533 1313 1563 Cuncta
1326 1537 1518 1575 recognoscit.

862 1581 993 1616 Seneca,
1020 1581 1111 1611 Med.
1142 1581 1215 1611 63⁸2.
1245 1583 1380 1623 Contigit
1418 1589 1519 1613 notam

863 1630 967 1670 Styga.
1013 1630 1095 1659 Arva
1123 1631 1252 1668 piorum,
1282 1630 1384 1672 campi
1409 1632 1519 1672 Elysii,

863 1688 939 1718 quos
963 1677 1142 1713 AEschineS,
1164 1679 1283 1708 Socrat.
1305 1679 1380 1710 dial.
1401 1680 1446 1710 iii.
1468 1682 1520 1712 20.

864 1726 1005 1766 εὐσεβῶν
1018 1729 1138 1768 χῶρον,
1151 1727 1260 1757 Horat.
1271 1727 1370 1769 Epod.
1386 1730 1449 1759 xvi.
1468 1731 1520 1760 41.

863 1786 937 1804 arva
952 1777 1035 1805 beata
1051 1780 1081 1805 et
1095 1774 1129 1805 ii.
1143 1775 1207 1805 Od.
1228 1777 1275 1805 12.
1291 1779 1368 1806 sedes
1380 1779 1518 1816 piormn5

864 1823 974 1853 Cicero
993 1823 1076 1853 Phil.
1092 1822 1155 1854 xiv.
1174 1824 1222 1853 12.
1235 1826 1353 1863 piorum
1375 1827 1467 1856 sedem
1491 1834 1520 1857 et

866 1872 960 1902 locam
976 1878 1077 1902 vocat.
1122 1872 1172 1901 Ibi
1194 1872 1308 1913 reperit
1322 1873 1519 1914 Eurydicen3

865 1920 936 1950 Illic
962 1921 1044 1951 enim
1067 1927 1118 1956 est,
1143 1923 1311 1961 cuicunque
1331 1933 1423 1961 νίψαι
1445 1936 1521 1956 mors

863 1972 944 2000 venit
967 1972 1093 2005 amanti,
1116 1970 1159 2000 ait
1181 1970 1334 2007 Tibullus,
1356 1972 1383 2002 Ι.
1403 1973 1446 2003 iii.
1468 1976 1520 2006 65.

864 2018 913 2048 Ibi
942 2019 1037 2049 etiam
1063 2019 1217 2048 Threicius
1242 2020 1330 2061 longa
1356 2032 1422 2051 cum
1444 2030 1521 2054 veste

864 2070 997 2098 sacerdos
1010 2068 1187 2107 Obloquitar
1200 2071 1329 2099 numeris
1341 2077 1447 2109 septem
1462 2074 1521 2102 ‹tis-

864 2119 991 2147 crimina
1022 2128 1145 2153 vacum3
1170 2116 1258 2157 Virg.
1282 2119 1358 2149 AEn.
1380 2119 1421 2149 vi.
1445 2121 1518 2151 645.

865 2166 1067 2204 simplet-titur
1095 2166 1186 2195 ulnis.
1229 2165 1423 2198 Twisdenius
1459 2181 1520 2199 am-

864 2214 1009 2252 plectitur
1039 2214 1108 2248 alis,
1137 2218 1172 2243 ut
1201 2214 1265 2243 alas
1297 2225 1351 2254 pro
1387 2216 1522 2248 brachiis

866 2261 1012 2303 posuerit.
1056 2261 1149 2301 Regii
1177 2261 1271 2291 nostri
1298 2262 1377 2293 bene
1405 2263 1521 2296 habent

866 2312 957 2341 ulnis.

910 2360 961 2390 64.
983 2359 1157 2398 Cory'anctis
1170 2361 1310 2397 passibus,
1323 2360 1412 2401 juxta
1427 2372 1471 2399 se,
1487 2369 1521 2395 ut

866 2408 944 2438 alter
959 2408 1086 2438 alterius
1099 2408 1182 2437 latus
1197 2413 1291 2448 tegat.
1328 2408 1378 2440 Sic
1394 2410 1434 2440 iv.
1447 2413 1522 2444 599.

867 2456 904 2486 de
925 2456 1046 2487 Cadmo
1069 2461 1100 2485 et
1120 2455 1292 2485 Harmonia
1312 2456 1343 2487 in
1363 2466 1522 2499 serpentes

865 2504 1003 2539 mutatis,
1020 2506 1188 2544 junctaque
1216 2505 1362 2535 volamine
1388 2516 1522 2547 serpunt.

867 2553 1013 2583 Proxima
1030 2564 1109 2582 nunc
1123 2555 1344 2592 praecedentem,
1357 2560 1419 2585 etc.
1432 2556 1519 2588 addi-

867 2602 922 2637 dit,
939 2607 972 2632 ut
995 2602 1096 2631 lusum
1121 2601 1208 2631 illum
1223 2605 1292 2642 jam
1314 2610 1379 2634 tuto
1403 2608 1520 2645 respicit

867 2650 1013 2681 adhibere
1028 2655 1142 2691 posset.
