1779 3130
420 152 1044 195 METAMORPHOSEON
1077 152 1197 195 LIB.
1226 153 1292 194 X.

1451 153 1535 196 187

145 267 250 315 Hos
266 275 336 324 tu,
357 283 469 315 care
487 267 624 323 mihi,
643 283 858 330 cumque
873 267 949 315 his
965 284 1122 330 genus
1137 283 1284 316 omne
1298 266 1527 324 ferarum,

143 343 266 398 Quae
286 361 383 392 non
407 352 548 405 terga
569 343 718 406 fugae,
740 343 828 391 sed
854 360 1034 407 pugnae
1059 351 1263 407 pectora
1286 344 1527 407 praebent‚

142 418 348 482 Effuge;
388 436 450 467 ne
474 420 628 466 virtus
653 426 741 466 tua
765 419 830 465 sit
854 420 1095 467 damnosa
1118 420 1330 467 duobus,

208 497 301 544 Illa
324 497 528 560 quidem
553 497 758 552 monuit,
774 498 1066 560 junctisque
1085 512 1174 560 per
1200 513 1313 544 aera
1333 495 1527 560 cygnis,

142 573 318 637 Carpit
341 574 459 630 iter;
500 574 587 621 sed
615 580 714 621 stat
738 574 936 621 monitis
962 574 1209 621 contraria
1231 575 1403 622 virtus.

142 649 288 698 Forte
314 667 454 698 suem
478 651 697 707 latebris,
724 651 933 713 vestigia
957 658 1093 698 certa
1116 651 1290 706 secuti,

1434 653 1532 697 710

140 724 383 775 Excivere
408 743 573 783 canes,
600 727 837 790 silvisque
862 728 997 775 exire
1022 734 1282 790 parantem

140 801 341 851 Fixerat
364 805 567 867 obliquo
586 803 784 867 juvenis
811 803 1077 866 Cinyreius
1103 803 1221 850 ictu.

138 879 373 928 Protinus
400 881 623 928 excussit
646 881 811 945 pando
835 881 1080 928 venabula
1104 886 1279 934 rostro,

1407 879 1530 939 [tem

142 956 395 1019 Sanguine
413 958 571 1005 tincta
595 973 712 1014 su03
753 957 1124 1020 trepidumque,
1146 963 1197 1003 et
1220 962 1330 1003 tuta
1354 961 1527 1018 peten-

139 1032 276 1079 Trux
293 1049 411 1096 aper
429 1033 710 1096 insequitur
727 1052 736 1090 ;
766 1040 1002 1096 totosque
1025 1033 1116 1079 sub
1135 1032 1336 1094 inguine
1352 1031 1528 1078 dentes

138 1108 361 1165 Abdidit,
389 1117 440 1157 et
463 1109 597 1157 fulva
621 1110 971 1156 moribundum
997 1109 1169 1155 stravit
1193 1123 1357 1155 arena.

1431 1109 1527 1154 716

138 1184 297 1233 Vecta
320 1186 414 1234 levi
439 1202 585 1233 curru
610 1186 799 1233 medias
828 1186 1082 1249 Cytherea
1105 1201 1194 1249 per
1218 1200 1362 1231 auras

133 1377 306 1410 parentum.
330 1372 445 1402 Noster
460 1373 544 1403 Fast.
556 1372 599 1403 iv.
617 1373 690 1403 215.
708 1372 800 1411 ΟιΡρὶ,

135 1431 192 1451 cur
209 1421 290 1457 huic,
312 1432 408 1462 genus
431 1432 509 1457 acre,
535 1423 638 1457 leones,
664 1422 799 1452 Praebeat

135 1470 269 1500 insolitas
284 1472 413 1511 adjuga
430 1472 647 1509 curvajulms?
694 1470 798 1500 Desie-

134 1529 213 1549 ram.
261 1518 491 1560 Ccrpit,feritas
514 1520 627 1549 mollita
643 1530 698 1558 per
713 1520 797 1549 illam

137 1568 296 1599 Creditur.
335 1568 373 1599 Id
389 1580 483 1599 curru
501 1569 659 1609 testificata
674 1579 725 1598 suo
741 1575 794 1599 est.

135 1616 226 1647 Conf.
254 1622 286 1648 et
313 1618 438 1647 Servius
468 1616 508 1646 ad
539 1617 616 1646 AEn.
643 1616 690 1646 iii.
723 1617 794 1647 113.

134 1664 292 1696 Caeterum
314 1675 352 1695 ex
376 1665 532 1695 sententia
559 1664 736 1706 Palaephati
762 1674 795 1696 et

134 1713 299 1750 Heracliti,
324 1714 537 1756 Hippomenes
569 1719 602 1744 et
628 1714 793 1751 Atalanta,

134 1772 231 1803 quum
247 1763 326 1793 inter
337 1762 514 1792 venandum
524 1772 556 1792 se
568 1762 600 1791 in
612 1763 794 1803 speluncam

133 1811 350 1847 contulissent,
365 1810 504 1841 devorati
525 1816 597 1841 sunt
618 1821 636 1841 a
656 1811 745 1841 leone
763 1816 795 1841 et

132 1858 254 1898 leaena3
278 1871 355 1901 quas
371 1860 451 1890 feras
463 1870 560 1900 quum
576 1859 705 1890 comites
720 1869 792 1901 pos-

133 1914 185 1939 tea
195 1915 371 1940 exeuntese
384 1907 534 1950 spelunca
549 1907 709 1944 vidissent,
724 1907 796 1938 illos

133 1962 269 1988 mutatos
283 1957 314 1987 in
329 1957 435 1988 leones
449 1955 659 1987 crediderunt.

177 2006 251 2036 708.
274 2005 408 2040 Junctis,
420 2005 550 2040 scilicet,
565 2003 667 2035 currui
681 2015 689 2042 3
705 2009 796 2035 vecta

133 2064 237 2090 curru,
249 2054 300 2084 cui
312 2054 414 2096 juncti
429 2053 533 2095 cygni.
556 2052 716 2088 Horatius,
728 2053 794 2083 ΙΙΙ.

135 2103 198 2133 Od.
213 2103 321 2134 xxviii.
342 2105 392 2134 15.
410 2104 520 2134 Venus
542 2102 796 2141 Paphonjunctis

132 2154 201 2182 visit
227 2154 367 2184 oloribus.
411 2151 544 2183 Veneris
571 2151 655 2181 enim
685 2161 793 2182 currus

133 2201 314 2232 trahebatur
334 2201 425 2232 modo
443 2211 462 2231 a
479 2200 642 2235 columbis,
663 2199 754 2230 modo
774 2210 793 2231 a

133 2249 253 2290 cygnis·
279 2251 339 2280 Per
350 2261 420 2280 aera
432 2251 530 2288 carpit
543 2251 611 2279 iter.
633 2249 733 2290 Supra
750 2248 792 2280 iv.

133 2299 210 2329 615.
233 2299 369 2335 brevius,
390 2300 527 2338 carpebat
547 2309 628 2328 aera.
678 2297 791 2333 Virtus,

133 2348 291 2384 fortitudo,
305 2348 427 2378 animus
438 2347 633 2378 venatorius:
652 2353 710 2377 stat
723 2359 792 2378 con-

134 2399 243 2434 traria,
258 2407 319 2428 non
334 2397 538 2438 obtemperat.
583 2396 709 2437 Proprie
724 2407 792 2427 con-

134 2449 225 2477 trarii
251 2453 344 2482 stant.
368 2446 422 2487 qui
443 2446 579 2477 diversas
607 2451 710 2487 partes
737 2452 792 2476 aut

132 2495 301 2526 sententias
325 2495 375 2526 vel
397 2494 430 2525 in
454 2494 521 2525 acie
546 2494 597 2525 vel
620 2494 653 2524 in
681 2500 792 2526 senatu

134 2548 315 2585 sequuntur.
668 2565 676 2569 -

177 2592 250 2623 710.
275 2592 389 2632 Suem]
407 2592 537 2634 Aprum.
553 2593 630 2622 Sues
646 2597 748 2623 autem
760 2596 791 2622 et

134 2640 200 2681 apri
215 2641 331 2671 Veneri
343 2647 415 2671 sunt
428 2640 519 2671 invisi
534 2646 657 2682 propter
671 2639 790 2670 Adoni-

136 2689 183 2719 dis
206 2689 345 2720 caedem:
383 2690 465 2720 unde
490 2689 684 2731 proverbium
708 2689 791 2730 apud

868 1372 995 1403 Graecos
1013 1371 1045 1403 in
1061 1382 1123 1407 eOS,
1140 1370 1194 1412 qui
1213 1380 1278 1401 rem
1297 1369 1452 1411 ingratam
1473 1369 1529 1400 ali-

866 1420 917 1451 cui
942 1419 1081 1451 faciunt:
1119 1418 1297 1461 Ἀφροδίτῃ
1332 1418 1373 1450 ὗν
1405 1419 1529 1455 ἔθυκεν,

864 1468 921 1500 hoc
936 1475 996 1505 est,
1009 1469 1124 1500 Veneri
1138 1479 1223 1500 suem
1236 1467 1434 1499 sacrificavit.
1462 1468 1529 1498 Ves-

865 1521 941 1560 tigia
957 1525 1050 1549 certa.
1095 1519 1183 1549 Unus
1200 1516 1390 1548 Basileensis
1404 1518 1529 1558 vestigia

863 1569 954 1597 trita:
981 1567 1036 1597 sed
1052 1573 1135 1597 certa
1150 1565 1316 1608 opponitur
1331 1565 1479 1602 obscuris,
1496 1572 1531 1597 ut

858 1615 924 1657 jam
940 1615 1056 1646 alicubi
1073 1614 1261 1645 monuimus.
1308 1615 1413 1645 Ezciri
1428 1620 1458 1645 et
1480 1627 1528 1646 ex·

861 1666 952 1695 citari
975 1675 990 1694 e
1013 1665 1146 1700 latebris,
1169 1663 1336 1699 cubilibus,
1356 1673 1375 1693 a
1396 1663 1528 1694 canibus

860 1713 982 1754 proprie
1008 1712 1154 1742 dicuntur
1179 1711 1262 1742 ferae.
1307 1711 1420 1742 Senec.
1445 1711 1466 1742 i.
1487 1711 1526 1742 de

862 1761 964 1793 Clem.
988 1762 1046 1791 16:
1073 1765 1093 1778 ‘⁶
1106 1760 1197 1790 Idem
1217 1759 1293 1790 facit
1310 1765 1452 1796 venator,
1473 1760 1527 1801 qui

861 1809 997 1841 instituit
1011 1809 1132 1840 catulos
1146 1809 1278 1848 vestigia
1293 1808 1391 1849 sequi,
1409 1807 1527 1850 quique

857 1859 925 1901 jam
951 1858 1133 1889 exercitatis
1156 1857 1255 1888 utitur
1277 1856 1317 1888 ad
1343 1857 1527 1888 excitandas

862 1907 912 1938 vel
927 1906 1159 1948 persequendas
1174 1905 1290 1936 feras.”
1333 1906 1423 1936 Silvis
1438 1908 1526 1937 exire.

862 1955 1025 1992 Phaedrus,
1041 1955 1067 1986 Ι.
1080 1955 1114 1986 ii.
1131 1956 1164 1986 9.
1181 1954 1252 1985 ferae
1269 1953 1415 1985 excitatae
1431 1956 1527 1984 esitus

861 2012 943 2035 notos
955 2011 1075 2044 petunt.
1098 2004 1225 2034 Juvenis
1243 2004 1415 2043 Cinyreius.
1438 2003 1525 2034 Ado-

863 2054 910 2085 nis
926 2054 1050 2095 Cinyrae
1067 2064 1106 2084 ex
1122 2052 1253 2094 Myrrha
1270 2052 1366 2082 filius.

906 2103 982 2133 713.
1002 2101 1276 2140 Fando—rostro]
1296 2101 1422 2142 Septem
1434 2111 1524 2131 curvo

862 2159 967 2183 rostro.
990 2151 1085 2192 Regii
1101 2150 1195 2181 nostri
1209 2152 1319 2190 pando,
1342 2149 1523 2180 Secundum

857 2201 1065 2243 Propertium,
1087 2200 1133 2231 II.
1158 2211 1189 2230 x.
1214 2201 1269 2230 53.
1292 2197 1324 2229 id
1348 2199 1467 2228 factum
1490 2198 1523 2229 in

858 2250 971 2286 Idalio,
998 2248 1095 2291 Cypri
1119 2255 1240 2279 monte:
1275 2248 1379 2283 Testis,
1401 2248 1452 2286 qui
1472 2248 1519 2276 ηἰ-

858 2310 943 2329 veum
965 2299 1114 2339 quondam
1134 2298 1279 2337 percussit
1305 2297 1438 2326 Adonem
1468 2295 1521 2326 Ve-

857 2353 980 2378 nantem
995 2346 1094 2377 Idalio
1104 2347 1214 2376 vertice
1224 2346 1320 2375 durus
1336 2354 1416 2383 aper.
1432 2344 1521 2375 Mor-

858 2402 922 2427 tem
936 2395 1092 2427 Adonidis
1105 2400 1137 2425 et
1157 2404 1267 2435 aprum
1283 2393 1365 2423 hunc
1381 2391 1520 2423 carmine

859 2443 1089 2476 Anacreontion
1125 2440 1297 2473 celebravit
1324 2440 1519 2477 Theocritus,

859 2494 910 2524 Id.
927 2494 980 2523 30.
1016 2492 1066 2523 Ibi
1081 2502 1156 2533 aper
1170 2488 1346 2532 praetendit,
1363 2499 1395 2520 se
1411 2489 1442 2520 id
1459 2488 1519 2519 im-

859 2541 1045 2584 prudentem
1070 2540 1192 2575 fecisse,
1221 2548 1318 2579 quum
1342 2548 1444 2568 amore
1471 2537 1518 2568 in-

858 2600 970 2621 census
997 2589 1096 2620 femur
1123 2585 1278 2618 Adonidis
1305 2585 1439 2617 osculari
1465 2596 1518 2617 vo-

860 2638 964 2670 luerit.

902 2688 976 2718 717.
1000 2686 1074 2717 Levi
1089 2696 1206 2722 curru‚·
1232 2683 1302 2715 vide
1316 2682 1347 2715 ii.
1365 2684 1438 2714 531,
