1779 3130
344 180 964 222 METAMORPHOSEON
998 180 1116 222 LIB.
1150 181 1260 223 XV.

1409 181 1493 222 4:35)

113 291 181 339 Et
199 294 347 355 jubar
371 295 464 341 hoc
490 295 699 341 nitidum
724 296 874 357 nigrae
900 296 1168 342 succedere
1193 296 1342 342 nocti.

114 368 222 415 Nec
248 371 381 416 color
405 378 482 417 est
505 371 636 418 idem
663 372 803 427 coelo,
830 388 983 434 quum
1007 372 1139 419 lassa
1163 373 1333 434 quiete

115 444 312 492 Cuncta
330 448 501 507 jacent
526 447 703 501 media,
731 463 987 509 quumque
1013 448 1124 494 albo
1152 447 1345 495 Lucifer
1370 449 1473 495 cxit

116 519 294 567 Clarus
320 537 478 583 equo:
519 538 787 584 rursusque
813 523 937 569 alius
964 539 1117 585 quum
1145 525 1325 586 proevia
1348 525 1471 570 lucis

113 594 429 643 Tradendum
457 598 648 644 Phoebo
675 598 946 644 Pallantias
970 599 1124 645 inficit
1147 600 1331 646 orbem.

1407 603 1490 647 191

116 670 233 734 Ipse
260 673 355 720 Dei
380 675 604 737 clypeus,
631 682 761 721 terra
786 691 938 737 quum
963 675 1148 721 tollitur
1171 676 1284 731 ima,

117 747 268 796 Mane
293 751 452 806 rubet,
479 759 723 813 terraque,
751 753 911 806 rubet,
939 768 1092 814 quum
1119 754 1345 798 conditur
1369 753 1494 807 i1na;

120 824 377 873 Candidus
403 827 451 872 in
478 843 670 873 summo
695 835 773 874 est
795 845 804 875 :

118 901 333 949 AEtheris
359 911 450 960 est,
478 912 719 967 tcrraeque
746 905 917 968 procul
942 906 1172 966 contagia
1194 906 1330 952 vitat.

844 829 1016 875 melior
1040 836 1217 875 natura
1242 830 1375 891 quod
1400 829 1498 875 illic

1408 908 1498 952 195

121 976 229 1025 Nec
256 995 359 1041 par,
386 987 470 1027 aut
494 981 667 1028 eadem
692 988 943 1028 nocturnae
967 980 1123 1027 forma
1149 981 1323 1028 Diauae

122 1053 246 1102 Esse
259 1063 668 1119 potestunquain:
689 1057 1232 1120 semperquehodierna
1242 1066 1502 1120 sequente,

124 1130 177 1176 Si
203 1132 397 1188 crescit,
425 1133 581 1180 minor
605 1141 713 1190 est;
759 1135 930 1196 major,
958 1135 997 1181 si
1023 1134 1269 1181 contrahit
1293 1135 1478 1181 orbem.

122 1206 292 1260 Quid?
330 1226 427 1256 non
453 1210 500 1256 in
527 1211 721 1273 species
748 1211 1016 1258 succedere
1042 1218 1253 1274 quatuor
1278 1227 1460 1257 annum

121 1283 336 1346 Aspicis,
355 1286 512 1333 aetatis
535 1294 855 1350 peragentem
880 1286 1153 1334 imitamina
1177 1288 1383 1334 nostrae?
1409 1292 1507 1333 200

125 1358 254 1407 Nam
281 1368 435 1418 tener,
464 1369 514 1409 et
537 1363 742 1418 lactens,
770 1364 1010 1426 puerique
1036 1363 1314 1410 simillimus
1340 1380 1441 1410 aevo

125 1475 198 1507 mile
223 1477 311 1513 foret,
336 1477 360 1508 si
386 1478 455 1518 quis
477 1479 580 1517 dicat3
606 1478 709 1514 homo,
730 1478 783 1509 ubi

125 1531 217 1556 natus
233 1533 290 1561 est,
307 1526 407 1557 tendit
422 1527 460 1557 ad
478 1534 619 1559 mortem.

171 1576 242 1606 183.
269 1576 375 1610 Quiete
399 1578 518 1613 mecha,-
555 1582 645 1607 nocte
670 1577 785 1607 media.

127 1623 198 1654 Exit
223 1635 239 1654 e
259 1625 348 1655 mari.
401 1625 488 1656 Male
508 1626 650 1661 Lenzius,
669 1628 727 1655 exit
746 1625 785 1655 de

126 1673 219 1710 coelo,
235 1673 384 1715 relinquit
399 1675 528 1705 coelum.
555 1675 639 1705 Nota
655 1674 785 1705 varieta-

126 1729 201 1759 tem,
228 1734 291 1764 qua
314 1723 345 1754 in
368 1724 450 1754 omni
475 1724 507 1754 h.
528 1724 550 1754 l.
573 1729 657 1754 ortus
681 1728 712 1754 et
734 1733 785 1753 oc-

127 1783 218 1803 casus
229 1783 401 1814 expressus.
426 1773 553 1814 Lucifer
564 1783 644 1814 equo
652 1772 787 1803 solitario

129 1821 263 1857 vehitur,
279 1833 462 1863 quanquam
486 1822 514 1852 ei
529 1822 683 1856 Tibullus,
700 1822 728 1851 Ι.
745 1820 787 1851 iit.

129 1871 181 1900 62.
203 1881 325 1901 currum
351 1871 449 1906 dedit,
475 1881 568 1912 quem
593 1869 692 1900 secuti
717 1875 789 1899 sunt

129 1919 183 1950 alii
203 1925 313 1960 poetae.
359 1921 455 1956 All>0;
489 1919 560 1950 vide
583 1918 622 1949 ad
648 1929 710 1949 ver.
733 1919 787 1948 30.

132 1969 304 1999 Pallantias
318 1981 328 2005 ,·
352 1969 483 2005 Aurora,
500 1967 654 1998 Pallantis
669 1967 744 1997 filia.

176 2018 247 2048 192.
274 2018 332 2048 Dei
346 2019 479 2058 clypeus,
489 2028 544 2058 pro
558 2017 632 2048 orbe
647 2015 720 2047 solis
734 2027 788 2046 no-

132 2077 170 2097 ve
185 2066 313 2097 dictum.
361 2067 425 2097 Nec
445 2078 511 2107 par,
527 2072 580 2096 aut
595 2067 709 2101 endem,
726 2071 788 2096 etc.

131 2116 221 2146 Luna
242 2126 364 2157 semper
383 2122 436 2146 aut
453 2115 574 2150 crescit,
593 2120 648 2146 aut
667 2115 789 2145 decres-

133 2165 188 2200 cit,
213 2175 270 2195 nec
291 2175 429 2206 unquam
448 2164 479 2195 in
500 2164 609 2194 eodem
631 2169 792 2205 permanet

132 2219 227 2244 statu.

180 2263 253 2291 199.
278 2262 382 2295 Quid?
397 2273 456 2291 mm
470 2262 500 2290 in
513 2262 628 2299 species,
641 2260 719 2300 etc.]
738 2261 792 2290 Se-

136 2321 235 2352 quens
265 2310 352 2341 locus
380 2309 492 2351 insigni
528 2315 688 2340 venustate
718 2319 791 2339 con-

134 2361 260 2402 spicuus
274 2360 312 2391 de
324 2366 456 2401 quatuor
471 2360 544 2389 anni
557 2359 705 2401 partibus,
729 2360 793 2389 Ye-

134 2416 243 2440 nustas
261 2414 366 2439 autem
386 2408 458 2439 inde
478 2414 535 2446 est,
553 2408 636 2449 quod
655 2407 794 2449 epitheta

135 2464 168 2490 et
202 2458 361 2494 attributa,
387 2464 450 2488 tam
486 2468 540 2498 per
567 2462 709 2487 naturam
737 2456 792 2492 rei,

137 2518 231 2549 quam
255 2517 293 2537 ex
315 2518 371 2537 usu
400 2505 549 2547 loquendi
573 2505 748 2536 hominibus
763 2510 794 2535 et

135 2556 247 2588 annuis
262 2562 349 2587 terrae
365 2555 588 2586 mutationibus
604 2553 791 2589 communia,

137 2606 176 2636 ad
201 2615 315 2635 annum
339 2604 451 2646 ipsum,
475 2604 634 2644 tamquam
661 2602 701 2632 ad
724 2613 793 2644 per-

138 2665 256 2689 sonam,
266 2654 416 2684 translata
424 2661 505 2683 sunt.
521 2652 612 2683 Conf.
623 2651 794 2685 Lucretius,

140 2714 169 2733 ν.
193 2703 382 2739 735-746;
418 2701 623 2733 Claudianus.
646 2699 667 2730 i.
688 2700 795 2729 268—

849 1480 922 1509 274.
937 1484 967 1509 et
977 1489 994 1510 e
1008 1479 1130 1510 Nostris
1143 1478 1298 1510 Zacharia?
1314 1478 1344 1509 iu
1361 1479 1506 1510 Partibus

850 1528 922 1563 diei,
938 1539 1009 1570 pag.
1029 1529 1078 1558 10.
1116 1527 1257 1558 Breviter
1270 1528 1336 1558 liaec
1351 1527 1509 1559 delineata

851 1577 948 1607 habes
969 1588 1062 1618 supra
1081 1576 1113 1607 ii.
1132 1578 1270 1607 27—30.
1288 1582 1319 1607 et
1341 1577 1424 1618 apud
1446 1578 1509 1607 110-

853 1626 974 1660 ratium.
991 1626 1052 1656 IV.
1071 1625 1133 1656 Od.
1149 1625 1201 1655 vii.
1217 1626 1236 1655 6
1252 1635 1339 1666 seqq.
1385 1626 1510 1664 Species,

853 1674 1082 1705 vicissitudines
1107 1685 1232 1704 annuae.
1278 1674 1337 1704 Pro
1358 1677 1512 1705 suc-cedere

854 1724 947 1764 vulgo
964 1724 1012 1764 (et
1027 1723 1057 1753 in
1081 1723 1186 1754 codihe
1204 1723 1306 1764 Regio
1322 1723 1378 1762 B.)
1400 1723 1513 1764 legitur

852 1774 992 1802 secedere.
1038 1773 1145 1802 Annus
1181 1774 1311 1802 succedit
1349 1773 1379 1802 ἱιι
1408 1774 1514 1811 species

853 1827 983 1861 quatum·
1003 1830 1056 1861 pro
1082 1820 1215 1860 vulgari,
1237 1820 1356 1861 species
1381 1825 1514 1860 quatuor

856 1869 929 1899 anni
950 1869 1008 1899 sibi
1031 1869 1164 1899 invicem
1188 1868 1373 1900 succedunt.
1422 1869 1514 1900 Pera·-

855 1925 971 1959 geutem
986 1920 1165 1954 imitamina,
1181 1918 1219 1948 ad
1242 1917 1460 1954 imitationem,
1485 1925 1517 1949 et

857 1967 913 1998 hoc
951 1966 1028 1997 nihil
1062 1967 1148 1998 aliud
1186 1967 1244 1998 nisi
1280 1967 1514 1999 similitudinem

856 2015 1009 2046 declarat.

899 2066 973 2095 201.
996 2064 1091 2095 Tener
1112 2070 1143 2094 et
1165 2066 1276 2095 lactens
1301 2069 1365 2094 tam
1389 2064 1515 2095 infanti-

857 2113 926 2149 bus,
953 2124 1046 2154 quam
1071 2112 1158 2143 novis
1180 2113 1282 2143 herbis
1309 2113 1516 2152 conveniunt3

859 2163 968 2192 lactere
983 2161 1065 2192 enim
1081 2166 1129 2191 est
1148 2167 1179 2191 et
1194 2161 1242 2191 lac
1258 2172 1367 2201 sugere
1384 2166 1414 2192 et
1435 2162 1516 2193 lacte

858 2210 985 2251 plenum
1001 2220 1077 2240 esse.
1124 2209 1238 2245 Herba,
1260 2220 1347 2250 seges
1365 2215 1472 2240 tenera
1486 2215 1518 2242 et

859 2268 951 2293 nova,
970 2265 1002 2288 ut
1015 2268 1096 2299 saepe
1112 2257 1195 2298 apud
1208 2257 1386 2298 Virgilium.
1403 2259 1518 2299 Georg.

858 2307 899 2345 i.;
925 2307 994 2337 vide
1011 2313 1042 2337 et
1056 2317 1150 2348 supra
1164 2306 1227 2336 viii.
1243 2308 1318 2336 290.
1352 2307 1469 2343 Νίκη-ε,
1484 2313 1519 2338 ut

859 2366 929 2385 mox
957 2357 1057 2385 ridere
1084 2361 1115 2385 et
1144 2355 1259 2396 γελᾶν,
1285 2355 1461 2395 frequenter
1488 2363 1519 2386 et

859 2405 1019 2445 eleganter
1034 2404 1073 2435 de
1096 2404 1167 2434 laeto
1189 2404 1299 2439 colore,
1311 2403 1515 2445 jucundaque

859 2453 939 2484 facie
975 2454 1107 2494 frugum,
1131 2453 1250 2488 florum,
1280 2458 1432 2493 pratorum
1470 2453 1517 2484 di-

860 2508 982 2538 cuntur,
997 2513 1090 2533 verno
1103 2501 1252 2543 imprimis
1267 2508 1416 2543 tempore.
1436 2502 1517 2533 Hine

860 2551 995 2583 suaviter
1011 2550 1092 2592 apud
1108 2551 1371 2581 Plautumsrruc.
1385 2550 1416 2581 ii.
1432 2552 1462 2580 4.
1478 2551 1517 2581 (lc

861 2601 976 2642 puella,
996 2600 1052 2629 Ver
1074 2601 1148 2629 virle.
1199 2599 1238 2629 Ut
1260 2605 1320 2629 tota
1338 2600 1448 2637 floret!
1476 2600 1515 2629 Ut

862 2649 940 2678 alez!
964 2655 999 2678 ut
1019 2649 1113 2678 nilide
1131 2647 1228 2677 vitet!
1250 2647 1321 2677 vide
1344 2646 1519 2678 Heinsium.

867 2699 979 2734 Turget
1013 2697 1123 2727 lacteis
1159 2696 1336 2727 humoribus
1354 2708 1361 2727 2
1404 2696 1517 2735 virgil.
