1779 3130
358 169 976 211 METAMORPHOSEON
1009 171 1127 212 LIB.
1163 171 1298 214 VIII.

1463 178 1519 217 49

134 281 448 345 Conditaque
473 283 521 329 in
548 283 736 345 liquida
759 300 909 331 corna
933 286 1238 333 autumnalia
1262 286 1398 345 faece,
1417 292 1512 337 665

133 355 430 420 Intubaque‚
458 365 508 406 et
531 359 687 414 radix,
715 366 766 406 et
788 359 930 406 lactis
957 376 1121 407 massa
1145 363 1320 419 coacti,

133 432 357 496 Ovaque,
385 451 482 481 non
507 435 606 481 acri
632 436 805 482 leviter
829 443 1023 482 versata
1048 436 1238 494 favilla3

133 508 316 556 Omnia
339 510 601 557 fictilibus:
642 518 755 573 post
778 511 883 557 haec
909 512 1111 558 caelatus
1138 514 1313 561 eadem

133 585 334 631 Sistitur
358 587 529 648 argilla
553 593 738 643 crater3
779 586 1117 650 fabricataque
1142 589 1254 651 fago

130 660 332 716 Pocula,
361 678 460 724 qua
484 678 604 710 cava
628 669 759 718 sunt,
782 663 1076 711 flaventibus
1106 665 1230 712 illita
1254 668 1396 714 ceriS.
1416 671 1512 715 670

129 736 290 785 Parva
312 754 450 785 mora
473 746 577 795 est;
619 740 893 802 epulasque
918 740 1013 787 foci
1038 741 1216 789 misere
1241 744 1488 792 calentes:

129 813 175 859 N
181 829 238 860 ec
264 815 424 876 longae
450 831 617 861 rursus
644 815 922 863 referuntur
945 817 1057 864 vina
1081 825 1323 876 senectae3

168 984 241 1014 666.
275 984 419 1014 lumbum
447 984 591 1020 sativum,
623 986 686 1016 sive
716 985 783 1016 hor-

127 1038 222 1066 tense‚
239 1032 328 1063 Linn.
343 1033 523 1064 Cichorium
534 1033 681 1064 Endivia.
707 1035 784 1065 Gal-

126 1080 185 1110 lice
211 1082 340 1116 Endire,
370 1082 452 1122 quod
483 1083 584 1112 forsan
613 1082 784 1113 deductum

126 1128 220 1159 fuerit
248 1130 287 1159 ab
320 1130 421 1160 Intibu
460 1130 543 1171 quod
577 1130 654 1161 dant
690 1131 784 1172 Regii

129 1177 223 1208 nostri
253 1177 396 1209 Codices.
445 1179 524 1209 Inde
554 1178 708 1209 diversum
737 1179 784 1210 in-

125 1227 233 1257 tubum
256 1227 419 1257 erraticum
441 1228 553 1258 amaris
576 1228 671 1263 fibris,
692 1229 784 1259 Linn.

126 1274 302 1305 Cichorium
325 1275 467 1309 Intubus,
492 1276 668 1317 germanice
698 1277 784 1318 It'eg-

124 1330 213 1353 wart.
241 1324 352 1359 Radix,
366 1324 526 1366 rapharus.
557 1326 620 1354 Lac
636 1332 783 1362 coactum,

124 1382 185 1402 uno
214 1372 317 1407 verbo,
348 1374 520 1413 coagulum,
558 1373 641 1414 quod
671 1373 784 1414 legitur

124 1421 208 1451 Fast.
227 1420 267 1451 iv.
290 1422 372 1459 5433
406 1422 511 1452 confer
530 1421 609 1452 infra
630 1422 685 1453 xii.
709 1423 783 1453 436.

126 1470 188 1500 Ova
216 1470 299 1511 apud
332 1470 489 1500 Romanos
515 1471 576 1501 sere
603 1481 722 1512 semper
750 1471 782 1501 in

124 1518 275 1560 principio
291 1529 402 1549 coenae.

167 1568 239 1598 668.
264 1567 334 1597 Post
350 1568 407 1598 lzffc
423 1568 554 1603 efflatus,
573 1567 654 1607 etc.]
708 1568 784 1599 Post

122 1616 249 1646 missum
279 1616 411 1657 primum
440 1616 539 1657 prima
568 1616 640 1646 vina
676 1623 784 1647 contra

126 1664 219 1706 prisci
235 1665 293 1695 aevi
310 1675 424 1695 morem
441 1671 609 1705 ponuntur.
654 1665 715 1695 Sed
733 1665 782 1696 hic

124 1719 155 1742 et
171 1713 208 1743 de
229 1713 360 1743 lectione
376 1718 407 1744 et
423 1712 461 1742 de
479 1723 571 1743 sensu
592 1713 781 1744 laboramus.

125 1762 209 1792 Olim
225 1763 398 1802 legebatur,
411 1763 532 1792 efflatus
545 1764 641 1792 eodem
657 1763 782 1793 Sistitur

123 1817 246 1852 urgento
261 1818 370 1841 crater.
416 1810 477 1841 Sed
493 1810 622 1841 Heinsio
637 1811 778 1852 displice-

122 1860 177 1890 bat
196 1866 227 1890 et
248 1866 412 1899 argenteus
433 1865 465 1890 et
482 1860 610 1890 caelatus
630 1866 730 1890 crater
749 1860 781 1890 in

122 1909 205 1940 vasis
235 1908 436 1939 Philemonis.
493 1910 598 1945 Quum
626 1908 720 1949 igitur
749 1909 781 1940 in

121 1968 182 1988 uno
210 1958 354 1988 Palatino
376 1963 467 1992 esset,
488 1959 584 1987 eodem
607 1958 727 1997 argilla,
750 1957 781 1988 in

121 2007 226 2037 multis
241 2007 310 2036 aliis
327 2007 420 2036 MSS.
436 2011 538 2036 autem
560 2016 614 2046 pro
631 2005 779 2047 interpre-

121 2055 237 2086 tatione
272 2055 441 2096 ascriptum
470 2060 550 2085 esset
585 2057 621 2084 (le
657 2056 780 2096 argilla,

121 2105 178 2136 hoc
202 2105 318 2146 recepit
338 2105 369 2135 in
391 2110 581 2139 contextum,
602 2109 634 2134 et
654 2115 707 2146 pro
726 2116 779 2135 cce-

121 2155 199 2184 Ialus
214 2154 410 2185 scribendum
427 2158 543 2188 censet,
559 2155 674 2183 illatus.
722 2153 779 2184 Ri-

119 2202 234 2242 galtius
244 2208 351 2232 contra
364 2201 404 2232 ad
415 2200 598 2232 Tertullian.
610 2201 648 2231 de
660 2201 779 2233 Cultib.

120 2251 227 2281 femin.
244 2251 298 2281 lib.
314 2251 334 2280 i.
356 2261 428 2292 cap.
445 2252 477 2280 2.
495 2256 598 2280 tuetur
618 2250 778 2291 antiquam

119 2300 282 2330 lectionem
299 2305 449 2341 putatque
460 2300 565 2340 jocose
585 2299 642 2330 hoc
659 2299 778 2330 dictum

119 2359 196 2385 esse,
223 2354 298 2379 et'e
322 2347 530 2390 superioribus
559 2348 650 2378 facile
676 2348 775 2389 expli·

119 2397 264 2427 candum.
288 2398 404 2437 Fruges
419 2406 525 2426 omnes
541 2397 775 2437 apponebantur

118 2445 151 2477 in
162 2447 316 2486 fictilibus
340 2446 432 2476 vasis.
477 2445 586 2476 Crater
609 2448 704 2476 eodem
724 2457 774 2475 ar-

116 2501 205 2536 gento
221 2495 341 2524 caelatus
357 2504 430 2534 ergo
446 2493 533 2528 foret,
550 2493 635 2523 nullo
650 2499 777 2533 argento

119 2543 259 2578 caelatus,
283 2552 372 2582 aeque
398 2552 458 2572 non
481 2550 646 2582 argenteus
663 2546 695 2572 et
716 2551 777 2572 ‹3ae-

120 2591 202 2622 latus
230 2601 266 2621 ac
293 2590 423 2631 reliqua,
453 2600 523 2631 quae
549 2596 778 2631 praecesserant.

121 2640 160 2669 In
175 2640 278 2670 caelata
293 2641 405 2680 argilla
420 2639 533 2669 frustra
548 2639 691 2669 haeretur.
724 2639 778 2668 Et-

123 2687 205 2718 enim
223 2687 330 2717 latiore
352 2698 444 2718 sensu
464 2688 570 2718 caelare
588 2686 712 2717 omnino
732 2685 779 2716 in-

169 2737 267 2767 X'OL.
284 2736 342 2766 IV.

851 992 1022 1019 strumento
1047 990 1148 1021 fabrili
1175 990 1322 1027 incidere,
1353 993 1504 1034 scalpere,

850 1036 969 1067 radere.
1015 1038 1176 1079 Virgilius,
1204 1040 1271 1070 Ecl.
1294 1039 1337 1071 iii.
1366 1042 1418 1071 37.
1442 1040 1503 1082 lig-

849 1095 941 1115 neum
957 1087 1104 1126 poculum
1121 1092 1212 1118 vocat
1227 1089 1363 1118 efflatum
1378 1100 1459 1128 opus,
1475 1090 1507 1120 in

851 1144 911 1174 quo
937 1134 1008 1164 vitis
1038 1141 1122 1166 toruo
1153 1136 1266 1166 effecta
1331 1137 1381 1167 De
1410 1139 1511 1168 eadem

851 1184 964 1223 argilla
994 1183 1077 1214 idem
1107 1184 1190 1225 quod
1215 1185 1374 1226 Rigaltius
1398 1192 1511 1227 putant

851 1230 952 1267 multi,
983 1242 1078 1272 quare
1111 1235 1207 1263 eodem
1242 1240 1377 1274 argento,
1404 1235 1510 1275 jocose

850 1278 967 1310 dietum
984 1286 1185 1322 anteponunt.
1211 1281 1511 1324 Fabrivatuquefago

846 1329 978 1366 pocula5
1003 1329 1118 1369 virgil.
1140 1329 1224 1360 dicto
1243 1330 1320 1366 loco,
1340 1332 1510 1372 poculafa-

847 1378 946 1416 gina5
972 1378 1057 1408 Fast.
1075 1377 1107 1407 d.
1125 1378 1146 1408 l.
1168 1378 1251 1420 apud
1267 1379 1396 1419 Hyriea,
1418 1380 1511 1410 Terra

849 1427 956 1455 rubens
974 1433 1084 1461 crater,
1099 1427 1308 1468 poculufagus
1323 1434 1420 1458 erunt.
1456 1429 1509 1458 Ti-

849 1473 963 1509 bullus,
988 1474 1015 1503 I.
1042 1474 1063 1505 i.
1088 1476 1151 1505 38:
1189 1475 1277 1505 Dona
1306 1487 1358 1506 nec
1385 1488 1399 1506 e
1423 1479 1511 1516 puris

850 1525 979 1560 spernite
997 1524 1160 1563 fictilibus.
1216 1523 1339 1554 Fictilia
1368 1527 1510 1565 antiquus

845 1573 976 1610 primum
1000 1573 1147 1612 sibisecit
1170 1575 1296 1613 agrestis
1320 1573 1447 1609 Pocula,
1473 1576 1508 1604 de

838 1620 936 1660 facili
959 1623 1173 1660 composuitque
1197 1622 1270 1651 luto.
1315 1621 1404 1652 Idem
1428 1621 1454 1651 I.
1474 1633 1507 1653 x.

849 1669 879 1698 8.
903 1669 942 1699 de
972 1680 1064 1700 aureo
1086 1670 1200 1704 seculo,
1226 1669 1364 1710 Faginus
1392 1673 1508 1701 astabat

846 1719 982 1757 scyphus.
1009 1718 1076 1752 Qua
1091 1729 1164 1748 cura
1179 1725 1260 1753 sunt,
1272 1725 1332 1749 etc.
1350 1718 1508 1751 Theocrit.

848 1765 868 1796 i.
899 1767 951 1796 27.
975 1766 1063 1806 βαθὺ
1094 1766 1262 1806 κισσύβιον
1291 1767 1508 1809 κεκλυσμένον

847 1813 916 1845 ὰὸεἴ
930 1816 1033 1855 καρῴ,
1054 1815 1239 1856 profundum
1253 1815 1399 1857 poculum
1423 1815 1505 1846 dulci

849 1873 921 1893 cera
936 1863 1098 1893 collutum.

891 1912 964 1942 671.
997 1912 1098 1942 Parva
1113 1923 1194 1941 mora
1212 1918 1266 1947 est,
1284 1912 1359 1951 etc.]
1390 1912 1507 1943 Secun-

848 1959 907 1989 dus
934 1959 1056 1990 missus.
1094 1958 1252 1996 *Calentes
1281 1971 1392 2002 nempe
1421 1967 1508 1999 terga

848 2007 910 2038 suis
925 2018 995 2038 cum
1008 2009 1100 2044 olere,
1113 2008 1152 2038 de
1169 2019 1230 2049 quo
1244 2010 1394 2050 sup.646.
1423 2009 1508 2040 Vina

847 2062 918 2096 post
932 2056 1064 2097 primum
1080 2056 1207 2087 missum
1226 2057 1366 2098 apposita
1387 2063 1418 2088 et
1432 2068 1504 2088 mox

847 2110 963 2134 remota
990 2115 1071 2135 nunc
1108 2116 1213 2135 rursus
1240 2105 1429 2146 referuntur,
1457 2116 1505 2136 se-

847 2153 951 2183 cunda
965 2153 1032 2184 vice
1048 2158 1254 2194 apponuntur.
1289 2154 1383 2184 Erant
1402 2159 1506 2184 autem

845 2212 905 2231 ‘non
923 2203 1015 2242 longae
1035 2209 1166 2232 senectae.
1213 2202 1331 2232 Contra
1352 2201 1501 2243 Hyrieus,

846 2250 878 2280 in
905 2249 982 2280 cibis
1006 2250 1136 2291 parcior,
1160 2251 1231 2284 Quae
1257 2249 1334 2289 p'uer
1358 2253 1504 2290 quondam

842 2300 947 2338 primis
969 2300 1134 2340 diffuderat
1151 2302 1250 2335 annis,
1269 2300 1501 2341 Proditfumoso

844 2349 963 2377 condita
986 2350 1056 2377 vina
1077 2349 1161 2378 cado.
1208 2347 1268 2378 Sed
1293 2347 1359 2377 haec
1381 2358 1504 2388 quoque

842 2395 915 2425 vina
927 2397 1063 2435 paulum,
1080 2396 1112 2426 in
1129 2397 1223 2426 breve
1243 2401 1376 2436 tempus,
1393 2406 1504 2436 quam-

843 2443 896 2473 diu
911 2444 993 2474 mala
1008 2454 1080 2474 cum
1096 2444 1165 2474 uvis
1181 2451 1212 2474 et
1226 2444 1339 2485 palmis
1355 2450 1502 2480 astarent,

844 2495 964 2523 seducta
982 2499 1065 2524 suut.
1113 2494 1227 2522 Mensis
1238 2503 1291 2533 pro
1306 2504 1418 2523 mensor.
1452 2493 1503 2523 De

845 2544 974 2572 secunda
988 2552 1096 2572 mensa
1106 2541 1177 2572 vide
1192 2541 1232 2571 ad
1243 2541 1344 2572 ix.89.
1368 2540 1429 2571 Hie
1441 2551 1503 2571 ver.

846 2591 923 2623 673.
940 2590 1130 2631 praecedenti
1145 2589 1371 2632 praeponendus
1384 2589 1504 2622 videtur

846 2638 997 2675 Heinsi03
1019 2637 1074 2668 sed
1090 2637 1184 2668 male.

979 2735 1009 2765 H
