1779 3130
238 173 324 215 226

244 286 461 341 Prosilit,
489 291 539 331 et
562 283 781 330 nondum
805 289 936 329 totos
956 290 1129 329 ornata
1151 283 1375 346 capillos,

627 170 676 210 P.
710 168 922 210 OVIDII
956 168 1235 210 NASONIS

1530 288 1626 332 385

247 362 447 425 Disjicit
471 361 560 407 hos
586 360 748 424 ipsos;
791 359 1020 422 colloque
1041 359 1205 406 infusa
1227 359 1405 416 mariti,

244 438 417 485 Mittat
440 444 495 484 ut
518 436 758 484 auxilium
780 436 885 484 sine
911 453 980 492 se,
1007 437 1272 499 verbisque
1296 444 1542 500 precatur,

245 514 312 561 Et
334 513 578 569 lacrimis3
620 512 911 575 animasque
936 513 1061 560 duas
1084 520 1137 559 ut
1162 522 1324 561 servet
1348 513 1397 560 in
1422 529 1537 560 una.

243 591 473 638 AEacides
499 590 583 645 illi,
613 596 643 614 “
662 590 911 652 pulchros,
942 590 1151 652 Regina,
1178 589 1386 653 piosque

243 668 384 714 Pone
409 673 598 714 metus:
636 667 784 729 plena
808 674 885 714 est
910 667 1137 730 promissi
1162 667 1320 729 gratia
1339 666 1505 713 vestri.
1533 669 1630 713 390

246 743 360 790 Non
377 744 543 806 placet
559 758 694 789 arma
713 743 833 789 mihi
849 751 1024 790 contra
1045 759 1169 790 nova
1188 749 1408 789 monstra
1428 742 1628 789 moveri.

246 819 446 866 Numen
463 819 770 866 adorandum
792 819 956 881 pelagi
973 820 1098 867 est.''
1154 819 1276 866 Erat
1291 819 1443 866 ardua
1465 819 1628 873 turris,

243 896 373 943 Arce
399 902 574 959 patens
601 912 821 952 summa3
862 896 1004 943 fessis
1030 897 1140 943 loca
1164 903 1304 959 grata
1327 895 1522 943 cariniS.

242 1060 313 1080 vero
338 1049 489 1085 defendit,
520 1050 625 1090 infixa,
654 1056 689 1080 ut
711 1050 838 1091 elegans
866 1051 906 1081 sit

243 1098 347 1138 imago
375 1098 517 1129 ardenter
545 1098 689 1140 petentis,
719 1104 750 1129 et
775 1099 907 1130 amantis

243 1146 371 1177 fervide.
417 1146 509 1177 Certe
534 1146 587 1188 qui
610 1146 717 1177 divelli
741 1147 780 1177 ab
803 1147 907 1188 aliqua

243 1205 275 1225 re
304 1196 424 1230 nolunt,
452 1196 537 1235 infiii
565 1200 597 1226 et
625 1195 707 1236 cgffiiri
736 1196 905 1227 dicuntur:

244 1243 348 1284 infusa
377 1243 505 1274 dederat
534 1243 684 1274 Ciofanus
717 1255 755 1275 ex
784 1245 904 1283 tribus3

243 1292 347 1322 caeteri
379 1292 483 1332 inlisa.
546 1292 639 1332 Regii
669 1293 763 1323 nostri
793 1294 906 1334 infusa.

244 1339 444 1381 Disputatur,
468 1350 507 1370 an
531 1347 615 1370 recte
639 1341 771 1377 dicatur,
789 1344 906 1372 mittere

241 1390 400 1419 (rutilium.
437 1389 586 1419 Historici
603 1399 679 1420 sane
695 1390 805 1420 dicunt
818 1393 904 1420 auxi-

244 1439 295 1473 lia,
316 1448 413 1478 quum
440 1438 545 1479 copias
575 1438 742 1469 auxiliares
767 1439 904 1470 indicare

244 1486 364 1521 volunt,
392 1486 445 1517 sed
473 1491 573 1527 poetae
606 1486 695 1517 licuit
717 1487 905 1528 singularem

243 1544 298 1575 pro
322 1534 435 1575 plurali
461 1545 586 1575 ponere.
632 1536 822 1575 Animasque,
846 1541 906 1567 etc.

246 1584 331 1624 quia,
356 1584 381 1614 si
408 1584 495 1624 Ceyx
522 1584 553 1614 in
576 1583 630 1614 illo
655 1584 825 1615 certamine
852 1595 906 1626 pe-

244 1632 356 1669 riisset,
373 1633 586 1664 amantissima
601 1633 667 1674 ejus
689 1633 802 1674 conjux
819 1634 906 1665 nolu—

244 1681 317 1711 isset
328 1682 387 1723 ipsi
400 1688 556 1723 superstes
569 1692 635 1712 esse
649 1694 656 1720 3
675 1681 718 1712 iii.
729 1684 802 1713 473.
815 1683 907 1714 Nunc

242 1731 301 1760 duo
317 1732 471 1761 concordes
485 1733 585 1761 anima
600 1733 758 1761 moriemur
774 1733 806 1762 in
821 1743 882 1762 una
895 1745 906 1769 ,-

241 1778 398 1815 Tibussus,
420 1779 480 1809 IV.
501 1779 542 1809 iv.
562 1780 614 1810 21.
640 1782 672 1810 in
696 1791 756 1810 uno
780 1779 907 1820 Corpore

243 1834 357 1857 serrato
372 1830 537 1859 >restituisse
552 1830 634 1860 duos.

286 1877 362 1907 389.
388 1878 526 1907 AEczcides
549 1879 608 1913 illi,
633 1877 711 1917 etc.]
742 1877 852 1908 Brevis
876 1884 907 1908 et

242 1925 363 1956 urbana
377 1925 534 1967 responsio
551 1926 650 1956 Pelei.
686 1927 796 1956 Metus
808 1928 852 1966 pii
868 1926 906 1958 de

243 1973 345 2004 salute
370 1974 522 2015 conjugis,
549 1980 621 2005 sunt
641 1975 773 2014 pulchri,
791 1974 905 2016 reginae

242 2020 345 2052 decori
363 2027 434 2052 sunt
449 2028 480 2053 et
491 2022 608 2063 gloriae.
641 2024 718 2053 Mox
734 2023 906 2055 Burmann.

243 2069 379 2107 dubitat,
409 2080 448 2100 an
470 2072 560 2109 plena
590 2078 642 2106 est,
663 2077 723 2103 etc.
751 2077 836 2102 recte
867 2071 907 2101 sit

241 2117 362 2150 dictum
385 2129 450 2160 pr0,
468 2119 604 2150 concedo
627 2120 659 2149 in
680 2125 767 2150 tuam
783 2126 905 2151 senten-

242 2166 318 2197 tiam
347 2173 378 2198 et
407 2169 571 2209 obsequor.
616 2169 696 2198 Sane
730 2168 787 2198 hoe
812 2169 906 2199 verba

242 2215 371 2247 minime
395 2216 517 2247 dicunt.
567 2217 665 2247 Plena
691 2223 737 2248 est
760 2217 904 2258 plurima,

243 2265 391 2296 maxima.
445 2265 633 2296 Promissum
664 2272 809 2302 vestrum,
840 2272 904 2297 stu-

244 2312 330 2343 dium
355 2318 489 2344 vestrum
521 2323 570 2343 me
602 2314 770 2355 adjuvandi
797 2314 904 2344 militi-

243 2362 312 2399 bus,
329 2362 497 2404 plurimum
514 2363 621 2403 gratiae
635 2363 742 2393 habet.
776 2364 903 2393 Plenum

244 2410 289 2441 ita
303 2410 380 2447 dici,
397 2410 488 2441 docui
505 2410 545 2441 ad
562 2422 591 2442 x.
608 2412 684 2442 290.
724 2411 792 2441 Non
806 2413 905 2450 placet

245 2469 262 2490 e
287 2459 420 2490 formula
444 2459 562 2490 solenni
587 2459 772 2490 sententiam
797 2459 904 2491 dicen-

242 2507 332 2538 tium.
378 2509 463 2538 Nova
479 2516 618 2545 monstra,
636 2509 729 2551 lupus
750 2516 780 2540 et
805 2509 904 2540 inusi-

243 2561 316 2586 tatae
331 2557 556 2597 magnitudinis
571 2565 601 2588 et
616 2558 674 2589 diri
690 2558 810 2588 furoris.

287 2606 362 2635 392.
392 2606 517 2636 Numer?
543 2608 679 2648 Pelagi]
713 2608 900 2639 Psamatbe:

244 2651 316 2684 vide
336 2664 458 2685 versum
484 2656 557 2686 398.
608 2656 651 2686 Hi
681 2666 785 2687 versus
814 2655 905 2687 valde

245 2702 396 2733 vexarunt
442 2704 550 2735 Heins.
598 2712 627 2735 et
679 2706 903 2736 Burmannum.

973 1051 1081 1087 Quum
1114 1056 1206 1081 antea
1237 1051 1402 1091 legeretur,
1439 1051 1517 1080 Arce
1554 1050 1633 1079 locus

973 1111 1095 1135 summa,
1111 1100 1195 1141 quod
1217 1110 1291 1130 sane
1312 1098 1381 1129 ferri
1402 1098 1552 1139 nequibat
1565 1103 1632 1128 tum

974 1154 1097 1190 propter
1121 1159 1257 1183 sensum,
1281 1153 1348 1177 tum
1372 1146 1448 1188 quia
1471 1157 1542 1176 mox
1566 1157 1631 1188 seq.

976 1200 1062 1235 loca,-
1092 1198 1240 1228 Heinsius
1266 1208 1302 1228 ex
1332 1196 1457 1238 ingenio
1484 1196 1631 1227 emenda·

972 1248 1038 1283 bat,
1056 1248 1159 1288 siricus,
1181 1252 1213 1277 et
1235 1246 1366 1276 eandem
1387 1256 1418 1276 se
1443 1250 1552 1286 postea
1570 1245 1632 1275 lec-

973 1295 1088 1326 tionem
1117 1295 1149 1325 in
1177 1294 1276 1336 primo
1298 1294 1454 1324 Vaticano
1483 1293 1631 1334 reperisse

973 1344 1115 1374 affirmat.
1153 1343 1348 1384 Conjiciebet
1364 1347 1395 1372 et
1409 1343 1521 1381 pharus
1535 1341 1632 1372 ductu

973 1392 1098 1423 alterius
1114 1390 1293 1426 Twisdenii‚
1310 1389 1364 1421 ubi
1384 1400 1402 1421 a
1422 1400 1516 1420 manu
1532 1389 1633 1431 prima

973 1446 1049 1476 erat,
1060 1442 1178 1480 phocas.
1211 1441 1400 1480 Quanquam
1416 1444 1540 1480 putaret
1554 1449 1632 1479 prae-

973 1495 1055 1520 stare
1067 1489 1170 1530 focus,
1187 1494 1291 1518 tamen
1311 1498 1372 1518 non
1392 1486 1554 1528 rejiciebat
1563 1487 1633 1528 foci

974 1538 1126 1579 veljizces.
1173 1539 1372 1568 Burmannus
1394 1542 1477 1567 recte
1499 1535 1634 1572 dubitat,

975 1597 1015 1617 an
1031 1587 1123 1627 focus
1144 1596 1198 1627 pro
1221 1586 1318 1627 pharo
1344 1585 1417 1626 poni
1443 1585 1549 1626 possit,
1577 1585 1632 1615 sed

975 1635 1040 1666 sine
1060 1645 1156 1666 causa
1174 1634 1285 1664 durum
1305 1633 1333 1664 ei
1347 1633 1633 1674 videbatur,focus,

977 1685 1038 1713 loca
1059 1690 1152 1724 grata
1175 1684 1298 1714 carinis.
1344 1682 1457 1722 Itaque
1480 1681 1632 1724 amplian-

975 1732 1050 1762 dum
1077 1731 1128 1761 hic
1154 1736 1270 1766 censet,
1297 1740 1479 1771 quanquam
1501 1729 1567 1772 ipse
1594 1740 1632 1761 ex

973 1791 1035 1811 uno
1050 1780 1148 1811 Basil.
1160 1779 1315 1821 egregiam
1330 1779 1495 1810 lectionem
1506 1779 1633 1820 profert,

974 1839 1080 1870 quam,
1110 1828 1291 1860 Schirachio
1326 1827 1422 1859 etiam
1458 1828 1632 1869 probatam,

974 1878 1138 1919 amplexus
1164 1888 1242 1913 sum,
1270 1878 1348 1907 Arce
1373 1883 1479 1916 patens
1506 1887 1632 1908 summa.

974 1926 1107 1956 Lenzius
1122 1931 1225 1956 autem
1240 1925 1364 1967 praefert
1376 1924 1481 1966 jbcus,
1497 1930 1528 1955 et
1542 1925 1635 1956 intel-

972 1974 1042 2016 ligit
1061 1985 1158 2010 aram,
1176 1974 1208 2004 in
1224 1982 1287 2015 qua
1303 1980 1406 2004 nautae
1422 1979 1494 2004 vota
1515 1984 1569 2015 pro
1583 1984 1632 2004 sa-

973 2024 1038 2054 lute
1062 2023 1220 2054 solverint.
1267 2022 1327 2053 Sed
1352 2033 1412 2052 non
1437 2028 1524 2064 put0,
1548 2032 1632 2052 aram

973 2071 1004 2101 in
1019 2077 1123 2101 monte
1137 2076 1219 2102 recte
1225 2071 1333 2112 focum
1350 2070 1423 2101 dici.
1460 2070 1635 2101 Cacumina

973 2120 1125 2150 montium
1142 2120 1242 2160 poetis
1262 2131 1343 2150 arces
1358 2119 1431 2155 dici,
1447 2129 1540 2162 supra
1555 2119 1634 2150 vidi-

973 2178 1053 2199 mus.
1097 2168 1135 2198 In
1151 2167 1314 2199 cacumine
1331 2168 1442 2199 montis
1460 2168 1554 2209 igitur
1569 2174 1636 2200 erat

973 2219 1072 2247 ardua
1108 2219 1215 2252 turris,
1251 2216 1377 2258 pharus,
1411 2223 1526 2256 patens,
1563 2228 1634 2258 quae

974 2267 1064 2307 longe
1108 2266 1234 2307 lateque
1277 2265 1535 2306 conspiciebatur,
1573 2276 1635 2307 quo

972 2324 1063 2344 sensu
1085 2315 1244 2354 eleganter
1261 2321 1373 2353 putere.
1418 2314 1528 2355 anue
1544 2314 1636 2345 turris

973 2362 1182 2404 nautisfessz's‚
1199 2361 1403 2393 diuturnitate
1418 2362 1537 2393 itineris
1557 2368 1633 2393 tem-

972 2416 1192 2452 pestatumque
1214 2411 1334 2441 saevitia
1349 2410 1539 2452 defatigatis,
1556 2412 1636 2441 Iocus

972 2466 1091 2499 gratus.
1142 2459 1211 2490 Nisi
1238 2460 1332 2500 igitur
1358 2459 1426 2490 haec
1449 2459 1543 2490 lectio
1565 2470 1634 2501 pro-

973 2509 1056 2538 fecta
1073 2513 1119 2538 est
1135 2509 1172 2538 ab
1195 2509 1260 2549 ipso
1277 2508 1403 2543 Ovidio,
1421 2513 1505 2539 certe
1519 2518 1556 2538 eo
1571 2518 1632 2538 non

971 2556 1101 2597 indigna
1116 2557 1246 2587 videtur.
1293 2556 1415 2587 Carinae
1431 2557 1506 2597 ipsae
1527 2567 1543 2587 e
1564 2556 1630 2586 lon-

971 2605 1096 2647 ginquis
1112 2606 1197 2636 terris
1212 2605 1376 2636 redeuntes
1391 2606 1487 2637 etiam
1499 2605 1540 2636 vi.
1553 2605 1629 2637 519.

961 2655 1050 2695 fessae
1065 2661 1224 2691 vocantur,
1241 2661 1275 2686 ut
1290 2654 1310 2686 i.
1327 2655 1499 2696 58⁵2,fessae
1519 2657 1630 2685 errori-

972 2705 1024 2733 bus
1042 2706 1140 2734 undrf-
