1779 3130
406 153 1024 196 METAMORPHOSEON
1059 153 1176 195 LIB.
1208 154 1297 195 XI.

1456 157 1534 197 241

164 267 486 331 Extinctique
505 269 627 330 jube
655 268 838 330 Ceycis
864 268 1078 330 imagine
1105 268 1267 315 mittat

163 343 366 391 Somnia
391 344 452 391 ad
479 343 788 407 Halcyonen,
815 361 955 392 veros
982 344 1225 391 imitantia
1249 345 1442 391 casus.'’

159 419 389 467 Dixerat:
430 420 646 466 induitur
670 421 913 467 velamina
938 421 1070 467 mille
1096 420 1316 466 colorum

156 493 263 549 Iris,
291 502 341 541 et
366 502 572 557 arquato
598 495 777 541 coelum
803 496 1085 542 curvamine
1110 495 1311 556 signans
1436 499 1533 545 590

153 569 310 617 Tecta
333 571 459 633 petit
477 570 603 632 jussi
630 571 721 617 sub
748 587 868 634 rupe
893 572 1098 618 latentia
1123 571 1268 632 regis.

220 645 310 693 Est
334 662 486 709 prope
515 647 808 694 Cimmerios
836 648 981 709 longo
1007 648 1246 710 spelunea
1272 662 1487 703 recessu,

155 720 303 768 Mons
329 737 493 776 cavus,
521 722 681 783 ignavi
707 723 881 769 domus
907 730 959 770 et
983 723 1258 786 penetralia
1285 723 1485 778 Somni3

154 796 265 851 Quo
291 813 545 860 nunquam
570 797 716 844 radiis
741 799 917 854 oriens,
945 799 1216 854 mediusve,
1243 799 1489 846 cadensve

152 872 373 920 Phoebus
398 873 532 919 adire
560 880 743 936 potest:
785 875 981 921 nebulae
1004 875 1215 936 ealigine
1244 875 1410 921 mixtae
1435 877 1530 921 595

151 948 460 995 Exhalantur
485 949 650 1002 humo,
677 949 940 1012 dubiaeque
966 951 1258 1012 crepuscula
1282 950 1421 996 lucis.

154 1023 267 1071 Non
291 1024 409 1086 vigil
435 1025 536 1070 ales
560 1024 626 1070 ibi
652 1025 839 1071 cristati
865 1025 1093 1072 cantibus
1119 1025 1215 1072 oris

193 1120 267 1150 588.
287 1119 374 1149 Veros
392 1120 542 1149 imitantia
559 1119 670 1158 casus]
694 1119 803 1155 Miror,

150 1177 207 1198 nec
223 1168 263 1197 ab
280 1167 408 1198 Heinsio
428 1177 485 1198 nee
504 1177 522 1198 a
537 1168 716 1198 Burmanno
732 1180 804 1198 uar-

148 1218 252 1247 rantia
260 1222 412 1246 mutatum
423 1226 489 1246 esse
501 1216 531 1246 in
544 1218 707 1252 imitantia,
720 1217 803 1257 quod

148 1275 257 1295 novem
286 1264 378 1295 MSS.
408 1264 592 1295 auctoritate
622 1274 654 1294 se
689 1270 804 1301 tuetur,

148 1314 263 1354 ubique
283 1313 345 1343 sere
366 1313 404 1343 de
425 1313 539 1343 somnis
560 1313 724 1344 adhibetur
745 1314 805 1354 (ix.

149 1362 223 1392 480.
267 1362 353 1392 Infra
369 1371 428 1392 ver.
445 1361 506 1392 613
523 1367 553 1391 et
569 1362 651 1399 6263
672 1362 699 1392 I.
715 1362 805 1393 Pont.

148 1411 180 1441 ii.
202 1412 254 1442 45.
278 1412 397 1440 Somnia
420 1422 465 1441 me
489 1417 614 1446 terrent,
637 1422 716 1441 veros
739 1414 804 1442 imi-

148 1461 247 1490 tantia
262 1459 375 1497 casus)
388 1464 482 1500 atque
497 1458 591 1489 etiam
605 1459 716 1489 melius
732 1470 804 1491 con—

147 1507 234 1538 venit
260 1509 308 1548 τῷ
336 1519 435 1543 ιἐνοες
473 1507 536 1537 viii.
565 1508 634 1538 195.
663 1515 699 1538 ut
724 1519 806 1540 verus

148 1559 306 1587 imitentur
330 1567 419 1592 aves,·
444 1556 489 1586 ΙΙ.
510 1566 547 1586 ex
575 1556 675 1587 Ponto
698 1556 719 1586 i.
748 1559 801 1588 37.

150 1616 229 1635 veros
244 1606 395 1635 imitantia
408 1615 516 1634 muros.

190 1655 265 1685 589.
310 1653 593 1693 Indicum—Iris]
643 1654 803 1694 Virgilius,

149 1703 224 1733 AEn.
246 1702 287 1732 iv.
309 1703 382 1732 700.
410 1702 470 1732 Iris
493 1705 600 1732 croceis
624 1714 676 1741 per
699 1705 803 1734 caelum

148 1753 263 1782 roscida
289 1753 405 1790 pennis,
436 1751 524 1781 Mille
560 1752 680 1781 trahens
709 1755 805 1783 varios

146 1802 268 1830 adverso
304 1801 361 1829 sole
399 1799 518 1834 colores,
550 1799 700 1829 Devolut:
739 1801 803 1832 vid.

146 1848 240 1878 etiam
256 1848 324 1879 Jul.
339 1847 479 1887 Scaliger
498 1847 628 1878 exercit.
645 1849 698 1878 80.
742 1851 801 1879 Ar·

143 1903 245 1938 quato-
279 1895 401 1926 Nonius
414 1896 493 1926 inter
508 1907 612 1926 arcum
628 1902 659 1927 et
674 1908 802 1937 arquitm

143 1945 317 1987 distinguit,
349 1945 433 1986 quod
463 1944 541 1975 alter
570 1945 718 1976 fornicem
748 1947 800 1977 de—

143 1995 256 2036 signet,
272 1993 350 2024 alter
363 1993 492 2024 Iridem.
532 1993 601 2024 Hac
618 1995 801 2026 auctoritate

144 2043 256 2074 ductus
269 2042 415 2073 Heinsius
428 2051 553 2082 arquato
565 2043 693 2084 recepit,
705 2054 800 2084 quum

142 2090 248 2122 caeteri
271 2091 362 2120 MSS.
386 2090 521 2121 habeant
542 2097 655 2127 arctico,
676 2100 802 2123 arcuato

144 2145 200 2171 aut
217 2139 316 2170 aliter.
359 2139 421 2169 Sed
440 2139 518 2169 illud
537 2139 702 2170 discrimen
723 2141 800 2171 finx-

144 2194 235 2219 erunt
250 2187 466 2222 Grammatici,
487 2193 623 2218 veterum
643 2188 725 2219 enim
747 2189 800 2219 alii

144 2247 235 2268 arcus
267 2235 454 2271 scribebant,
492 2235 544 2265 alii
581 2247 705 2275 arquos.
749 2236 800 2268 Sic

145 2287 374 2325 Arquitenentes
403 2284 506 2313 Diana
531 2290 558 2314 et
585 2285 692 2322 Apollo
717 2285 800 2326 apud

143 2332 318 2365 Arnobium
339 2331 409 2362 adv,
430 2332 527 2362 Gent.
546 2331 567 2361 i.
586 2343 619 2373 p.
643 2333 695 2363 20.
740 2334 799 2363 Ar-

143 2389 253 2422 quatus
272 2380 366 2422 igitur
383 2380 447 2411 sive
463 2387 607 2410 arcuatus
627 2388 674 2411 est
694 2381 724 2411 in
741 2381 801 2411 sor-

144 2441 227 2462 mam
248 2440 338 2461 arcus
357 2430 471 2466 flexus3
496 2429 656 2470 Virgilius,
676 2432 751 2461 AEm.
771 2442 800 2461 v.

144 2481 220 2513 609.
236 2480 298 2510 Illa
315 2481 391 2510 viam
407 2480 538 2510 celerans
555 2490 608 2517 per
626 2481 706 2510 mille
724 2482 798 2510 colo—

144 2530 225 2559 ribus
247 2539 362 2563 arcum,
384 2527 476 2557 Nulli
493 2529 565 2564 visa,
586 2530 643 2559 cito
666 2530 799 2559 decurrit

146 2579 265 2608 tramite
280 2578 373 2618 virgo.

188 2626 261 2657 592.
309 2626 363 2656 Est
389 2636 478 2665 prope
508 2626 689 2661 Cimmerios,
719 2626 797 2667 etc.]

146 2674 230 2705 Aula
243 2674 347 2704 Somni
363 2675 430 2704 loco
453 2674 620 2715 caliginoso
640 2675 700 2706 sita
720 2680 797 2709 erat,

190 2722 290 2752 VOL.
306 2722 366 2752 IV.

872 1121 997 1151 carebat
1012 1121 1166 1156 omnibus,
1185 1132 1254 1162 quoe
1270 1120 1432 1162 strepitum
1449 1120 1531 1150 face-

872 1176 962 1207 rent3
986 1169 1122 1200 habebat
1143 1180 1191 1206 ea,
1207 1181 1275 1211 quae
1296 1180 1436 1201 somnum
1457 1180 1530 1199 con-

872 1217 1024 1248 ciliarent.
1043 1217 1206 1253 Cimmerii,
1217 1218 1351 1260 populus
1361 1217 1530 1253 fabulosus,

872 1276 965 1306 quem
991 1267 1114 1297 aeternis
1137 1267 1271 1297 tenebris
1293 1273 1324 1297 et
1346 1266 1467 1297 nebulis
1485 1265 1530 1295 in-

874 1315 1011 1345 volutum
1023 1315 1062 1345 ad
1076 1315 1153 1346 fines
1167 1315 1286 1346 Oceani
1297 1314 1438 1345 habitare
1449 1314 1533 1344 cauit

874 1364 1039 1399 Homerus,
1056 1363 1120 1394 Od.
1137 1368 1177 1394 A.
1199 1365 1235 1394 13
1250 1375 1318 1404 sqq.
1335 1363 1388 1404 qui
1403 1368 1449 1393 est
1466 1363 1532 1392 sons

873 1411 966 1452 hujus
986 1411 1112 1443 fabulae.
1156 1412 1247 1444 Conf.
1262 1411 1417 1446 Tibullus,
1435 1411 1495 1441 IV.
1511 1410 1532 1441 i.

872 1461 935 1498 643
966 1461 1112 1491 Valerius
1143 1461 1227 1491 Flac.
1256 1460 1300 1491 iii.
1327 1461 1401 1491 398.
1445 1458 1528 1490 Hinc

875 1511 1038 1540 Cimmerici>
1063 1511 1184 1540 tenebra>
1208 1509 1366 1540 dicuntur.
1411 1509 1528 1550 Specus

871 1559 1086 1589 subterraneos
1114 1559 1192 1590 inter
1220 1558 1315 1599 Bajas
1343 1563 1375 1588 et
1400 1557 1529 1593 Cumas,

871 1606 972 1648 prisca
994 1613 1086 1638 aetate
1107 1608 1145 1638 ab
1166 1605 1340 1637 hominibus
1362 1605 1528 1640 habitatos,

869 1654 1018 1695 originem
1048 1655 1161 1686 fabulae
1199 1655 1335 1690 dedisse,
1367 1658 1530 1685 monuerat

870 1704 1011 1745 Ephorus
1025 1705 1184 1735 Cumanus
1197 1717 1205 1741 3
1228 1704 1299 1734 vide
1314 1703 1458 1735 strabon.
1471 1703 1528 1733 lib.

870 1763 898 1782 v.
913 1763 944 1793 p.
960 1753 1034 1782 374..
1079 1752 1241 1793 Quidquid
1256 1752 1305 1788 sit,
1319 1751 1480 1782 commode
1496 1751 1528 1781 in

869 1808 932 1831 tam
955 1801 1124 1842 caliginosa
1154 1802 1223 1832 loca
1244 1800 1393 1832 translata
1420 1799 1527 1830 Somni

870 1849 955 1880 aula.

911 1899 986 1928 594.
1036 1898 1100 1931 Quo
1129 1909 1285 1937 nunquam
1310 1898 1415 1933 radiis,
1445 1897 1524 1937 etc.]

869 1946 1029 1987 Expressit
1072 1946 1199 1976 Homeri
1245 1944 1362 1975 dictum
1400 1945 1523 1976 locum:

870 1993 940 2025 οὐδέ
957 1993 1027 2025 ποτ’
1043 1995 1162 2031 αὐτοὺς
1183 1993 1297 2030 Ηὲλιος
1311 1993 1438 2034 φαέθων
1457 1994 1525 2025 ἐπι-

870 2042 1012 2083 δέρκεται
1040 2042 1236 2077 ἀκτίνεσσιν,
1269 2041 1342 2073 Οὐδ’
1367 2042 1457 2073 ὁπότ’
1481 2043 1525 2074 ἂν

868 2092 1013 2133 στείχῃσι
1039 2092 1120 2131 πρὸς
1148 2091 1293 2131 οὐρανὸν
1317 2090 1526 2132 ἀστερόεντα,

869 2140 942 2171 ow
957 2140 1042 2171 ὅταν
1056 2139 1104 2181 ἂψ
1120 2139 1173 2170 ἐπὶ
1195 2140 1296 2180 γαῖαν
1310 2138 1370 2169 εἶπ’
1389 2140 1525 2182 οὐρανό-

869 2189 924 2220 Θεν
944 2187 1191 2229 προτράπηται.
1238 2187 1330 2218 Conf.
1348 2188 1525 2229 Virgilium,

869 2237 985 2278 Georg.
1000 2237 1043 2267 iii.
1061 2238 1135 2267 537.
1169 2236 1271 2266 Etiam
1285 2236 1450 2272 Hesiodus,
1463 2238 1523 2268 Th.

869 2285 940 2316 755.
956 2285 1010 2326 qui
1029 2286 1175 2315 Somnum
1196 2291 1228 2314 et
1247 2285 1394 2319 Mortem,
1415 2285 1526 2315 Noctis

868 2333 991 2368 liberos,
1014 2333 1046 2363 in
1069 2334 1170 2363 Erebo
1193 2332 1290 2373 ponit,
1313 2332 1423 2362 iisdem
1445 2333 1521 2369 fere,

868 2382 981 2423 quibus
1017 2382 1183 2417 Homerus,
1218 2381 1319 2410 verbis
1356 2391 1427 2410 usus
1464 2389 1522 2412 est.

870 2430 1054 2470 Crepusculo
1084 2440 1145 2460 non
1173 2430 1363 2460 exhalantur.
1411 2429 1523 2471 Itaque

867 2489 981 2513 rursus,
1002 2489 1086 2509 more
1108 2483 1278 2519 poetarum,
1299 2477 1337 2507 de
1359 2488 1420 2518 quo
1439 2488 1521 2519 saepe

863 2527 928 2568 jam
958 2527 1101 2562 vidimus,
1128 2526 1189 2556 duo
1214 2526 1335 2557 diversa
1359 2536 1444 2557 voce.
1468 2527 1521 2557 uni

868 2576 960 2606 verbo
986 2575 1124 2606 addidit:
1153 2576 1248 2605 ‹lubia›
1273 2576 1359 2611 lucis,
1386 2575 1458 2606 vide
1479 2576 1520 2607 iv.

868 2625 930 2654 400
944 2634 1010 2665 seq.

911 2673 984 2704 597.
1011 2673 1091 2708 Ales,
1111 2673 1213 2713 gallus
1237 2672 1439 2713 gallinaceus,
1468 2673 1520 2714 qui

996 2720 1033 2750 Ii
