1779 3130
373 165 995 207 METAMORPHOSEON
1028 165 1147 207 LIB.
1179 167 1269 207 IX.
1456 168 1511 209 91

127 280 352 327 Solverat
368 280 682 343 Eurystheus
701 298 710 336 ;
730 280 1002 342 odiumque
1022 280 1070 326 in
1086 281 1223 343 prole
1244 287 1508 344 paternum

124 355 405 404 Exercebat
429 365 570 403 atrox
592 374 602 404 ε
643 364 693 403 at
719 357 876 417 longis
903 357 1051 403 anxia
1075 357 1206 404 curis

1410 360 1506 404 275

121 432 317 495 Argolis
346 433 602 488 Alcmene,
629 440 838 495 questus
860 433 943 478 ubi
969 439 1121 495 ponat
1146 433 1316 489 aniles,

121 509 215 555 Cui
242 509 420 556 referat
444 509 548 555 nati
575 515 785 555 testatos
811 509 930 555 orbe
955 509 1170 563 labores,

119 585 274 633 Cuive
295 603 409 633 suos
435 602 596 640 casus,
621 585 759 632 Iolen
785 585 951 632 habet.

1015 584 1247 631 Herculis
1275 585 1408 633 illam

120 661 366 725 Imperiis,
383 663 702 724 thalamoque
728 662 995 724 animoque
1016 668 1273 724 receperat
1290 661 1470 724 Hyllus
1489 681 1499 718 3

118 737 453 801 Impleratque
473 746 667 786 uterum
685 755 927 800 generoso
944 739 1165 800 germine
1186 756 1195 786 :
1218 739 1297 785 cui
1314 738 1384 785 sic
1408 743 1504 786 280

118 813 302 877 Incipit
323 815 563 862 Alcmene
586 832 595 862 :
627 815 844 862 Faveant
868 815 957 861 tibi
985 814 1188 861 numina
1212 816 1405 869 saltem,

117 890 500 954 Corripiantque
526 908 702 947 moraS‚
730 899 835 938 tum
862 908 1015 954 quum
1037 899 1230 938 matura
1253 892 1453 939 vocabis

117 965 444 1030 Praepositam
465 968 650 1014 timidis
677 967 984 1030 parientibus
1013 967 1284 1030 Ilithyiam,

118 1043 279 1096 Quam
305 1045 424 1090 mihi
450 1045 700 1091 difficilem
727 1044 936 1091 Junonis
964 1045 1121 1106 gratia
1144 1044 1278 1090 fecit.

115 1187 192 1217 orbe
209 1194 273 1217 tene
289 1189 393 1218 medio.
422 1188 618 1228 Eurystheus,
633 1188 772 1220 Stheneli

114 1235 205 1270 filius,
217 1236 345 1266 ultimus
357 1242 547 1278 posterorum
562 1237 682 1272 Persei,
697 1249 772 1268 non-

112 1284 186 1314 dum
215 1284 401 1326 deposuerat
430 1285 504 1315 iram
542 1287 668 1324 (solvet-e
697 1289 769 1322 iras,

112 1340 231 1368 metum,
253 1335 407 1373 pudorem,
427 1340 488 1364 etc.
511 1334 648 1365 formulae
665 1342 771 1376 poeta-

113 1394 179 1414 rum
215 1385 359 1415 solennes
388 1395 453 1426 pro,
488 1385 604 1415 solvere
634 1386 771 1416 animum

113 1439 209 1469 metu,
227 1433 281 1465 ira.
328 1434 471 1465 Affectus
494 1434 576 1465 euim
602 1435 695 1465 veluti
718 1436 769 1466 fixi

112 1482 230 1513 haerent
256 1483 287 1514 iu
316 1483 455 1521 anim0;)
491 1486 647 1524 odiumque
669 1491 770 1523 puter-

112 1543 193 1567 unm,
217 1533 248 1562 in
271 1537 390 1574 patrem
415 1538 610 1574 conceptum,
635 1535 665 1563 in
687 1536 770 1572 prole

111 1583 193 1623 (pro,
218 1584 249 1612 in
270 1583 392 1622 prolem.
429 1581 512 1613 Vide
537 1582 768 1619 Burmannum)

111 1629 141 1660 in
162 1638 300 1671 posteros
324 1630 470 1661 Herculis
494 1631 670 1665 exercebat,
693 1642 770 1672 quos

111 1689 204 1719 regno
224 1690 279 1709 suo
299 1679 430 1721 expulit,
447 1678 766 1720 Atheniensibusque,

110 1728 163 1768 qui
180 1738 232 1757 eos
247 1733 438 1769 receperant,
452 1728 570 1758 bellum
592 1728 623 1757 in
639 1728 721 1764 tulit,
738 1728 770 1759 in

110 1787 172 1817 quo
196 1776 262 1817 ipse
288 1787 358 1806 cum
384 1776 456 1806 filiis
480 1776 592 1817 periit3
624 1776 770 1818 Apollod.

111 1825 165 1856 lib.
179 1825 223 1856 ΙΙ.
240 1825 303 1855 viii.
321 1826 347 1855 l.
382 1828 486 1861 Atrox,
503 1825 598 1861 ferus,
615 1825 769 1862 immanis,

109 1873 163 1915 qui
184 1874 288 1904 odium
313 1884 373 1904 non
393 1873 521 1904 finiebat
543 1879 641 1904 morte
663 1874 769 1910 hostis,

108 1922 163 1953 sed
178 1923 209 1954 in
228 1929 365 1964 posteros
383 1933 507 1964 quoque
527 1922 696 1953 immeritos
714 1933 767 1953 ex·

108 1972 244 2003 ercebat.

152 2022 225 2052 275.
249 2020 362 2062 Longis
386 2022 477 2055 curis,
507 2020 600 2060 longa
624 2030 766 2050 curarum

107 2070 197 2101 serie.
227 2071 375 2104 Alcmene,
392 2068 597 2109 Electryonis.
614 2069 765 2109 Mycena-

108 2130 174 2150 rum
189 2119 222 2150 in
244 2120 388 2160 Argolide
407 2118 498 2158 regis,
515 2118 588 2153 filia,
612 2118 695 2148 Iolen
711 2118 765 2148 ha-

107 2170 160 2199 bet
180 2167 411 2202 convictricem,
427 2168 489 2203 ubi,
506 2167 589 2208 apud
609 2177 713 2208 quarn,
733 2167 765 2198 in

108 2217 197 2258 cujus
223 2215 292 2246 sinu
318 2222 419 2255 ponat,
449 2215 594 2257 deponat,
625 2216 766 2247 effundat

109 2271 236 2308 questus
252 2266 355 2300 aniles,
371 2264 421 2294 vel
438 2264 549 2295 auibus
564 2265 703 2300 usitatos,
717 2266 765 2296 vel

108 2313 233 2345 omnino
259 2324 340 2344 suos.
389 2313 518 2343 Testatos
542 2315 619 2349 orbe,
643 2313 676 2343 in
703 2319 766 2344 toto

107 2370 257 2395 terrarum
281 2363 368 2397 orbe,
386 2362 417 2392 in
439 2362 688 2403 disiunctissimis
706 2369 766 2393 ter—

107 2414 146 2443 ris
157 2416 361 2453 perpetratos.
383 2411 511 2446 Seneca,
523 2411 616 2441 Herc.
630 2411 702 2441 Fur.
713 2412 765 2441 36.

106 2473 164 2501 qna
187 2462 279 2490 lucem
300 2462 409 2499 premit
433 2461 595 2499 Aperitque
616 2459 766 2501 Thethys,

106 2511 252 2540 indomita
277 2511 375 2539 virtus
400 2509 521 2544 colitur,
546 2515 573 2538 et
600 2514 658 2538 toto
682 2509 764 2538 Deus

107 2565 256 2588 narratur
287 2559 362 2588 orbe.
408 2558 520 2593 Locus,
556 2557 608 2587 ubi
646 2558 764 2598 aliquid

108 2613 227 2648 gestum
251 2612 308 2642 est,
332 2617 394 2637 rem
417 2607 505 2636 illam
529 2609 632 2636 testari
656 2617 765 2637 monu-

107 2656 218 2686 mentis
229 2655 416 2697 quibusdam
428 2655 563 2693 dicitur;
584 2655 763 2686 conserano-

109 2710 169 2735 rat.
185 2705 230 2735 11.
246 2703 308 2735 od.
324 2704 422 2741 i.·3l;
446 2705 504 2734 lv.
519 2704 558 2735 iv.
575 2705 626 2734 38.

883 1190 956 1219 279.
973 1189 1119 1227 Imperiis,
1132 1187 1269 1229 imperio.
1281 1187 1501 1228 Apollodorus,

840 1239 870 1269 d.
891 1239 913 1268 l.
928 1239 1010 1269 κατὰ
1032 1239 1096 1276 τὴν
1117 1239 1173 1268 τοῦ
1196 1238 1323 1278 πατρὸς
1345 1236 1499 1274 ἐντολήν.

840 1288 932 1328 Regii
950 1287 1042 1318 nostri
1060 1287 1204 1322 Codices,
1220 1288 1361 1325 imperiis.
1388 1286 1499 1316 Thala—

840 1349 884 1366 mn
908 1339 1039 1376 recipere
1060 1347 1143 1367 nunc
1165 1336 1204 1366 de
1227 1335 1383 1377 conjugio,
1405 1334 1499 1365 inter-

839 1385 913 1416 dum
941 1386 980 1416 de
1009 1396 1070 1416 uno
1098 1385 1268 1416 concubitu
1302 1384 1500 1425 capiendum.

840 1435 995 1477 Hyginus,
1026 1435 1089 1465 fab.
1118 1435 1171 1464 29.
1203 1435 1367 1464 Alcumena,
1396 1434 1499 1463 Jovem

839 1486 977 1515 thalamis
1000 1485 1122 1523 recepit.
1171 1484 1278 1513 Animo
1301 1483 1440 1521 recipere,
1465 1492 1498 1511 a-

838 1544 933 1564 mare.
960 1533 1084 1573 Hyllus,
1101 1532 1247 1562 Herculis
1263 1542 1279 1561 e
1295 1531 1448 1572 Dejanira
1463 1531 1497 1560 fi-

838 1583 897 1613 lius
906 1588 980 1613 natu
991 1582 1099 1623 major.
1127 1582 1254 1612 German
1269 1581 1308 1611 (le
1321 1580 1498 1621 embryone.

879 1633 953 1662 281.
985 1631 1119 1661 Fareant
1148 1631 1200 1660 tibi
1225 1628 1381 1668 numium]
1416 1629 1497 1659 Cum

836 1681 925 1711 bonis
933 1680 1012 1711 votis
1023 1679 1142 1721 incipit.
1168 1679 1308 1718 Ilithyia,
1322 1677 1496 1713 Εἰλείθυια,

838 1729 953 1764 Diana,
977 1739 1045 1769 quae
1068 1738 1198 1769 praeesse
1215 1727 1366 1769 partubus
1390 1726 1497 1756 crede-

836 1778 940 1811 batur,
977 1776 1060 1818 quod
1098 1776 1118 1805 ii
1157 1780 1368 1805 maturescunt
1405 1774 1499 1805 certis

838 1828 932 1858 Lunae
955 1827 1041 1867 (quae
1067 1826 1176 1856 eadem
1196 1835 1267 1855 cum
1290 1823 1412 1860 Diana)
1429 1835 1498 1855 cur-

834 1876 936 1913 sibus3
961 1875 1114 1905 Romanis
1140 1874 1260 1904 Lucina
1281 1879 1312 1903 et
1331 1873 1414 1903 szo
1431 1874 1496 1903 Lu-

834 1927 903 1955 cina
933 1924 1040 1961 dicta3
1065 1923 1133 1954 Cic.
1156 1923 1200 1952 N.
1228 1923 1271 1952 D.
1296 1921 1328 1952 ii.
1352 1922 1406 1952 27.
1450 1923 1497 1953 Ea

834 1984 931 2014 quum
955 1974 1080 2012 corripit
1108 1982 1214 2006 moras,
1245 1970 1402 2001 accelerat
1425 1981 1496 2012 par-

834 2028 911 2057 tum,
937 2021 1117 2061 ὼκυλόχεια
1140 2019 1260 2050 Graecis
1283 2018 1407 2054 dicitur,
1433 2031 1496 2049 ma-

835 2077 917 2106 tura,
936 2070 1039 2100 vicina
1056 2068 1171 2111 partui,
1195 2074 1229 2098 ut
1249 2067 1366 2099 Justin.
1383 2067 1447 2098 xiii.
1463 2069 1494 2099 2.

834 2119 874 2149 Et
901 2125 948 2149 est
975 2119 1105 2148 verbum
1142 2116 1300 2158 proprium
1329 2116 1495 2146 mulierum

833 2168 1042 2208 gravidarum,
1066 2166 1190 2207 quibuS,
1217 2171 1304 2207 tropo
1325 2175 1344 2194 a
1366 2165 1495 2195 foetibus

834 2218 978 2247 arborum
1015 2216 1123 2257 petito,
1152 2221 1305 2245 maturum
1332 2225 1405 2243 onus
1441 2219 1496 2244 aut

830 2267 956 2306 pondus,
972 2271 1110 2295 maturus
1128 2271 1243 2299 venter,
1266 2265 1380 2293 maturi
1402 2265 1494 2299 nisus,

833 2320 894 2345 etc.
918 2313 1105 2344 tribuuntur.
1155 2313 1284 2345 Vocabis,
1309 2309 1492 2341 invocabis:

833 2365 918 2395 Juno
934 2363 1065 2397 Lucina,
1083 2362 1127 2392 fer
1141 2371 1242 2402 opem,
1260 2360 1386 2390 obsecro
1402 2359 1408 2388 !
1443 2359 1492 2389 Ti-

833 2414 942 2448 midis;
966 2410 1082 2453 primus
1106 2410 1254 2441 Vatican.
1275 2414 1307 2439 et
1326 2407 1492 2439 duodecim

835 2461 887 2491 alii
904 2462 1038 2495 tumidis,
1054 2459 1137 2500 quod
1152 2469 1225 2489 sane
1241 2457 1280 2488 de
1294 2456 1492 2499 parturienti-

831 2511 901 2540 bus.
927 2509 1032 2539 Nostri
1049 2507 1140 2549 Regii
1160 2509 1283 2537 timidis.
1332 2506 1493 2547 Utsacilis

833 2559 921 2588 Deus
937 2563 982 2597 (v.
999 2558 1089 2591 559.)
1106 2555 1158 2597 qui
1175 2555 1266 2586 facile
1282 2554 1408 2585 exaudit
1422 2565 1491 2596 pre-

832 2618 894 2642 ces,
911 2606 1025 2636 auxilio
1040 2616 1095 2635 suo
1109 2615 1245 2646 praesens
1259 2609 1316 2638 est,
1328 2603 1371 2633 sic
1384 2609 1492 2634 contra

832 2655 965 2695 difficilis
992 2655 1074 2689 Dea,
1103 2664 1173 2694 quae
1213 2651 1364 2684 auxilium
1400 2661 1490 2683 suum

834 2704 978 2736 deneeat.
