1779 3130
196 180 279 221 :268
587 179 636 218 P.
671 177 883 218 OVIDII
917 177 1196 218 NASONIS

203 294 314 347 Qua
339 301 505 339 tamen
530 293 656 338 ictus
683 298 802 346 erat,
822 291 1072 353 signatum
1099 290 1338 353 sanguine
1359 290 1589 353 Cycnum

199 369 422 423 Viderat,
451 375 501 416 et
524 368 707 415 frustra
730 369 889 415 fuerat
913 369 1110 431 gavisus
1136 367 1387 414 Achilles:
1500 370 1591 413 126

202 445 395 491 Vulnus
422 452 527 491 erat
551 445 771 500 nullum;
813 445 1014 507 sanguis
1041 452 1146 491 erat
1170 444 1252 490 ille
1281 442 1531 490 Menoetae.

203 521 331 567 Tum
356 537 470 568 vero
501 537 739 584 praeceps,
767 537 911 567 curru
936 521 1295 568 fremebundus
1323 521 1385 567 ab
1411 521 1526 575 alto,

206 597 402 653 Desilit,
430 605 481 644 et
505 597 662 644 nitido
682 613 912 643 securum
938 598 1161 644 cominus
1187 597 1383 643 hostem

206 673 340 719 Ense
362 681 554 736 petens,
568 689 791 736 parmam
807 674 989 734 gladio,
1008 674 1303 735 galeamque
1319 673 1482 720 cavari
1506 675 1597 718 130

208 750 396 804 Cernit,
424 758 474 796 et
499 750 547 795 in
573 750 695 796 duro
717 749 829 795 laedi
852 766 1053 812 quoque
1079 765 1283 812 corpore
1306 749 1505 795 ferrum.

207 825 355 872 Haud
382 826 495 872 tulit
521 826 727 872 ulterius
749 844 758 882 ;
799 826 1080 888 clypeoque
1106 826 1313 872 adversa
1337 825 1543 872 reducto

208 901 318 955 Ter,
347 909 524 964 quater
549 917 636 949 ora
659 902 764 957 viri,
793 902 972 964 capulo
997 917 1118 948 cava
1152 909 1380 964 tempora
1404 902 1595 964 pulsat3

210 979 527 1041 Cedentique
554 995 768 1041 sequens
795 980 963 1034 instat,
991 980 1280 1041 turbatque,
1307 979 1523 1041 ruitque,

210 1054 539 1118 Attonitoque
566 1064 716 1117 negat
742 1056 988 1118 requiem:
1018 1071 1168 1118 pavor
1192 1062 1406 1118 occupat
1431 1055 1585 1109 illum,

208 1132 341 1180 Ante
367 1133 641 1195 oculosque
667 1140 841 1179 natant
866 1132 1099 1186 tenebrae,
1127 1139 1358 1194 retroque
1383 1131 1559 1178 ferenti

212 1208 426 1255 Aversos
450 1226 642 1272 passus,
670 1210 834 1257 medio
859 1209 984 1272 lapis
1005 1209 1198 1256 obstitit
1223 1225 1352 1256 arvo.

215 1284 377 1338 Quem
403 1282 552 1348 super
577 1286 844 1349 impulsum
871 1286 1104 1349 resupino
1126 1294 1326 1349 pectore
1354 1285 1584 1348 Cycnum

213 1360 276 1406 Vi
301 1362 456 1408 multa
479 1362 642 1417 vertit,
666 1370 910 1425 terraeque
937 1361 1109 1408 afflixit
1134 1361 1372 1408 Achilles.
1512 1363 1602 1407 139

214 1436 357 1493 Tum,
377 1438 554 1501 clypeo
576 1439 888 1502 genibusque
910 1455 1141 1502 premens
1161 1438 1435 1502 praecordia
1449 1437 1602 1492 duris,

215 1513 391 1561 Vincla
412 1515 565 1561 trahit
589 1517 770 1577 galeae3
812 1533 923 1579 quae
950 1533 1122 1580 presso
1144 1516 1344 1563 subdita
1368 1522 1535 1562 mento

273 1695 345 1724 126.

410 1695 695 1737 Viderat—gavisus
731 1697 874 1737 fuerat]

221 1742 393 1784 Plusquam
421 1745 560 1784 perfecta
586 1756 657 1776 curn
682 1744 799 1775 dilectu
825 1756 879 1786 po-

218 1797 287 1822 sita.

947 1700 1022 1728 AEn.
1049 1699 1089 1729 ix.
1109 1700 1181 1729 423.
1204 1699 1237 1728 in
1262 1708 1338 1728 vai-r.
1363 1697 1437 1728 lect.
1484 1697 1608 1727 Cedenti

946 1758 1000 1787 pro
1025 1749 1172 1778 cedentem
1198 1747 1286 1777 dedit
1310 1746 1476 1784 Heinsius;
1512 1756 1606 1787 quem

949 1794 1020 1824 vide
1043 1795 1083 1824 ad
1110 1795 1330 1831 Claudianum,
1352 1793 1384 1825 in
1408 1794 1486 1825 Ruf.
1511 1794 1531 1825 i.
1553 1795 1608 1825 35.

267 1842 338 1871 128.
367 1841 510 1881 Praeeeps,
521 1841 674 1877 celeriter,
690 1841 816 1883 rapide;
838 1841 882 1872 iii.

220 1891 490 1929 694.7›1·(zcz'pi1en1
513 1901 630 1928 rapere.
678 1890 772 1925 Laedi,
788 1890 884 1920 hebe-

221 1939 279 1969 tari
305 1946 358 1969 aut
379 1949 486 1969 crenas
508 1938 634 1969 ducere.
683 1939 724 1968 Et
741 1941 772 1969 in
796 1942 883 1975 duro,

222 1994 282 2018 etc.
293 1988 386 2028 paulo
402 1987 563 2018 obscurius
572 1998 762 2029 expressum.
786 1988 885 2018 Arma

222 2036 349 2077 quidem
366 2036 534 2066 adversarii
547 2035 662 2066 laedere
675 2037 756 2066 ensis
771 2037 883 2078 potuit,

222 2086 275 2116 sed
291 2096 352 2115 non
367 2087 480 2127 ipsum.
524 2085 628 2116 Lenzii
640 2086 735 2116 frater
750 2086 884 2126 corrigit,

222 2141 255 2164 at
271 2137 302 2164 in
314 2137 400 2165 ‹lui-n.
446 2135 519 2165 Non
535 2135 626 2165 male.

268 2186 340 2214 132.
382 2184 685 2224 Clamo—reducta]
728 2184 884 2225 Clypeum

228 2233 401 2264 identidem
428 2233 572 2274 impingit
596 2232 627 2263 in
649 2233 749 2274 Cycni
776 2233 887 2264 os‘ad-

227 2292 361 2317 versum,
378 2288 409 2312 et
425 2288 494 2323 post
509 2282 647 2322 singulos
666 2281 748 2312 ictus
769 2282 890 2313 reducit

227 2331 266 2361 ad
290 2341 333 2366 se,
350 2330 506 2371 simulque
525 2331 639 2372 capulo
660 2330 749 2360 saevit
770 2330 801 2360 in
823 2331 890 2372 ejus

225 2386 375 2421 tempora.
421 2379 471 2409 Ita
491 2386 575 2410 recte
597 2379 700 2409 locum
720 2379 889 2410 restituisse

227 2430 356 2459 arbitror
380 2428 555 2459 Heinsium.
602 2428 687 2458 Prior
711 2428 793 2459 enim
818 2439 887 2459 sen-

226 2477 325 2508 tentia
338 2477 417 2507 bene
435 2477 579 2507 convenit
594 2476 718 2517 ingenio
734 2476 884 2512 Nasonis,

227 2526 280 2566 qui
292 2526 369 2556 solet
383 2525 427 2555 ita
441 2525 611 2567 exprimere
626 2532 730 2566 gestus
745 2536 886 2566 pugnan-

228 2574 304 2603 tium
332 2574 512 2614 (Virgilius,
530 2574 656 2604 ffimeid.
672 2573 716 2604 xi.
733 2575 806 2605 605.
821 2576 885 2604 has-

230 2630 330 2662 tasque
352 2625 482 2653 reductis
500 2623 561 2653 Pru
571 2626 697 2653 tendunt
718 2625 802 2664 longe
817 2626 886 2653 dei·-

229 2671 312 2709 tris‚)
340 2671 420 2701 sicut
448 2671 597 2712 posterior
621 2671 714 2702 furori
743 2671 888 2702 Achillis.

231 2719 281 2750 De
306 2720 397 2750 verbo
424 2722 564 2751 reduc-ene
588 2721 650 2752 vid.
674 2721 817 2761 Heynius
846 2721 886 2751 ad

952 1843 1070 1872 Instare
1090 1845 1219 1874 verbum
1243 1844 1390 1880 militare,
1408 1843 1491 1885 quod
1513 1854 1609 1885 oppo-

951 1890 1035 1921 nitur
1051 1892 1099 1931 τῷ
1115 1894 1226 1922 cedere.

1000 1940 1071 1970 136.
1097 1942 1176 1970 Ante
1201 1943 1295 1972 oculos
1321 1948 1429 1972 natant
1456 1941 1608 1981 tenebrae]

952 1988 1047 2029 Apud
1064 1988 1234 2018 Homerum
1255 1989 1426 2031 simplicius
1447 2000 1506 2020 nox
1532 1990 1611 2031 tegit

952 2038 1059 2068 oculos
1082 2037 1290 2068 morientium.
1335 2039 1402 2069 Hoc
1424 2040 1611 2069 exornarunt

952 2086 1055 2116 Latini
1080 2091 1192 2127 poetae,
1213 2092 1374 2126 praeeunte
1396 2087 1550 2123 Lucretio,
1568 2087 1613 2118 iii.

953 2136 1031 2166 479:
1061 2142 1168 2166 natant
1188 2143 1312 2176 propter
1326 2135 1528 2166 fluctuantem
1543 2147 1609 2167 mo-

952 2190 1039 2223 tum;
1063 2195 1156 2226 supra
1171 2196 1200 2214 v.
1217 2185 1267 2214 71.
1283 2183 1342 2226 ipsi
1361 2186 1440 2214 oculi
1457 2185 1509 2214 sub
1528 2193 1612 2217 nocte

956 2240 1076 2269 natant,
1093 2239 1128 2264 ut
1143 2233 1226 2275 apud
1244 2233 1422 2273 Virgilium,
1438 2233 1554 2274 Georg.
1567 2235 1611 2265 iv.

956 2283 1029 2313 496.
1041 2284 1196 2322 conditque
1208 2284 1347 2311 natantia
1359 2282 1473 2312 lumina
1483 2292 1612 2319 somnus,-

956 2330 1060 2367 Silius,
1072 2331 1104 2361 ii.
1118 2332 1186 2361 122.
1196 2342 1350 2370 pari-aque
1362 2331 1533 2370 oculosjam
1549 2332 1615 2362 luce

957 2387 1108 2410 natantes.
1155 2380 1218 2410 Sed
1245 2390 1328 2410 nunc
1359 2380 1507 2415 tenebrae,
1536 2390 1615 2421 quas

954 2440 1051 2470 pavor
1066 2429 1184 2470 objicit.

1001 2479 1071 2508 141.
1099 2478 1215 2513 Vincla,
1232 2478 1339 2518 ὀχεὺς,
1354 2477 1466 2512 lorum,
1483 2487 1544 2517 quo
1558 2487 1615 2517 ga-

955 2527 1006 2557 lea
1020 2526 1176 2567 ligabatur
1191 2527 1248 2557 sub
1265 2532 1381 2556 mento.
1428 2526 1505 2556 Haec
1522 2527 1614 2563 trahi,

955 2575 1123 2616 constringi
1143 2575 1296 2606 interdum
1318 2574 1438 2605 solebat
1460 2585 1478 2605 a
1491 2575 1614 2605 victori-

955 2624 1027 2662 bus;
1053 2625 1218 2659 Homerus,
1242 2624 1281 2654 ΙΙ.
1305 2628 1339 2655 Γ.
1364 2624 1437 2653 371.
1483 2624 1613 2654 Etidnnt

953 2675 1143 2713 —eripz'zmt.
1173 2673 1322 2704 Heinsius
1337 2673 1386 2703 vel
1401 2672 1506 2703 invitis
1521 2673 1614 2703 MSS.

953 2721 1152 2753 scribendum
1177 2728 1284 2753 censet
1309 2723 1611 2760 elidant-eripiant.
