1779 3130
391 157 1008 199 METAMORPHOSEON
1042 158 1160 199 LIB.
1192 158 1326 199 XIV.

1462 161 1547 201 :387

167 269 380 332 Quoque
405 271 467 317 sit
492 271 540 317 in
566 271 696 327 folio,
724 288 834 334 quae
861 273 925 318 sit
949 272 1212 319 concordia
1236 272 1420 328 mixtis,

167 344 335 400 Novit,
355 353 406 393 et
429 347 688 394 advertens
713 363 893 409 pensas
919 348 1170 394 examinat
1193 349 1387 395 herbas.
1450 352 1545 395 270

168 419 291 466 Haec
318 421 401 467 ubi
428 439 515 468 nos
540 422 677 477 vidit,
704 423 838 468 dicta
862 431 1166 486 acceptaque
1193 425 1364 479 salute,

168 495 381 543 Diffudit
399 498 580 553 vultus,
604 505 653 544 et
677 498 888 544 reddidit
907 499 1072 545 omnia
1095 499 1236 545 votis.

168 571 278 618 Nec
303 589 461 630 mora3
491 574 686 620 misceri
710 574 825 620 tosti
844 575 990 635 jubet
1014 575 1198 620 hordea
1223 576 1376 635 grani,

166 646 439 712 Mellaque,
452 651 650 712 vimque
662 650 798 705 meri,
812 661 985 697 etcum
1004 652 1133 697 lacte
1149 651 1357 712 coagula
1371 667 1538 714 passo:

166 722 363 786 Quique
389 726 480 772 sub
506 726 597 772 hac
618 727 804 773 lateant
827 726 991 772 furtim
1011 727 1289 782 dulcedine,
1311 743 1487 774 succos

165 799 379 862 Adjicit:
409 802 679 865 accipimus
696 819 836 850 sacra
849 803 965 850 data
981 804 1159 866 pocula
1177 804 1371 850 dextra.

1444 807 1540 849 276

164 875 287 929 Quae
314 878 458 924 simul
484 879 638 926 arenti
664 879 885 927 sitientes
911 880 1164 927 hausimus
1189 896 1287 936 ore,

164 951 230 998 Et
254 955 417 1016 tetigit
441 971 658 1002 summos
683 957 819 1019 virga
845 957 953 1004 Dea
977 957 1083 1003 dira
1106 956 1340 1020 capillos3

164 1028 255 1089 (Et
279 1031 433 1092 pudet
457 1039 507 1078 et
531 1032 758 1093 referam)
784 1034 902 1081 setis
927 1035 1209 1081 horrescere
1234 1033 1378 1095 coepi,

165 1104 273 1152 Nec
287 1108 391 1168 jam
410 1124 557 1170 posse
576 1109 710 1171 loqui
729 1127 739 1165 ;
769 1126 856 1172 pro
871 1109 1032 1156 verbis
1052 1110 1197 1156 edere
1214 1124 1417 1155 raucum
1443 1113 1538 1155 280

164 1180 406 1237 Murmur,
434 1191 484 1230 et
508 1184 556 1229 in
581 1191 760 1230 terram
785 1193 887 1232 toto
913 1186 1236 1248 procumbere
1260 1185 1425 1231 vultu:

207 1315 282 1344 272.
315 1314 475 1356 Diffudit5
499 1315 570 1346 vide
595 1317 634 1347 ad
660 1317 703 1347 iii.
730 1319 815 1355 318;

162 1365 296 1394 reddidit
317 1366 413 1394 omnia
440 1367 522 1399 votis,
548 1366 636 1395 nobis
660 1367 742 1396 bona
766 1377 817 1397 vo-

163 1413 306 1443 ventibus
340 1423 428 1454 aeque
465 1413 554 1445 bonis
584 1414 661 1445 votis
695 1426 817 1456 respon-

161 1461 217 1491 dit.

206 1511 282 1542 273.
299 1511 422 1541 DIisceri
438 1513 610 1551 tostijnbet,
625 1512 706 1552 etc.]
726 1511 817 1542 Hom.

162 1559 226 1590 Od.
239 1560 369 1591 K.234:
394 1559 451 1590 Ἐν
465 1559 496 1591 δέ
513 1566 586 1601 σφιν
601 1560 702 1601 τυρόν
717 1572 749 1591 τε
765 1562 817 1591 καὶ

161 1608 280 1649 ἄλφιτα
295 1609 347 1638 καὶ
361 1607 432 1649 μέλι
454 1610 587 1650 χλωρὸν
604 1610 690 1650 Οἴνῳ
707 1612 816 1650 Πραμ-

162 1657 236 1698 νείῳ
267 1657 371 1688 ἐκύκα.
419 1657 520 1688 Valde
549 1663 669 1698 gratum
701 1657 819 1688 (J'raeeis

162 1706 299 1748 antiquis
326 1706 383 1737 hoc
406 1706 537 1747 potionis
563 1718 671 1748 genus,
695 1707 818 1737 confec—

164 1762 230 1786 tum
246 1766 262 1785 e
278 1755 387 1791 farina,
403 1766 504 1791 caseo,
521 1756 625 1792 melle,
640 1756 729 1794 vin03
745 1767 818 1786 con—

163 1804 207 1835 fer
223 1804 261 1834 Il.
279 1807 317 1834 A.
333 1805 414 1842 6383
438 1811 469 1835 et
483 1804 553 1835 vide
570 1804 673 1835 Riccii
697 1804 818 1835 dissert.

162 1853 292 1883 Homer.
324 1857 398 1882 tom.
425 1851 448 1882 i.
473 1862 544 1893 pag.
575 1854 643 1883 181.
694 1853 816 1883 Dicitur

166 1901 300 1932 Κυκεὼν
322 1906 353 1931 et
373 1903 502 1937 cianus,-
527 1900 598 1931 vide
624 1906 655 1931 et
675 1901 816 1931 Foesium

161 1950 193 1980 in
223 1950 333 1980 OEcon.
361 1949 457 1991 Hipp.
486 1949 518 1979 h.
542 1961 571 1980 v.
599 1950 708 1980 binum
745 1957 816 1980 ante

160 1999 340 2030 Pramnium
363 1998 485 2035 servile,
505 1998 677 2029 secundum
693 1999 815 2029 Aristo-

160 2048 304 2089 phanem.
352 2048 430 2077 Tosti
445 2049 552 2078 hordea
566 2049 668 2089 grani,
684 2048 815 2078 farinam

161 2096 364 2127 hordeaceam
382 2108 388 2125 z
414 2097 521 2126 hordea
540 2099 632 2137 grani
651 2107 704 2138 pro
720 2107 816 2137 grana

161 2145 267 2175 hordei
287 2150 340 2174 aut
355 2143 538 2175 hordeacea.
578 2145 696 2174 Torret-i
713 2150 815 2174 autem

160 2194 302 2224 solebant
319 2192 393 2222 olim
415 2203 522 2232 grana,
541 2198 574 2222 ut
592 2191 715 2222 facilius
735 2193 817 2223 mola

160 2241 383 2282 frangerentur.
424 2241 473 2271 l'is
497 2243 581 2276 meri,
603 2251 734 2271 merum.
761 2242 815 2271 Co-

160 2291 274 2332 agula5
299 2289 363 2319 xiii.
386 2290 458 2319 830.
512 2289 631 2324 Latere,
660 2299 720 2319 non
748 2300 815 2331 per-

160 2337 222 2379 cipi
238 2344 341 2378 gustu.
380 2338 485 2368 Succos
498 2339 626 2377 adjicit;
652 2337 814 2373 Homerus,

160 2385 312 2427 ἀνέμισγε
345 2385 375 2416 ἒὲ
408 2386 485 2426 σίτῳ
510 2385 669 2428 Φάρμιικα
694 2386 813 2427 λυγρά.

160 2437 221 2467 Pro
243 2437 403 2474 accipimus
423 2435 569 2465 Heinsius
594 2434 683 2464 malit
704 2437 812 2475 arripi-

162 2496 237 2519 mus,
254 2484 337 2525 quod
357 2483 537 2514 aviditatem
557 2483 726 2514 sitientium
748 2495 812 2514 rna-

159 2532 207 2574 gis
223 2532 376 2574 exprimit.

203 2581 277 2611 277.
301 2582 406 2617 Areus,
421 2581 522 2612 siccus
537 2592 573 2611 ex
590 2581 651 2611 siti.
686 2580 735 2611 Sic
751 2582 811 2609 ari-

160 2632 215 2660 dus
234 2632 327 2660 viator
343 2630 425 2670 apud
447 2630 557 2670 Virgil.
576 2631 691 2669 errg.
708 2630 748 2659 iv.
761 2629 812 2659 97.

166 2678 257 2719 Virga
266 2677 332 2708 haec
346 2678 405 2707 vim
418 2678 570 2717 magicam
583 2678 702 2708 habuit.
727 2678 812 2711 Setis,

887 1326 949 1349 etc.
996 1319 1156 1349 Mutamur
1176 1317 1207 1348 in
1231 1328 1311 1354 sues,
1331 1328 1408 1358 quos
1429 1318 1540 1349 Noster

885 1378 969 1398 more
985 1378 1038 1398 suo
1054 1365 1212 1402 describit,
1229 1377 1325 1407 quum
1342 1367 1495 1397 Homerus
1512 1368 1542 1398 id

885 1416 1018 1446 breviter
1051 1421 1083 1446 et
1116 1413 1298 1456 simpliciter
1335 1416 1537 1455 expresserit:

885 1475 974 1495 suurn
991 1465 1152 1495 habebant
1167 1463 1282 1504 capita,
1300 1474 1416 1499 vocem,
1434 1474 1543 1506 corpus

884 1518 915 1543 et
935 1519 1030 1543 setas.
1078 1513 1256 1542 Hom-escere
1276 1511 1314 1542 de
1329 1511 1429 1552 pilosa
1443 1512 1541 1542 hirsu-

886 1561 946 1592 tie:
974 1563 1139 1592 horrescere
1162 1563 1240 1596 setis,
1262 1562 1342 1599 pilis,
1358 1561 1437 1590 hirto
1460 1563 1542 1591 dorso

884 1610 1009 1641 solenne
1030 1610 1068 1640 de
1087 1609 1214 1647 suibus;
1237 1608 1309 1638 vide
1325 1608 1484 1639 Drakenb.
1500 1611 1539 1640 ad

884 1659 939 1689 Sil.
965 1659 985 1689 i.
1010 1660 1084 1689 422.
1123 1658 1205 1688 Satis
1228 1657 1278 1688 hic
1303 1665 1440 1698 apparet,
1465 1658 1540 1698 quid

885 1707 942 1737 hoc
972 1707 1078 1747 mytho
1105 1706 1215 1737 docere
1239 1705 1391 1736 voluerint
1420 1706 1541 1746 antiqui

884 1762 994 1797 poetae,
1024 1756 1085 1786 vim
1115 1766 1226 1796 nempe
1253 1756 1445 1796 voluptatum
1476 1765 1542 1786 esse

885 1810 1017 1840 tantam,
1045 1810 1079 1834 ut
1103 1803 1257 1834 belluinos
1285 1813 1384 1833 mores
1412 1803 1542 1834 induant

884 1853 1080 1891 horninibus,
1103 1854 1213 1883 Horat.
1236 1852 1336 1893 Epist.
1360 1852 1386 1882 Ι.
1410 1852 1452 1883 xi.
1474 1854 1540 1884 23:

886 1906 907 1918 “
924 1902 1031 1932 Circes
1054 1901 1166 1943 pocula
1190 1900 1287 1931 nosti:
1313 1901 1393 1937 Quae
1419 1900 1443 1931 si
1469 1911 1539 1931 curn

883 1950 973 1981 sociis
987 1951 1099 1981 stultus
1112 1949 1306 1991 cupidusque
1320 1949 1459 1985 bibisset,
1476 1950 1540 1980 Sub

884 1999 1011 2030 domina
1026 1999 1186 2030 meretrice
1200 1999 1309 2029 fuisset
1323 1998 1421 2040 turpis
1439 2004 1469 2029 et
1485 2010 1538 2029 ex-

885 2059 969 2086 cors;
998 2048 1136 2079 Vixisset
1164 2047 1249 2078 canis
1277 2046 1464 2083 immundus,
1491 2048 1539 2078 vel

885 2097 987 2127 amica
1002 2097 1067 2127 luto
1086 2096 1170 2127 sus.”
1218 2096 1428 2126 occallescere.
1453 2096 1538 2126 Non-

885 2146 962 2175 nulli
988 2145 1064 2175 dant
1092 2146 1258 2179 canescere,
1279 2144 1328 2174 vel
1358 2146 1536 2181 coalescere,-

883 2195 1036 2224 calliscere
1056 2193 1177 2223 Nonius
1201 2203 1237 2222 ex
1258 2192 1377 2222 Catone
1397 2193 1538 2229 notavit;

883 2244 993 2272 callere
1016 2241 1172 2282 Sulpicius
1197 2240 1264 2272 Cic.
1287 2240 1328 2271 iv.
1349 2240 1388 2270 ad
1409 2240 1474 2270 div.
1496 2244 1537 2279 55

883 2291 1014 2320 Severus
1034 2290 1066 2320 in
1084 2291 1191 2324 AEtna,
1208 2290 1318 2319 callent
1335 2300 1405 2318 rure
1421 2300 1536 2320 manus.

884 2340 961 2369 Haec
981 2339 1138 2369 Heinsius
1187 2338 1315 2378 l'estz'gia
1326 2338 1405 2378 feci.
1429 2337 1538 2368 Heius.

883 2388 968 2417 malit
992 2390 1115 2428 vestigia
1128 2387 1202 2427 figi,
1218 2387 1265 2416 vel
1280 2387 1378 2427 ferri,
1392 2392 1426 2416 ut
1446 2396 1464 2416 a
1485 2397 1536 2416 su-

882 2436 1051 2477 perioribus
1067 2436 1133 2465 haec
1147 2434 1344 2475 dependeant
1359 2446 1365 2471 3
1384 2433 1536 2475 improbat

882 2485 1090 2518 Burmannus,
1108 2489 1139 2512 et
1153 2482 1278 2523 quidem
1294 2484 1415 2522 vestigia
1427 2483 1537 2522 χιιι-ωτι

881 2542 935 2572 pro
964 2531 1116 2566 incedere,
1141 2530 1282 2560 dixerunt
1310 2530 1403 2560 etiam
1427 2530 1535 2561 Cicero

879 2586 910 2610 et
934 2580 1117 2616 Quintilian.
1156 2579 1222 2612 Qua
1245 2585 1341 2616 parte,
1366 2589 1409 2608 sc.
1435 2579 1533 2608 mani-

881 2629 947 2661 bus.
965 2627 1077 2668 quibus
1094 2627 1205 2668 pocula
1220 2626 1417 2667 arripueram,
1433 2633 1533 2657 niuta-

881 2677 919 2706 tis
935 2678 964 2707 in
981 2676 1085 2716 pedes,
1102 2675 1243 2706 incedere
1260 2675 1351 2717 coepi.
