1779 3130
254 197 310 236 90
646 193 697 232 Ρ.
732 191 945 233 OVIDII
980 188 1260 231 NASONIS

260 309 508 356 Mulciber
533 307 834 363 abstulerat;
877 321 969 352 nee
995 303 1346 366 cognoscenda
1370 302 1608 348 remansit

258 384 489 432 Herculis
510 382 714 444 effigieS,
734 398 824 428 nec
842 381 1116 443 quidquam
1133 381 1194 426 ab
1211 378 1425 440 imagine
1442 379 1649 424 ductum

257 461 435 508 Matris
455 460 634 515 habet3
663 465 959 520 tantumque
980 456 1008 503 J
1014 457 1116 503 ovis
1135 456 1345 517 vestigia
1367 462 1528 501 servat
1552 457 1648 501 265

258 538 431 600 thue
457 552 614 582 novus
641 551 861 597 serpens,
889 534 1052 596 posita
1076 549 1188 579 cum
1217 532 1345 595 pelle
1372 537 1591 585 senecta,

259 613 532 660 Luxuriare
558 612 699 666 solet,
728 626 1038 673 squamaque
1063 610 1218 656 virere
1245 608 1460 655 recenti:

261 691 362 745 Sic,
390 689 476 736 ubi
501 688 732 736 mortales
754 686 1044 749 Tirynthius
1071 686 1212 733 exuit
1237 691 1400 740 artus;

258 767 410 814 Parte
437 764 511 811 sui
537 764 739 810 meliore
764 762 914 824 viget,
942 763 1200 824 majorque
1225 761 1379 808 videri

259 842 442 905 Coepit,
470 848 520 888 et
545 846 758 901 augusta
780 837 884 884 fieri
911 838 1154 899 gravitate
1178 837 1452 884 verendus:

1549 840 1646 883 270

258 918 420 972 Quem
445 923 586 980 pater
610 914 923 977 omnipotens
946 914 1072 960 inter
1098 929 1219 961 cava
1239 914 1410 960 nubila
1424 919 1622 976 raptum

257 994 564 1056 Quadrijugo
589 1008 735 1039 curru
762 991 1068 1038 radiantibus
1094 990 1261 1037 intulit
1280 990 1440 1037 astris.

1526 989 1645 1050 [iras

323 1071 384 1117 V.
402 1071 499 1117 Sen
509 1070 572 1116 sit
582 1069 726 1116 Atlas
739 1068 934 1132 pondus
949 1086 958 1116 :
972 1084 1136 1131 neque
1149 1068 1311 1114 adhuc
1327 1066 1644 1114 Stheneleius

257 1225 334 1256 quas
350 1224 367 1245 a
380 1215 459 1245 Jove
477 1218 653 1254 acceperat,
666 1223 735 1253 quae
748 1212 915 1247 docebant,

255 1275 325 1295 eum
342 1273 408 1294 esse.
423 1262 511 1294 Jovis
527 1262 637 1292 filium.

299 1313 372 1343 266.
415 1312 513 1351 thue
550 1321 641 1341 novus
676 1322 803 1351 serpens,
833 1309 913 1349 etc.]

255 1361 390 1402 Egregia
404 1360 588 1392 similitudo.
616 1361 729 1396 Novus,
742 1364 918 1391 renovatus.

257 1410 361 1440 Ροεῐτιι
389 1416 518 1440 senecta.
565 1408 668 1438 Etiam
696 1409 827 1443 Phnius,
852 1407 917 1437 viii.

256 1460 308 1489 31.
333 1458 422 1494 dixit,
445 1468 558 1499 angues
585 1464 763 1488 senectutem
789 1467 916 1492 e111e1·e;

256 1508 361 1538 confer
399 1517 503 1548 supra,
542 1506 596 1537 vii.
625 1508 689 1537 237
707 1519 714 1544 3
755 1505 916 1546 Virgilius,

256 1556 370 1596 Georg.
388 1555 431 1586 iii.
448 1556 523 1585 437.
543 1555 634 1585 Nunc
650 1558 749 1595 positis
766 1566 854 1585 novus
870 1566 917 1584 et-

253 1606 332 1635 uvz'z‘s
356 1606 527 1644 nitidusque
539 1607 670 1643 jau-enta
685 1617 694 1641 ‚·
718 1605 874 1639 Tibullus,
892 1603 919 1633 I.

254 1653 295 1684 iv.
312 1655 364 1684 35.
383 1664 498 1693 serpens
523 1665 614 1683 not-us
636 1656 717 1684 eruit
741 1665 845 1689 annos,
863 1651 917 1683 ubi

255 1702 398 1743 Heynius
411 1708 527 1737 monet,
538 1702 595 1732 hoc
610 1704 786 1744 exemplum
801 1714 819 1733 a
832 1701 917 1733 simi-

254 1751 386 1781 litudine
413 1751 526 1792 potius,
552 1763 646 1792 quam
673 1763 690 1782 a
718 1753 761 1783 rei
787 1752 917 1783 veritate

256 1799 384 1830 ductum
398 1810 464 1830 esse
478 1812 485 1837 ;
502 1800 624 1830 exuviis
639 1801 719 1831 enim
731 1801 840 1842 positis
855 1811 916 1831 ser-

255 1854 365 1889 pentes
382 1859 441 1878 non
458 1848 497 1878 ad
509 1849 675 1889 juventam
692 1850 805 1880 redire.
834 1850 917 1880 Lur-

255 1899 360 1927 uriare
372 1897 409 1927 de
422 1897 501 1927 laetis
510 1897 707 1928 incrementis
718 1898 916 1939 capiendum,

257 1951 290 1975 ut
305 1945 360 1975 vii.
375 1947 449 1976 292.
480 1945 614 1981 Plinius,
630 1957 779 1988 panegyr.
795 1948 848 1977 82.
868 1949 915 1977 [α’-

257 2001 318 2024 tum
337 2005 441 2034 corpus
458 2001 485 2024 et
500 1997 660 2025 crescentia
677 1997 815 2025 membra.
867 1996 915 2026 Vi-

256 2054 323 2073 rere
336 2044 462 2073 verbum
476 2043 646 2079 delectum,
660 2045 743 2085 quod
754 2050 785 2074 et
797 2045 916 2075 vividos

254 2091 383 2127 colores,
393 2099 424 2122 et
435 2091 570 2132 vigorem
579 2093 751 2133 juvenilem
764 2093 916 2124 declarat.

255 2139 424 2170 Claudian.
448 2140 549 2170 Laud.
575 2140 675 2171 stilic.
698 2141 730 2171 ii.
745 2143 819 2172 430.
841 2142 914 2172 Per-

250 2186 376 2227 petuam
394 2190 467 2219 viret
482 2191 618 2229 squamis.
663 2189 795 2225 Plinius,
811 2190 855 2220 H.
873 2191 914 2220 N.

254 2236 319 2268 viii.
335 2238 376 2268 27
393 2249 398 2266 :
426 2242 445 2254 “
461 2237 583 2277 Anguis
599 2237 727 2268 hiberno
742 2239 802 2269 situ
818 2249 914 2269 mem-

252 2285 350 2315 brana
365 2285 499 2327 corporis
515 2285 653 2316 obducta
666 2286 807 2316 foeniculi
822 2297 915 2317 succo

253 2333 511 2375 impedimentum
527 2334 606 2365 illud
622 2335 719 2371 exuit,
736 2334 914 2376 nitidusque

253 2383 398 2413 vernat.'’

295 2433 369 2463 268.
383 2432 527 2462 Mortales
544 2433 735 2473 Tirynthius,
748 2433 830 2473 etc.]
850 2432 913 2463 Mi-

253 2480 365 2510 nucius
383 2480 483 2515 Felix,
503 2480 566 2511 xxi.
593 2481 751 2517 Hercules,
768 2488 803 2511 ut
824 2483 914 2512 homi-

252 2540 319 2558 nem
345 2535 445 2563 eruat,
478 2529 576 2559 OEtoeis
604 2531 723 2571 ignibus
752 2537 913 2561 crematur.

251 2577 302 2607 De
321 2578 413 2608 verbo
424 2588 529 2608 exuere
545 2578 614 2609 vide
629 2579 669 2610 ad
684 2591 716 2609 x.
736 2581 807 2610 104.
846 2581 911 2610 Au-

248 2632 340 2667 gusta
353 2629 515 2668 gravitate,
532 2627 640 2658 divina
658 2628 821 2670 majestate
836 2641 842 2666 3
868 2629 911 2660 iv.

251 2674 326 2704 539.
355 2677 535 2714 majestatem
569 2679 727 2707 verendam
765 2680 912 2717 imposuit.

251 2723 457 2760 Claudianus,
473 2724 514 2756 R.
532 2726 567 2756 P.
589 2725 611 2757 i.
634 2727 685 2757 79.
705 2727 744 2758 de
769 2727 911 2764 Plutone,

985 1215 1075 1252 nigra
1105 1212 1250 1241 terendus
1278 1213 1442 1250 vntjestate.
1494 1211 1647 1241 Verendus

985 1259 1096 1290 melius
1111 1259 1149 1289 de
1167 1259 1237 1290 Diis
1254 1259 1429 1295 adhibetur,
1447 1270 1542 1300 quam
1557 1258 1644 1295 alibi,

985 1310 1142 1339 timendus.
1167 1308 1251 1338 Illud
1264 1307 1346 1338 enim
1357 1307 1486 1338 ductum
1500 1318 1518 1338 a
1528 1308 1644 1350 pietate

984 1357 1161 1392 liberorum,
1180 1357 1233 1398 qui
1252 1364 1393 1388 verentur
1408 1363 1564 1398 parentes.

1029 1407 1102 1436 272.
1130 1406 1321 1447 Qnadrg‘jugo
1332 1406 1455 1446 cuman]
1475 1407 1548 1436 Non
1559 1412 1645 1447 puto,

986 1460 1111 1496 poetam
1148 1454 1197 1484 hic
1229 1454 1399 1496 respexisse
1427 1457 1645 1496 quadrijugum

985 1515 1120 1539 currum,
1135 1513 1196 1543 quo
1207 1504 1318 1533 Romae
1328 1504 1528 1544 imperatores
1538 1503 1645 1534 trium-

984 1552 1118 1594 phantes
1134 1553 1241 1582 urbem
1260 1552 1525 1593 ingrediebantur,
1542 1558 1577 1583 ut
1597 1552 1644 1583 di-

986 1608 1080 1638 ceret,
1097 1603 1265 1632 Herculem
1284 1602 1376 1632 veluti
1396 1602 1427 1632 in
1443 1602 1597 1643 triumpho
1613 1602 1645 1632 in

986 1651 1102 1681 coelum
1132 1656 1305 1692 acceptum,
1336 1651 1390 1681 sed
1423 1650 1646 1691 intelligendus

986 1701 1188 1741 quadi-{jugus
1202 1710 1310 1730 currus
1327 1699 1423 1740 ipsius
1440 1699 1539 1731 Jovis.
1554 1700 1645 1730 Simi-

986 1748 1056 1778 liter
1076 1748 1236 1779 Ariadnen
1259 1749 1405 1779 Bacchus
1426 1750 1562 1789 lyncibus
1583 1751 1645 1779 suis

985 1796 1017 1826 in
1041 1798 1157 1828 coelum
1184 1798 1301 1828 vexisse
1324 1798 1436 1838 legitur
1460 1798 1545 1839 apud
1567 1800 1644 1830 Pro-

984 1847 1130 1888 pertium,
1147 1848 1209 1878 III.
1225 1859 1276 1878 XV.
1291 1849 1322 1878 3.
1350 1847 1528 1878 Secundum
1544 1849 1642 1890 Apol-

984 1896 1126 1927 lodorum
1142 1898 1240 1927 nubes
1256 1897 1424 1927 Herculem
1440 1908 1511 1928 cum
1530 1897 1644 1929 tonitru

985 1953 1150 1987 exceptum
1167 1947 1198 1976 in
1215 1947 1330 1977 coelum
1348 1948 1441 1977 vexit.
1466 1948 1576 1978 Astris.
1593 1947 1643 1978 Ibi

985 2000 1071 2024 tenet
1082 2005 1228 2036 magnum
1242 1996 1374 2037 spatium
1386 1995 1466 2026 inter
1477 1996 1643 2033 Coronam,

985 2043 1198 2085 Ophiuchum,
1235 2045 1348 2085 Lyram
1385 2051 1417 2075 et
1454 2046 1643 2078 Draconem.

985 2093 1201 2128 Radimztibus,
1217 2094 1287 2124 vide
1304 2095 1344 2125 ad
1359 2094 1391 2123 ii.
1408 2096 1438 2125 4.

1025 2143 1208 2173 273—323.
1233 2144 1372 2173 Alcmene
1385 2143 1454 2173 10!ae
1468 2150 1572 2174 narrat
1584 2144 1644 2175 dif-

984 2189 1099 2221 ficilem
1118 2199 1240 2231 partum
1260 2203 1361 2228 suum,
1379 2193 1643 2234 Galanthidisque

982 2238 1013 2268 in
1051 2240 1215 2270 mustelam
1253 2241 1470 2271 mutationem.
1518 2241 1644 2272 Confer.

983 2287 1148 2324 Homerus,
1175 2288 1214 2319 ll.
1240 2293 1276 2320 T.
1305 2290 1346 2320 95
1372 2300 1441 2330 sqq.
1468 2290 1643 2321 Antoninus

984 2336 1144 2372 Liberalis,
1162 2348 1234 2379 cap.
1252 2339 1304 2368 29.
1329 2338 1498 2369 Commode
1514 2338 1640 2370 Alcme-

983 2395 1022 2415 na
1034 2385 1101 2427 ipsa
1109 2386 1200 2416 nurui
1211 2387 1347 2427 gravidae
1360 2387 1440 2418 hanc
1452 2387 1516 2418 fab.
1526 2394 1640 2419 narrat.

985 2434 1117 2466 Pondus.
1139 2436 1305 2466 Claudiam.
1327 2436 1456 2477 Gigant.
1480 2438 1639 2478 23.flam-

981 2486 1097 2514 mantia
1139 2487 1282 2523 pondera,
1326 2485 1439 2515 sidera.
1496 2486 1641 2516 Imitatus

982 2532 1129 2563 Nostrum
1145 2539 1192 2563 est
1205 2534 1335 2568 Seneca,
1353 2534 1450 2564 Herc.
1465 2535 1529 2564 OEt.
1550 2536 1640 2566 1599.

981 2581 1035 2611 ubi
1065 2583 1157 2612 Iussus
1182 2583 1270 2612 Atlas
1297 2582 1375 2612 adeo
1401 2583 1530 2612 titubat.-
1562 2582 1638 2613 item

980 2629 1137 2665 Lucanus,
1153 2630 1173 2660 i.
1184 2631 1234 2660 56.
1248 2631 1364 2661 Neroni
1376 2631 1521 2666 adulans,
1534 2632 1639 2662 AEthe-

980 2681 1022 2708 ris
1045 2680 1177 2709 immensi
1200 2686 1313 2718 partem
1335 2682 1359 2710 si
1376 2682 1513 2719 presseris
1532 2692 1636 2716 unam,

981 2727 1093 2758 Sentiet
1112 2729 1174 2757 aris
1191 2740 1275 2764 onus,
1292 2730 1395 2759 librati
1411 2731 1541 2769 pondera
1561 2731 1637 2760 ca'li.
