1779 3130
362 165 981 206 METAMORPHOSEON
1016 166 1140 210 LIB..
1169 166 1303 206 VIII.
1463 166 1520 206 33

128 278 289 340 Terga
313 280 416 334 dat,
444 288 493 326 et
518 279 711 340 magnis
738 279 951 340 insignia
975 280 1207 326 dentibus
1234 295 1334 326 ora.

129 353 206 400 Illi
232 355 416 402 laetitiae
437 363 514 402 est
538 371 651 401 cum
677 371 880 402 munere
906 357 1122 402 muneris
1148 363 1334 402 auctor.

1419 358 1516 402 430

129 430 356 478 Invidere
381 432 489 488 alii3
530 440 736 494 totoque
763 440 867 479 erat
892 433 1087 493 agmine
1113 448 1347 478 murmur.

127 505 169 551 E
197 507 394 568 quibus,
422 508 608 569 ingenti
634 508 897 554 tendentes
923 507 1124 554 brachia
1147 524 1283 562 voce,

126 588 155 605 “
185 582 323 629 Pone
349 599 456 645 age,
475 600 565 630 nec
592 584 762 630 titulos
779 584 1034 646 intercipe,
1054 583 1252 639 femina,
1270 584 1513 639 nostros‚”

123 657 404 706 Thestiadae
429 660 670 706 clamant:
703 666 732 683 “
761 676 851 706 nec
877 667 925 706 te
951 661 1133 707 fiducia
1158 660 1328 706 forinae

126 733 386 797 Decipiat;
428 737 674 798 longeque
701 742 787 781 tuo
813 736 876 781 sit
901 744 1076 798 captus
1103 753 1267 783 amore

1415 739 1511 782 435

124 810 367 857 Auctor:”
401 818 451 857 et
475 812 588 857 huic
615 811 840 857 adimunt
864 828 1060 867 munus,
1083 815 1167 875 jus
1189 813 1406 859 muneris
1426 813 1511 858 illi.

128 886 242 933 Non
267 887 397 941 tulit,
425 895 474 933 et
500 887 691 933 tumida
715 887 946 934 frendens
974 888 1247 935 Mavortius
1274 890 1358 943 ira,

126 969 155 986 “
185 963 393 1018 Discite,
421 972 642 1026 raptores
669 964 865 1019 alieni‚'⁷
892 965 1035 1021 dixit,
1067 972 1096 989 “
1124 966 1338 1019 honoris,

126 1039 279 1086 Facta
306 1040 450 1086 minis
478 1049 719 1102 quantum
739 1041 924 1088 distent
942 1041 985 1088 ;’Ἴ
1010 1042 1274 1103 hausitque
1300 1041 1512 1088 nefando

124 1115 337 1163 Pectora
362 1116 611 1180 Plexippi,
638 1118 706 1164 nil
732 1119 832 1164 tale
856 1118 1097 1173 timentia,
1124 1117 1266 1164 ferro.

1413 1120 1510 1163 440

120 1191 291 1240 Toxea
316 1193 436 1255 quid
460 1193 608 1240 faciat
631 1195 853 1249 dubium,
882 1195 1165 1257 pariterque
1190 1195 1437 1240 volentem

122 1268 309 1315 Ulcisci
334 1269 548 1325 fratrem,
576 1270 889 1332 fraternaque
914 1271 1015 1317 fata
1038 1271 1313 1326 timentem,

122 1343 271 1391 Haud
297 1345 481 1407 patitur
505 1345 730 1393 dubitare
756 1346 868 1402 diu3
910 1347 1227 1408 calidumque
1254 1346 1402 1409 priori

122 1421 276 1469 Caede
301 1422 552 1469 recalfecit
576 1423 791 1469 consorti
818 1423 1059 1485 sanguine
1084 1423 1255 1469 telum.

189 1497 335 1545 Dona
361 1499 525 1546 Deum
550 1500 765 1562 templis,
794 1507 908 1546 nato
934 1501 1138 1554 victore,
1166 1499 1372 1553 ferebat,
1409 1501 1505 1545 445

164 1676 238 1705 432.
265 1675 425 1705 Tendentes
446 1677 591 1713 brat-hiim
616 1684 722 1717 gestus
739 1677 784 1707 in-

127 1723 329 1763 dignabunde
354 1723 544 1765 imperantis.
592 1726 700 1761 Tituli,
719 1726 785 1766 glo-

125 1771 239 1803 riosum
254 1773 426 1814 praeuiium,
441 1780 494 1803 aut
509 1775 630 1814 signum
643 1774 787 1805 facinoris

123 1821 252 1861 egregii.
310 1822 359 1851 De
392 1822 485 1851 verbo
525 1825 713 1861 intercipere,
746 1824 785 1853 ad

123 1880 245 1899 versum
270 1871 344 1900 29⁴2.
392 1870 525 1906 Nostros,
546 1871 600 1912 qui
621 1871 708 1901 nobis
730 1871 784 1901 de-

122 1918 232 1949 bentur
253 1925 318 1949 tum
341 1929 452 1958 genere
474 1919 612 1960 proxime
629 1919 784 1960 attingen-

122 1967 205 1997 tibus
233 1968 441 2007 Meleagrum,
468 1974 534 1998 tum
560 1979 636 1998 sexu
660 1968 785 2009 potiori-

123 2016 180 2046 bus
203 2021 234 2046 et
248 2016 376 2056 femiuoe
401 2016 611 2057 praeferendis.
648 2016 785 2047 Priorem

125 2074 252 2094 causam
274 2064 432 2095 Diodorus
456 2071 618 2100 memorat,
633 2065 781 2107 posterio—

123 2123 187 2143 rem
201 2113 304 2144 Schol.
317 2113 518 2154 Aristophani
534 2113 574 2143 ad
587 2114 704 2149 Ranas,
717 2124 782 2144 ver.

127 2163 227 2192 1269:
265 2168 427 2202 utramque
452 2161 678 2203 Apollodorus:
710 2161 783 2192 ἁδο-

123 2211 265 2248 ξοῦντες,
290 2210 316 2241 εἰ
343 2211 519 2252 παρόντων
542 2210 675 2252 ἀνδρῶν
696 2212 783 2252 γυνὴ

124 2260 165 2290 τὰ
179 2259 323 2301 ἀριστεῖα
339 2259 494 2299 λήψεται,
514 2260 596 2291 κατὰ
612 2259 706 2301 γένος
728 2259 785 2290 αὑ-

124 2310 193 2345 τοῖς
216 2307 393 2348 προσήκειν
416 2306 577 2349 λέγοντες.
614 2308 716 2349 Longe
735 2311 785 2339 sit.

127 2356 208 2386 Vide
231 2356 270 2386 ad
294 2357 335 2386 iv.
351 2356 424 2386 648.
472 2357 644 2392 Thestiadae,
660 2356 699 2386 de
715 2356 784 2397 qui-

125 2406 183 2435 bus
199 2405 238 2435 ad
253 2415 376 2435 versum
393 2406 466 2435 304.
512 2406 561 2436 Ne
576 2406 662 2445 longe
677 2407 713 2435 sit
730 2405 783 2434 tibi

125 2455 257 2484 muneris
285 2460 415 2490 auctum
455 2453 486 2483 id
516 2460 573 2490 est,
604 2464 643 2483 ne
670 2453 784 2484 interfi-

127 2502 228 2538 ciaris,
256 2508 287 2533 et
317 2502 360 2533 sic
386 2502 480 2543 longe
506 2503 545 2533 ab
568 2507 705 2534 amatore
732 2508 784 2532 tuo

126 2551 287 2592 separeris.

170 2600 245 2629 437.
273 2599 341 2629 Non
358 2599 442 2635 tulit,
461 2599 539 2639 etc.]
566 2598 741 2640 Ὀργισθεὶς
757 2597 788 2628 δὲ

131 2647 317 2690 Μελέᾳγρος
327 2649 404 2684 τοὺς
413 2648 545 2679 θεστὶου
557 2647 679 2684 παῖδας
687 2646 786 2678 ἀπεκ-

126 2695 222 2727 rave.
270 2697 450 2727 Mavortius.
479 2696 592 2727 Martis
609 2706 680 2726 eum
696 2695 788 2726 fuisse

175 2744 275 2775 VOL.
292 2745 352 2775 IV.

852 1677 951 1707 filium
980 1674 1144 1717 Euripides
1173 1675 1204 1704 in
1228 1674 1390 1714 Meleagro
1419 1672 1512 1703 tradi-

852 1725 950 1761 derat,
977 1731 1102 1754 auctore
1136 1723 1317 1758 Plutarcho,
1347 1722 1451 1752 Paral.
1480 1732 1513 1762 p.

852 1775 925 1804 212.
964 1773 1057 1804 Conf.
1081 1778 1112 1802 et
1136 1771 1373 1812 Apollodorum,
1402 1781 1433 1811 p.
1457 1771 1512 1800 33.

854 1822 988 1857 Consors,
1019 1820 1123 1850 frater.
1150 1820 1193 1849 xi.
1222 1820 1306 1856 3473
1330 1818 1399 1848 xiii.
1424 1819 1513 1856 6633

852 1881 934 1901 nunc
952 1869 1118 1911 adjective,
1135 1869 1298 1898 fraternus.

897 1920 971 1949 445.
1002 1918 1088 1947 Dona
1119 1917 1228 1951 Deum,
1257 1915 1338 1954 etc.]
1366 1913 1513 1954 Sequitur

852 1968 938 1997 locus
966 1965 1252 2008 praestantissimus,
1276 1964 1328 2004 qui
1357 1963 1513 1993 fluctuan-

851 2023 915 2046 tem
930 2016 1063 2046 Althaeae
1080 2014 1230 2049 animum,
1246 2020 1278 2043 et
1291 2022 1429 2054 pugnam
1445 2022 1511 2042 ma-

851 2064 930 2095 terni
947 2064 1078 2094 affectus
1092 2073 1163 2092 cum
1180 2061 1292 2092 sororio
1307 2070 1409 2091 amore
1426 2070 1512 2100 egre-

850 2114 898 2153 gie
913 2111 1078 2149 describit3
1104 2121 1198 2152 quam
1220 2110 1258 2140 ob
1275 2119 1399 2139 causam
1416 2108 1512 2138 etiam

850 2161 995 2192 laudatur
1022 2161 1060 2190 ab
1080 2159 1193 2189 Homio
1219 2159 1250 2188 in
1266 2158 1418 2188 Element.
1433 2157 1513 2187 Crit.

851 2217 926 2241 tom.
956 2210 976 2240 i.
1001 2220 1034 2251 p.
1063 2210 1135 2239 189.
1174 2208 1331 2238 Caeterum
1357 2205 1513 2246 Meleagri

851 2271 932 2290 mors
959 2258 1125 2299 dupliciter
1154 2262 1308 2291 narratur,
1335 2260 1369 2285 ut
1398 2254 1513 2285 diserte

852 2307 1073 2350 Apollodorus,
1090 2306 1118 2336 I.
1139 2305 1201 2336 viii.
1218 2306 1248 2335 3.
1264 2310 1382 2334 monet.
1424 2302 1512 2333 Prior

852 2358 942 2393 ratio,
963 2366 1065 2397 eaque
1095 2353 1325 2394 antiquissima,
1353 2356 1512 2381 auctorem

851 2406 946 2436 habet
970 2406 1152 2439 Homerum,
1173 2402 1258 2432 dicto
1282 2402 1372 2431 loco:
1398 2409 1510 2430 secun-

852 2455 926 2484 dum
954 2463 1023 2483 eam
1044 2451 1163 2482 Thestii
1184 2450 1251 2484 filii,
1280 2447 1400 2478 invidia
1425 2447 1513 2482 tacti,

854 2513 923 2533 cum
950 2500 1117 2532 Curetibus
1140 2498 1260 2529 bellum
1284 2496 1402 2526 faciunt
1420 2496 1510 2525 AEto-

853 2550 903 2585 lis,
919 2550 951 2579 in
967 2559 1028 2589 quo
1044 2548 1216 2587 Meleager,
1232 2544 1402 2575 interfectis
1415 2543 1512 2573 Thes-

856 2598 961 2633 tiadis,
977 2596 1061 2627 cadit
1083 2601 1115 2626 et
1136 2595 1212 2636 ipse.
1256 2592 1318 2623 Sed
1337 2602 1375 2622 ex
1401 2591 1511 2621 eodem

856 2652 979 2677 auctore
1002 2650 1033 2675 et
1049 2643 1240 2685 Apollodoro
1263 2641 1358 2672 etiam
1377 2644 1510 2674 constat,

856 2695 960 2726 odium
977 2692 1185 2724 intercessisse
1195 2691 1358 2730 Meleagro
1373 2698 1444 2720 cum
1456 2687 1512 2717 Al-
