1779 3130
410 146 1025 188 METAMORPHOSEON
1062 148 1178 188 LlB.
1214 149 1274 189 X.
1443 151 1520 190 171

142 260 292 309 Terra
315 260 625 324 supervenit;
667 269 939 324 ruptosque
965 262 1166 324 obliqua
1191 279 1278 326 per
1302 279 1492 325 ungues

142 336 415 398 Porrigitur
440 337 596 392 radix,
625 337 757 399 longi
782 339 1056 384 firmamina
1079 339 1262 386 trunci:
1423 343 1514 386 491

142 412 371 475 Ossaque
391 413 536 459 robur
557 419 734 474 agunt3
766 414 1028 476 mediaque
1045 422 1274 461 manente
1286 415 1517 469 medulla,

141 489 356 551 Sanguis
381 490 418 535 it
442 490 490 535 in
517 505 709 544 succos,
738 489 786 536 in
812 507 1018 553 magnos
1044 491 1244 538 brachia
1268 507 1444 547 ramos,

139 564 198 611 In
223 581 397 627 parvos
422 565 585 626 digiti:
627 564 831 612 duratur
856 566 1038 613 cortice
1063 567 1224 629 pellis.
1393 568 1518 628 [bor,

136 641 351 704 Jamque
376 658 575 704 gravem
600 657 829 689 crescens
855 650 1047 690 uterum
1068 643 1425 706 perstrinxerat
1444 659 1517 690 ar—

138 717 454 780 Pectoraque
478 719 725 773 obruerat,
752 719 1035 781 collumque
1060 718 1251 782 operire
1276 720 1499 782 parabat.

139 793 252 840 Non
278 794 388 841 tulit
413 795 495 841 illa
519 811 732 851 moram3
773 796 1087 858 venientique
1112 796 1256 842 obvia
1278 796 1412 858 ligno

136 869 390 926 Subsedit,
419 871 688 933 mersitque
714 887 828 918 suos
855 872 904 918 in
929 872 1114 919 cortice
1138 873 1320 920 vultus.

136 945 276 1002 Quae,
289 962 574 1008 quanquam
591 947 955 995 amisitveteres
972 964 1085 994 cum
1101 964 1304 1011 corpore
1326 965 1516 1005 sensus,

138 1021 248 1068 Flet
262 1029 442 1077 tamen,
461 1030 510 1069 et
525 1023 706 1086 tepidae
726 1031 929 1071 manant
944 1040 1007 1071 ex
1023 1025 1197 1071 arbore
1219 1031 1390 1086 guttae.
1420 1029 1516 1072 500

134 1175 287 1217 propitio:
324 1174 391 1206 Cic.
431 1175 541 1211 Quint.
576 1177 608 1206 7.
640 1178 792 1216 Alpheum

131 1225 273 1253 utebatur
285 1227 393 1263 populo
407 1235 468 1259 suo,
485 1224 543 1254 sibi
560 1225 711 1266 propiti03
736 1226 790 1256 Er-

134 1273 212 1303 nesti
228 1273 318 1303 Clav.
333 1273 401 1303 Cic.
421 1279 511 1314 putat
530 1283 546 1304 e
569 1273 651 1305 ludis
670 1275 790 1316 gladia-

133 1320 216 1352 toriis
232 1321 290 1352 hoc
306 1328 474 1364 sumptum.
523 1322 623 1352 Crura
639 1328 721 1353 terra
740 1334 790 1353 sn-

131 1372 277 1410 perrenit,
294 1376 374 1400 terra
394 1376 519 1411 repente
533 1370 658 1401 retinuit
674 1377 704 1401 et
723 1371 791 1402 alli-

131 1418 218 1460 gavit
229 1419 337 1460 pedes.
363 1418 476 1449 Confer
492 1429 564 1449 cum
579 1430 666 1460 seqq.
678 1419 792 1450 similes

133 1467 307 1509 puellarum
335 1468 367 1498 in
397 1468 520 1498 arbores
548 1467 745 1503 mutationes,
771 1468 791 1498 i.

132 1518 280 1548 548—-52
295 1528 303 1555 ;
325 1516 361 1547 ii.
375 1517 524 1547 347—65
537 1528 546 1555 3
568 1516 610 1547 ix.
622 1517 790 1554 351—93;

131 1566 214 1597 unde
250 1565 416 1606 intelliges,
442 1564 536 1596 etiam
564 1565 596 1595 in
625 1565 789 1596 simillimis

131 1616 224 1645 rebus
238 1614 372 1645 suaviter
384 1614 500 1645 variare
512 1614 594 1644 foecu
601 1614 695 1644 ndum
711 1614 787 1644 Ovi-

132 1663 174 1693 dii
196 1662 368 1704 ingenium.
415 1662 613 1699 Fimnumiuu,
631 1672 693 1703 qua
716 1673 787 1692 con-

131 1712 265 1743 tinentur
285 1711 396 1747 trunci,
412 1717 447 1742 ut
467 1711 602 1752 loquitur
625 1711 692 1742 Cic.
708 1712 785 1742 Nat.

130 1762 225 1791 Deor.
254 1760 286 1790 ii.
316 1761 374 1789 47:
400 1761 573 1801 firmantem,
603 1770 660 1801 pro
686 1760 787 1790 firma-

130 1815 281 1845 mentum,
307 1809 439 1839 fulcrum
465 1808 538 1850 quia
563 1809 674 1839 Noster
704 1815 787 1839 amat

130 1859 254 1889 nomina
270 1858 302 1888 in
316 1869 401 1888 amen
417 1858 600 1888 desinentia.
648 1858 786 1898 Obliqua,

127 1909 307 1948 porrigitur,
323 1908 414 1948 longi,
431 1906 575 1948 pingunt.

171 1957 245 1987 492.
278 1956 381 1985 Robur
403 1961 510 1996 agunt,
533 1955 565 1985 in
590 1955 709 1996 lignum
740 1968 785 1986 ro-

128 2006 266 2040 bustum,
284 2004 396 2035 durum
412 2010 582 2035 mutantur.

171 2055 245 2084 494.
286 2054 430 2083 Duratw·
457 2055 576 2088 cortice,
609 2053 640 2084 in
673 2053 784 2084 durum

129 2103 274 2133 corticem
289 2107 436 2132 mutatur.

170 2152 244 2182 496.
262 2151 441 2191 Pectoraque
452 2151 618 2191 obruerat]
638 2151 785 2181 Heinsius

130 2200 241 2231 suadet
255 2207 432 2240 pectoraque
451 2201 595 2236 obsum-at,
616 2199 648 2230 id
664 2205 720 2235 est,
736 2210 785 2230 oc-

129 2249 275 2284 cluserat,
292 2255 470 2290 operuerat3
495 2250 594 2279 obruit
618 2249 699 2279 enim
722 2260 784 2279 cor—

128 2301 185 2328 tice
207 2298 300 2340 paulo
319 2297 425 2328 durius
447 2297 564 2327 dictum
581 2297 722 2338 judicat:
747 2298 785 2328 de

131 2357 192 2387 quo
218 2346 362 2376 videatur
387 2346 452 2386 ipse
482 2346 522 2376 ad
544 2346 628 2376 Fast.
656 2346 688 2376 ii.
712 2347 786 2378 578.

130 2396 328 2425 Burmannus
357 2394 480 2425 dubitat
507 2405 546 2425 an
581 2396 698 2425 obsuere
727 2395 784 2426 hoc

130 2453 223 2473 sensu
252 2442 384 2473 Ovidius
414 2442 547 2474 scribere
576 2443 728 2484 potuerit:
759 2444 783 2474 si

130 2492 205 2533 quid
220 2492 403 2522 mutandum
420 2491 526 2522 mallet
542 2494 691 2522 induerat.
715 2493 783 2523 Hoc

129 2541 256 2572 verbum
272 2551 331 2572 non
348 2541 482 2571 debebat
496 2542 627 2579 tentari;
652 2544 782 2577 obruere,

130 2596 246 2631 tegere,
264 2590 407 2625 condere,
423 2590 564 2630 sepelire.

174 2639 246 2669 497.
276 2638 398 2669 Veniens
413 2640 539 2679 lignum,
552 2640 730 2680 eleganter3
754 2645 785 2669 et

132 2687 288 2727 ingeniose
308 2690 391 2718 obt-ia
411 2689 549 2723 subsedit,
570 2694 604 2718 ut
622 2688 713 2718 obvia
733 2699 782 2718 ve-

859 1177 938 1209 niret
962 1177 1097 1208 venienti
1119 1177 1214 1218 ligno,
1230 1176 1328 1207 omnis
1350 1186 1442 1207 morae
1459 1177 1515 1207 im-

858 1226 990 1267 patiens.

901 1277 974 1306 500.
1001 1275 1069 1305 Flet
1090 1281 1198 1309 tamen,
1216 1273 1295 1313 etc.]
1322 1273 1424 1305 Etiam
1451 1276 1513 1306 Lu-

859 1324 984 1359 cretius,
1000 1323 1021 1353 i.
1038 1323 1111 1354 350.
1123 1323 1204 1363 flere
1226 1321 1264 1352 de
1284 1322 1385 1352 suecis
1408 1323 1514 1354 destil-

859 1371 995 1403 lantibus
1022 1371 1111 1407 dixit,
1142 1372 1279 1402 uberibus
1305 1372 1389 1411 flent
1417 1375 1514 1402 omnia

856 1423 963 1462 guttis.
1003 1421 1133 1460 RIyrrha
1150 1420 1249 1450 frutex
1266 1419 1298 1450 in
1314 1419 1419 1451 multis
1433 1421 1514 1452 Ara-

857 1469 917 1500 biae
933 1469 1010 1500 locis
1026 1469 1175 1504 nascitur,
1191 1478 1229 1499 ex
1245 1478 1307 1509 quo
1323 1468 1418 1500 inciso
1439 1477 1511 1511 gut-

859 1524 897 1549 tae
923 1523 1063 1554 manant,
1087 1528 1156 1559 quae
1180 1521 1213 1549 in
1237 1517 1458 1549 odoratissimis
1481 1525 1513 1550 et

856 1566 1083 1608 pretiosissimis
1121 1565 1289 1606 unguentis
1333 1565 1488 1598 habentur
1505 1581 1513 1606 ;

857 1615 986 1651 Plinius,
1002 1615 1054 1645 xii.
1073 1616 1110 1645 15
1127 1626 1134 1652 ;
1152 1614 1293 1645 Dioscor.
1305 1614 1328 1644 i.
1347 1615 1388 1644 64
1403 1622 1434 1646 et
1451 1617 1510 1654 693

856 1667 969 1695 Noster
997 1664 1065 1694 Art.
1087 1664 1194 1694 Amat.
1219 1664 1240 1694 i.
1259 1664 1342 1693 287:
1369 1664 1460 1695 Illius
1481 1673 1509 1695 ct

857 1714 996 1749 lacrimis,
1010 1725 1080 1753 quas
1091 1713 1315 1754 arboresundit
1326 1714 1427 1749 odora,
1445 1715 1508 1745 Un-

852 1764 997 1802 guimur3
1023 1768 1050 1791 et
1071 1764 1194 1792 dominas
1217 1763 1333 1791 nomina
1356 1769 1445 1803 gutta
1468 1771 1510 1794 te-

855 1817 915 1841 net.
960 1812 1050 1841 Hanc
1072 1810 1208 1840 fabulam
1228 1810 1272 1840 ita
1291 1810 1510 1852 interpretatur

855 1859 1050 1900 Fulgentius,
1068 1858 1205 1900 Mythol.
1220 1858 1264 1888 iii.
1280 1860 1298 1889 8
1312 1872 1317 1888 ;
1346 1864 1366 1876 “
1380 1860 1511 1901 Myrrha

853 1918 951 1948 genus
966 1914 1012 1938 est
1031 1906 1157 1942 arboris,
1174 1906 1212 1937 de
1235 1917 1297 1947 qua
1317 1918 1429 1938 succus
1445 1908 1509 1950 ipse

854 1956 990 1986 exudat:
1018 1956 1083 1986 haec
1103 1960 1222 1997 patrem
1242 1955 1361 1986 amasse
1381 1955 1508 1988 dicitur.

853 2005 925 2035 Istae
943 2005 1025 2036 enim
1041 2005 1162 2035 arbores
1178 2003 1316 2035 inludia
1337 2011 1420 2039 sunt,
1439 2016 1508 2046 quae

853 2054 931 2084 Solis
942 2052 1096 2084 caloribus
1108 2052 1372 2083 crementantur.'’
1397 2054 1509 2092 (Mun-

853 2102 944 2132 kerus
972 2101 1058 2142 legit,
1088 2107 1263 2136 creumztur,
1288 2101 1321 2130 id
1348 2107 1404 2137 est,
1430 2102 1507 2133 inci-

855 2150 989 2188 (iuntur3
1004 2162 1093 2181 crena
1105 2149 1198 2185 enim,
1209 2149 1328 2190 κρήνη,
1340 2149 1473 2182 incisura
1482 2152 1507 2190 ε)

855 2203 877 2216 “
895 2199 935 2229 Et
950 2199 1024 2240 quia
1044 2205 1162 2241 patrem
1183 2198 1320 2228 omnium
1336 2209 1436 2229 rerum
1452 2201 1506 2231 So-

855 2248 916 2279 lem
948 2258 1014 2278 esse
1043 2247 1200 2283 dicebant,
1229 2248 1318 2288 cujus
1354 2249 1507 2289 opitulatu

854 2303 967 2328 cuncta
982 2296 1154 2338 germinum
1171 2296 1320 2327 adolescit
1332 2297 1506 2334 maturitas,

852 2345 922 2376 ideo
942 2351 974 2376 et
988 2352 1107 2387 patrem
1123 2345 1242 2375 amasse
1258 2344 1371 2375 (licitur
1385 2359 1390 2375 :
1416 2345 1505 2376 dum-

853 2404 913 2434 que
928 2393 1098 2435 grandioris
1115 2394 1181 2434 jam
1200 2392 1291 2424 fuerit
1305 2393 1430 2429 roboris,
1448 2395 1504 2424 So-

853 2442 889 2472 lis
905 2442 1064 2472 ardoribus
1077 2451 1220 2483 crepans,
1232 2441 1385 2483 rhagades
1400 2442 1504 2483 (fissu—

852 2490 917 2528 ras)
933 2491 1037 2526 efficit,
1052 2501 1107 2531 per
1121 2500 1198 2530 quas
1213 2500 1340 2520 succum
1361 2490 1505 2528 desudat,

852 2539 934 2580 quod
953 2539 1076 2581 myrrha
1091 2539 1220 2569 dicitur:
1246 2544 1277 2569 et
1293 2538 1504 2570 redolentibus

850 2588 1014 2619 lacrimosa
1033 2587 1174 2629 guttulis,
1189 2588 1280 2618 fletus
1300 2598 1410 2619 suaves
1426 2589 1501 2620 scis-

851 2637 928 2668 suris
956 2637 1112 2667 hiantibus
1136 2636 1302 2678 jaculatur.
1349 2637 1439 2669 Unde
1472 2642 1500 2667 et

852 2686 992 2716 Adonem
1010 2685 1150 2727 genuisse
1168 2685 1298 2716 fertur.''
