1779 3130
241 183 325 223 272

634 177 683 216 P.
717 175 930 217 OVIDII
964 175 1242 217 NASONIS

246 295 508 355 Multaque
535 306 612 337 me
637 290 846 353 fugiant,
874 290 1043 353 primis
1070 297 1298 353 spectata
1323 290 1414 335 sub
1441 288 1609 343 annis3

244 372 397 418 Plura
420 377 587 415 tamen
613 367 830 422 memini,
858 382 968 422 nec,
997 383 1109 429 quae
1135 366 1293 428 magis
1319 366 1503 412 haereat
1526 364 1625 418 illa,

242 448 454 494 Pectore
480 461 557 492 res
584 451 750 491 nostro
775 452 852 491 est
875 445 1002 492 inter
1022 444 1257 506 bellique,
1279 441 1516 504 domique
1536 443 1627 487 185

243 525 372 570 Acta
395 529 494 578 tot3
536 538 593 568 ac
620 521 660 567 si
687 537 837 583 quem
864 521 1025 583 potuit
1050 520 1270 583 spatiosa
1294 526 1526 566 senectus

245 601 590 664 Spectatorem
616 613 821 660 operum
847 599 1112 645 multorum
1145 597 1367 652 reddere,
1395 595 1494 641 vixi

243 677 415 723 Annos
441 675 517 722 bis
543 682 772 721 centum:
813 691 944 721 nunc
970 675 1116 722 tertia
1139 674 1317 720 vivitur
1342 679 1479 719 aetas.

244 754 394 800 Clara
417 753 595 799 decore
619 751 712 797 fuit
736 752 900 814 proles
928 750 1123 798 Elateia
1149 749 1330 805 Caenis,

1463 750 1626 811 [quas‚

243 828 592 876 Thessalidum
629 827 765 889 virgo
802 827 1160 890 pulcherrima3
1203 841 1392 890 perque
1429 825 1628 888 propin-

241 955 383 991 antiquus
409 949 515 980 Nestor
536 947 664 979 Heroid.
680 948 701 978 i.
717 949 774 978 63:
801 950 900 983 ιιινιία,

241 1002 316 1042 quia
330 999 432 1030 reddit
448 998 587 1029 homines
602 997 716 1033 tardos,
732 997 781 1028 vel
798 997 902 1038 quoad

242 1060 364 1091 corpus,
385 1048 434 1078 vel
459 1046 561 1088 quoad
588 1046 759 1086 ingenium,
782 1052 817 1075 ut
842 1045 902 1075 hoc

240 1099 319 1129 loco.
352 1098 451 1138 Supra
467 1095 520 1126 vii.
538 1096 612 1126 478.
631 1096 735 1125 tardus
748 1097 903 1136 gravitate

241 1149 340 1178 senili.
367 1147 476 1176 Primis
491 1147 544 1175 sub
559 1146 657 1179 aunis,
673 1144 772 1185 prima
787 1149 878 1174 aetate
894 1156 901 1173 ε

242 1198 294 1226 snb
314 1206 395 1237 saepe
411 1206 465 1237 pro
486 1196 540 1231 i7z;
565 1193 635 1224 vide
651 1193 803 1223 Burman.
822 1192 861 1223 ad
883 1193 902 1222 i.

242 1246 316 1276 689.
361 1243 509 1274 Similiter
535 1245 566 1273 in
591 1248 622 1273 et
646 1243 699 1272 sub
720 1243 811 1271 armis
833 1251 903 1282 pro-

243 1294 360 1324 miscue
387 1297 551 1334 usurpant.
597 1290 801 1321 Locutionem
825 1292 903 1320 domi

243 1344 368 1383 bellique
391 1340 604 1382 comprobavit
618 1339 766 1370 Heinsius
790 1350 826 1369 ex
851 1339 899 1370 Ci-

242 1401 365 1426 cerone,
376 1390 440 1421 Off.
451 1389 483 1419 ii.
494 1391 547 1419 24.
559 1389 612 1419 ubi
628 1400 673 1418 res
689 1389 757 1418 belli
773 1394 800 1418 et
815 1389 903 1418 domi.

246 1441 336 1476 Belli,
353 1439 438 1481 apud
462 1438 577 1473 hostes,
594 1440 683 1474 domi,
700 1437 732 1467 in
751 1447 806 1467 sua
825 1437 902 1467 civi-

243 1494 319 1519 tate.
366 1487 452 1517 Alibi
468 1489 548 1517 domi
570 1488 751 1526 mstifflrque,
768 1486 902 1526 domiso-

244 1540 353 1577 ·m'sqne.
399 1537 549 1567 Haerebat
568 1542 672 1566 autem
694 1535 748 1565 illa
769 1545 816 1565 res
840 1541 903 1565 tam

245 1587 371 1617 firmiter
387 1591 510 1627 propter
531 1584 743 1615 fortitudinem
760 1584 903 1619 virorum,

243 1635 296 1676 qui
326 1635 353 1665 ei
381 1634 606 1671 interfuerant;
630 1634 794 1668 Homerus,
823 1632 905 1663 dicto

244 1686 322 1715 loco.

289 1734 360 1764 186.
379 1733 523 1772 Spatiosa,
535 1737 569 1762 ut
582 1730 647 1761 xiii.
658 1731 731 1761 206.
744 1732 903 1770 spatiosum

243 1784 363 1813 bellum.
408 1782 485 1811 Mox
502 1781 581 1811 male
597 1779 804 1820 suspicantur,
821 1779 904 1810 exci-

243 1831 324 1861 disse
342 1836 410 1872 post
424 1831 545 1860 reddere
556 1828 715 1870 apodosin,
728 1835 823 1870 atque
837 1828 904 1859 haec

244 1881 414 1915 inculcant,
431 1886 510 1910 certe
528 1879 578 1908 Me
591 1880 699 1917 potuit,
717 1879 776 1907 uidi
794 1879 844 1917 qni
861 1884 902 1907 tot

232 1932 301 1969 jum
317 1929 435 1959 sarcula.
480 1927 566 1957 Talis
588 1926 671 1956 enim
687 1925 842 1956 sententia
857 1925 901 1956 sa-

242 1978 302 2010 cile
318 1976 485 2019 cogitando
504 1975 641 2018 suppleri
656 1980 768 2016 potest,
783 1975 901 2016 inepte-

243 2037 306 2068 que
323 2037 341 2057 a
356 2031 449 2068 poeta
468 2031 549 2056 esset
570 2024 687 2055 addita.
734 2025 830 2060 AEtus,
847 2035 903 2054 sae-

244 2076 361 2111 culum,
378 2085 414 2104 eo
440 2084 542 2110 sensu,
560 2083 621 2114 quo
646 2071 737 2103 hodie
759 2073 901 2109 sumitur,

243 2124 298 2155 sed
326 2123 409 2165 apud
435 2129 556 2154 veteres
581 2122 740 2152 Romanos
763 2124 902 2153 seculum

244 2183 305 2202 non
322 2172 455 2202 habebat
472 2170 627 2201 notionem
648 2176 711 2201 tam
730 2170 901 2202 definitam.

245 2223 351 2258 Quum
376 2221 470 2262 igitur
495 2220 609 2250 Nestor
634 2229 652 2249 a
680 2219 790 2250 Naevio
820 2221 902 2262 apud

243 2270 393 2305 Gellium,
418 2269 461 2300 ix.
484 2270 516 2299 7.
541 2274 668 2299 vocatur
692 2270 900 2305 triseclisener,

244 2319 337 2360 eique
359 2329 378 2348 a
391 2317 528 2353 Tibullo,
543 2317 603 2348 1V.
619 2318 639 2348 i.
655 2319 706 2348 50.
721 2324 751 2348 et
769 2317 839 2348 112.
856 2324 901 2348 at-

245 2377 306 2408 que
322 2378 340 2398 a
355 2366 526 2408 Propertio,
544 2366 590 2396 11.
608 2378 639 2396 x.
658 2367 709 2397 46.
725 2367 903 2398 tribuuntur

246 2417 303 2447 tria
317 2417 428 2452 secula,
443 2415 519 2446 nihil
534 2415 580 2445 illi
599 2415 762 2451 definiunt,
780 2415 834 2446 sed
850 2427 904 2446 ex-

244 2466 375 2508 primere
404 2465 488 2496 haud
522 2465 616 2495 dubie
646 2465 810 2496 voluerunt
844 2472 904 2496 tres

246 2516 369 2556 γενεὰς,
385 2525 463 2556 quas
485 2514 609 2545 Nestori
631 2514 768 2555 assignat
788 2516 903 2545 Home·

245 2574 308 2598 rus,
326 2563 365 2593 ll.
378 2567 416 2594 A.
432 2563 493 2593 247
506 2573 575 2604 sqq.
587 2563 639 2593 ubi
654 2562 835 2594 scholiastes
849 2563 903 2593 ob-

246 2618 358 2647 servat,
374 2612 490 2653 γενεὰν
505 2611 587 2653 apud
605 2617 726 2642 veteres
742 2611 835 2643 fuisse
851 2612 903 2642 tri-

245 2660 333 2700 ginta
361 2671 512 2691 annorum
528 2672 535 2698 3
567 2671 660 2701 quem
689 2660 778 2691 multi
806 2661 903 2691 secuti

248 2708 379 2739 Nestora
391 2708 531 2740 fecerunt
539 2710 779 2750 nonagenarium
789 2720 904 2741 senem.

970 949 1030 979 Sed
1046 959 1146 989 neque
1162 948 1201 978 de
1217 949 1330 989 γενεᾶς
1345 947 1444 988 spatio
1460 945 1631 988 quidquam

971 997 1136 1028 decernere
1153 997 1239 1027 licet.
1278 996 1410 1028 Ovidius
1426 1001 1530 1026 autem
1548 995 1630 1024 male

969 1046 1191 1087 interpretatus
1210 1052 1257 1076 est
1274 1047 1424 1081 seculum,
1441 1054 1632 1086 quamquam

970 1095 1168 1126 Schirachius
1196 1095 1308 1125 fatetur
1334 1104 1366 1124 se
1389 1094 1421 1124 in
1444 1092 1631 1124 sententiam

972 1143 1079 1174 Ovidii
1096 1145 1138 1174 ire
1154 1156 1162 1181 3
1178 1143 1294 1185 quippe
1310 1154 1371 1174 non
1386 1141 1550 1183 indignum
1566 1141 1634 1172 Ho-

972 1203 1067 1227 mero,
1085 1192 1179 1223 immo
1198 1191 1357 1222 laudabile
1376 1191 1480 1226 fuerit,
1496 1190 1520 1220 si
1540 1190 1630 1221 intel-

972 1242 1116 1282 ligamus,
1144 1242 1316 1272 Homerum
1345 1241 1479 1271 Nestora
1505 1239 1631 1270 finxisse

972 1292 1033 1321 300
1047 1301 1196 1321 annorum
1211 1301 1316 1321 senem
1329 1302 1337 1328 ;
1352 1290 1430 1320 tales
1445 1288 1529 1320 enim
1543 1298 1634 1319 senes

971 1338 1074 1370 adhuc
1093 1339 1237 1370 existere.
1263 1338 1326 1369 [bi
1339 1338 1465 1370 tandem
1479 1338 1634 1368 existunt?

976 1389 1096 1419 Vicitur
1119 1395 1188 1419 retas
1212 1391 1313 1424 tei-tia,
1334 1398 1399 1429 pro,
1423 1392 1549 1417 aetatem
1572 1392 1631 1417 ter-

971 1438 1046 1468 tiam
1067 1449 1145 1478 ago3
1172 1438 1254 1472 Quid
1277 1438 1402 1479 agitur?
1426 1436 1496 1466 Par.
1512 1437 1632 1470 Slatnr,

972 1487 1054 1528 apud
1077 1487 1202 1517 Terent.
1218 1488 1300 1517 Eun.
1319 1486 1363 1516 ΙΙ.
1379 1485 1411 1515 ii.
1428 1486 1479 1515 40.
1528 1485 1632 1515 Vivere

972 1543 1097 1571 (etatem,
1108 1546 1211 1577 agere,
1225 1542 1258 1566 ut
1270 1538 1366 1566 virere
1379 1546 1484 1570 annos,
1498 1546 1547 1565 xv.
1558 1536 1631 1565 401.

973 1592 1004 1615 et
1020 1588 1116 1616 vivere
1131 1593 1175 1615 ter
1187 1597 1270 1616 senas
1283 1585 1476 1625 Olympiadas
1492 1584 1632 1614 Martial.

972 1634 1028 1664 vii.
1044 1635 1105 1672 393
1131 1644 1200 1675 quae
1220 1633 1291 1664 loca
1313 1632 1456 1664 laudavit
1479 1633 1633 1665 Burman-

974 1695 1041 1714 uus.

1019 1734 1092 1763 189.
1116 1733 1216 1762 Elatei
1232 1731 1325 1761 filiam
1343 1731 1462 1761 faciunt
1477 1730 1633 1761 Luciauus

974 1781 1004 1812 in
1027 1781 1132 1816 Gallo,
1149 1787 1180 1812 et
1201 1781 1357 1822 Hyginus,
1377 1779 1491 1810 fab.14
1510 1787 1541 1810 et
1559 1781 1634 1810 242.

974 1833 1093 1862 :iti-acis
1122 1831 1186 1861 filia
1221 1836 1268 1860 est
1297 1829 1458 1861 Antonino
1486 1829 1633 1864 Liberali,

970 1891 1042 1921 cap.
1061 1881 1111 1910 17.
1129 1891 1222 1921 quem
1238 1880 1352 1910 Noster
1369 1890 1434 1909 ver.
1451 1879 1514 1909 209
1529 1879 1632 1919 sequi-

971 1935 1031 1965 tur,
1047 1939 1116 1969 quae
1140 1928 1351 1959 inconstantia
1371 1939 1432 1958 non
1449 1934 1550 1969 potest
1572 1938 1633 1958 non

971 1977 1154 2019 improbari3
1178 1977 1316 2018 ejusdem
1334 1976 1530 2016 negligentiae
1546 1987 1630 2007 reum

971 2037 1003 2057 se
1018 2027 1094 2056 fecit
1110 2027 1264 2057 interdum
1282 2025 1376 2056 etiam
1393 2025 1548 2066 Hyginus,
1564 2037 1593 2055 v.
1605 2037 1635 2056 c.

970 2076 1034 2106 fab.
1056 2076 1106 2105 10.
1124 2075 1175 2105 ubi
1192 2075 1330 2105 Neleum
1350 2073 1585 2115 Hippocoontis,
1602 2081 1632 2104 et

970 2124 1062 2165 paulo
1087 2130 1156 2165 post
1180 2133 1250 2154 cum
1277 2122 1346 2153 aliis
1369 2122 1509 2163 Neptuni
1532 2122 1629 2153 filium

970 2173 1058 2204 facit.
1104 2172 1174 2203 Nisi
1201 2172 1241 2202 ad
1268 2171 1483 2202 excusandum
1507 2177 1630 2212 poetam

971 2222 1068 2257 dicas,
1084 2232 1147 2252 ver.
1170 2221 1244 2252 209.
1268 2220 1512 2262 patronymicum
1537 2221 1631 2250 Atra-

971 2272 1049 2301 cides
1071 2270 1204 2311 positum
1228 2280 1282 2311 pro
1305 2268 1459 2310 gentilitio
1478 2269 1632 2305 Ati-acius,

971 2319 1002 2349 id
1019 2325 1065 2349 est
1080 2319 1261 2350 Thessalus.
1296 2320 1417 2348 Atracis
1433 2318 1632 2357 Hippodamia

971 2374 1018 2398 est
1033 2367 1163 2398 Heroid.
1180 2367 1255 2397 xvii.
1273 2367 1349 2397 247.
1395 2366 1533 2396 Similem
1549 2365 1629 2396 diffi-

971 2417 1119 2447 cultatem
1136 2416 1300 2447 habuimus
1315 2426 1408 2457 supra
1425 2426 1455 2445 x.
1473 2415 1543 2446 162.
1569 2416 1630 2446 Cae-

972 2477 1043 2495 neus
1061 2471 1092 2496 et
1114 2465 1197 2507 apud
1220 2465 1388 2495 Homerum
1410 2469 1441 2494 et
1459 2463 1632 2494 Hesiodum

971 2525 1033 2555 prae
1050 2514 1177 2555 reliquis
1193 2514 1378 2544 nominatur.
1409 2513 1518 2543 Plures
1536 2513 1633 2543 Coenei

972 2569 1188 2594 memorantur.
1233 2563 1294 2593 Sed
1319 2562 1459 2593 Elatides
1483 2562 1632 2604 imprimis

972 2612 1095 2643 nobilis.
1132 2612 1213 2643 Vide
1230 2611 1389 2652 Heynium
1406 2611 1445 2641 ad
1461 2611 1633 2652 Apollodo-

972 2672 1049 2697 rum,
1066 2661 1092 2691 I.
1108 2661 1153 2691 ix,
1170 2662 1218 2692 16.
1235 2660 1321 2691 Infra
1337 2671 1398 2690 ver.
1413 2660 1486 2690 479.
1498 2670 1516 2690 a
1531 2660 1632 2701 patria

975 2711 1129 2752 Phylleius
1139 2718 1282 2742 vocatur:
1299 2709 1436 2741 Hesiodo
1445 2709 1558 2739 dicitur
1570 2720 1631 2739 rex.
