1779 3130
346 159 964 202 METAMORPHOSEON
1000 158 1116 199 LIB.
1151 157 1296 200 XIII.
1431 160 1508 199 {351

128 272 271 320 Hanc
297 290 392 320 non
419 274 684 322 femineum
705 275 881 336 jugulo
906 274 1023 320 dare
1051 279 1225 335 pectus
1247 279 1435 335 aperto,

127 347 287 403 Illam,
315 350 532 396 demisso
557 365 645 412 per
669 349 812 395 fortia
835 350 1039 396 vulnera
1062 349 1161 395 telo

1419 351 1513 395 694

127 423 227 470 Pro
254 426 438 487 populo
463 425 705 472 cecidisse
732 441 848 479 suo;
885 424 1207 488 pulchrisque
1232 440 1320 486 per
1344 425 1515 472 urbem

128 499 404 546 Funeribus
430 500 558 555 serri,
586 500 872 562 celebrique
898 501 946 546 in
972 507 1110 563 parte
1136 500 1342 546 cremari
1364 517 1373 547 :

126 574 252 621 Tum
279 576 340 622 de
364 576 584 638 virginea
608 576 830 638 geminos
857 577 993 623 exire
1018 575 1197 630 favilla,

128 651 206 698 Ne
232 668 389 713 genus
415 653 640 709 intereat,
662 654 888 715 juvenes,
915 668 1038 714 quos
1065 651 1195 697 fama
1221 651 1442 699 Coronas

127 727 381 783 Nominat,
409 736 460 775 et
484 729 635 776 cineri
661 736 882 775 materno
908 730 1090 775 ducere
1117 743 1366 790 pompam.

192 803 448 852 Hactenus
474 805 678 867 antiquo
703 805 857 867 signis
883 803 1186 866 fulgentibus
1214 820 1309 850 aere

1418 808 1513 850 700

129 880 365 927 Summus
391 882 616 928 inaurato
642 890 802 929 crater
827 889 931 928 erat
956 897 1101 944 asper
1127 881 1365 936 acantho;

128 956 237 1003 Nec
263 958 446 1004 leviora
469 958 597 1005 datis
623 957 822 1020 Trojani
848 958 978 1004 dona
997 957 1280 1012 remittunt3

127 1032 364 1096 Dantque
380 1035 641 1090 sacerdoti,
655 1035 913 1081 custodem
930 1034 1071 1089 turis,
1085 1048 1328 1088 acerram3
1360 1034 1512 1094 [nam.

128 1107 264 1156 Dant
295 1118 532 1173 pateram,
560 1112 845 1172 claramque
872 1126 1004 1165 auro,
1033 1108 1343 1170 gemmisque
1377 1125 1514 1155 coro-

191 1185 251 1233 V.
293 1186 416 1234 Inde
442 1187 685 1234 recordati
709 1186 928 1234 Teucros
954 1202 984 1232 a
1007 1184 1247 1246 sanguine
1272 1184 1450 1231 Teucri

124 1316 178 1336 nos
198 1306 435 1347 assignabatur3
460 1307 553 1338 Corn.
569 1308 687 1349 Nepos,
700 1308 740 1337 X.
757 1319 786 1338 x.

124 1355 154 1385 2.
166 1354 204 1385 de
216 1355 336 1386 Dione:
356 1355 460 1396 Itaque
472 1358 502 1386 in
516 1358 589 1386 urbe
601 1357 787 1387 celeberrimo

126 1404 196 1439 loco,
209 1404 304 1435 elatus
315 1406 445 1444 publice,
458 1406 587 1444 sepulcri
602 1411 787 1435 monumento

127 1455 256 1483 donatus
271 1461 335 1490 est5
360 1453 430 1484 vide
448 1453 588 1486 Kirchm.
604 1453 642 1484 de
660 1454 787 1483 Funeri-

125 1501 193 1536 bus,
204 1501 259 1532 lib.
271 1501 303 1532 ii.
317 1512 388 1543 cap.
401 1503 453 1533 25.
465 1507 496 1532 et
512 1503 563 1532 26.
611 1501 788 1543 Quosfama

128 1550 258 1580 Coronas
287 1550 455 1588 Nominat‚·
490 1551 681 1586 Lactantius,
711 1550 789 1590 Arg.

125 1601 175 1638 qui
202 1605 229 1628 et
256 1601 408 1640 virginum
435 1601 551 1630 nornine
576 1600 695 1629 Coronas
718 1606 788 1629 sunt

126 1648 274 1677 nominati
286 1659 295 1684 ,-
309 1647 426 1678 Anton.
442 1648 595 1678 Liberalis
608 1648 638 1677 d.
650 1648 671 1678 l.
681 1652 787 1689 Προσ-

125 1695 317 1736 αγορεὺουσι
332 1694 356 1725 δ’
373 1696 474 1732 αὑτὰς
490 1697 568 1736 ἄχρι
585 1697 646 1727 νῦν
659 1695 784 1732 Αἰολεῖς

126 1743 319 1783 Κορωνὶὂας
335 1744 530 1785 παρθένους.

167 1793 240 1822 700.
264 1792 364 1834 Signis
376 1793 595 1834 fulgentibus3
620 1793 681 1823 duo
697 1793 786 1823 Basi-

126 1840 247 1871 leenses
268 1847 299 1871 et
314 1851 393 1871 unus
407 1841 522 1871 Moreti
544 1842 637 1881 signis
659 1843 785 1871 extanti-

123 1889 188 1923 bus,
206 1894 239 1919 ut
265 1888 319 1918 xii.
341 1890 414 1920 235.
461 1889 556 1929 Regii
583 1889 651 1919 cod.
673 1889 790 1920 habent

111 1937 333 1978 fulgentibus5
361 1937 469 1967 malim
489 1943 594 1967 tamen
610 1939 788 1974 enantibus,

121 1985 153 2016 id
170 1990 226 2021 est,
243 1985 470 2024 eminentibus3
494 1995 629 2026 namque
644 1985 675 2015 in
688 1987 788 2027 operi-

121 2035 181 2065 bus
195 2034 318 2065 coelatis
336 2039 451 2076 partes,
470 2045 539 2076 quae
561 2034 710 2070 eminent,
727 2035 786 2065 ful-

122 2088 197 2123 gent
223 2083 325 2113 minus
354 2093 447 2124 quam
476 2093 546 2123 quae
571 2083 673 2123 planae
700 2089 785 2114 sunt.

123 2132 261 2161 Summus
282 2137 393 2167 crater,
412 2142 445 2162 os
465 2131 600 2167 crateris,
617 2138 681 2162 erat
701 2143 786 2171 asper

124 2183 268 2210 inaurato
298 2181 436 2215 acantho,
463 2180 494 2210 h.
522 2191 550 2210 e.
575 2181 607 2210 in
635 2191 671 2211 eo
694 2190 786 2211 aureo

125 2229 248 2270 sculpta
274 2235 339 2259 erat
369 2229 467 2270 figura
497 2239 607 2270 aspera
637 2228 782 2259 acanthi:

125 2279 273 2308 acanthus
297 2277 393 2308 herba
413 2277 526 2307 nobilis
548 2283 579 2307 et
598 2277 710 2313 mollis,
724 2286 787 2318 qua

125 2331 156 2356 et
181 2336 262 2356 ansae
292 2326 473 2366 poculorum
498 2325 598 2356 ornari
624 2325 786 2362 solebant;

125 2373 288 2415 Virgilius,
310 2374 419 2414 Eclog.
441 2373 484 2404 iii.
501 2375 554 2405 45.
602 2375 785 2410 Remittunt,

124 2422 260 2455 vicissim
282 2423 373 2454 dant.
420 2423 583 2459 Sacerdoti,
599 2422 691 2459 Anio,
705 2434 782 2464 qua-

125 2477 215 2503 tenus
235 2472 377 2503 sacerdos
402 2478 478 2508 erat,
495 2472 571 2502 dant
595 2482 732 2503 acerram
753 2478 784 2503 et

125 2526 286 2562 pateram;
331 2526 487 2561 quatenus
524 2531 588 2556 rex,
626 2530 782 2551 coronam.

126 2570 241 2599 Acerra
256 2580 316 2600 non
332 2575 378 2599 est
400 2569 582 2603 turibulum,
597 2579 661 2604 ara,
677 2568 706 2598 in
723 2578 786 2609 qua

126 2624 176 2648 tus
189 2617 373 2653 adoleretur,
386 2624 420 2648 ut
435 2618 526 2658 vulgo
538 2623 658 2659 putant,
673 2617 738 2653 sed,
753 2624 785 2647 ut

126 2665 177 2695 hic
202 2666 267 2707 ipse
292 2666 380 2696 locus
403 2666 477 2697 satis
501 2665 601 2699 docet.
625 2665 783 2695 vasculum

855 1313 909 1337 aut
931 1305 1049 1341 arcula,
1065 1304 1097 1334 in
1120 1314 1182 1345 qua
1204 1310 1272 1335 tura
1291 1305 1516 1335 conservaban—

855 1361 915 1392 tur,
931 1361 966 1386 ut
981 1354 1054 1385 inde
1070 1353 1253 1395 deprompta
1273 1354 1304 1383 in
1326 1354 1427 1393 ignem
1444 1365 1517 1384 con-

850 1405 1040 1446 jicerentur3
1069 1401 1142 1432 hinc
1167 1409 1261 1432 custos
1286 1404 1374 1438 turis,
1396 1408 1429 1432 ut
1457 1402 1518 1432 viii.

856 1455 929 1483 320.
945 1453 1092 1494 pharetra
1108 1458 1203 1480 custos
1218 1452 1353 1480 telorum.
1401 1452 1515 1480 (ὀνοηιι

857 1502 907 1533 hic
934 1513 995 1532 non
1021 1507 1068 1531 est
1094 1499 1346 1534 sacrificantium,
1371 1510 1408 1529 ea
1435 1500 1517 1529 enim

857 1562 918 1581 non
941 1551 1072 1591 genimis
1092 1555 1202 1581 ornata
1222 1553 1297 1582 erat,
1310 1548 1364 1577 sed
1380 1547 1465 1578 vittis
1486 1553 1515 1577 el

857 1599 964 1630 infulis
986 1606 1040 1629 aut
1066 1598 1227 1630 frondibus
1245 1596 1340 1627 sacris
1360 1597 1517 1638 implexa3

858 1659 964 1679 verum
982 1648 1138 1683 diadema,
1154 1645 1241 1676 intel.
1255 1644 1374 1685 insigne
1388 1645 1516 1685 regium,

855 1702 890 1727 ut
906 1696 988 1738 apud
1002 1697 1182 1738 Virgilium,
1195 1695 1272 1724 AEn.
1286 1693 1306 1723 i.
1320 1694 1392 1723 655.
1405 1694 1514 1734 (quem

855 1746 968 1775 Noster
983 1745 1122 1776 imitatus
1137 1742 1217 1778 est,)
1236 1742 1354 1772 AEneas
1375 1741 1443 1772 ferri
1464 1742 1515 1783 ju-

854 1793 907 1823 bet
928 1793 1007 1823 inter
1027 1793 1090 1823 alia
1112 1801 1252 1826 munera,
1268 1792 1416 1829 duplicem
1436 1802 1517 1831 gem·-

855 1844 909 1872 mis
931 1853 1061 1882 auroque
1084 1852 1240 1877 coronam5
1269 1839 1340 1870 vide
1364 1839 1406 1870 ibi
1430 1841 1516 1881 Hey-

856 1891 954 1921 nium.

900 1940 1081 1970 705—968.
1121 1939 1249 1973 AEneas,
1279 1936 1394 1968 relictis
1425 1937 1518 1968 variis

856 1987 942 2024 locis,
968 1987 1007 2018 ad
1034 1987 1167 2027 Scyllam
1191 1985 1288 2021 venit,
1316 1985 1404 2026 cujus
1432 1985 1515 2019 satis,

856 2037 988 2078 abrupta
1025 2034 1173 2066 orationis
1210 2034 1299 2070 serie,
1337 2034 1517 2065 immoratur

854 2090 957 2126 poeta.
1003 2085 1116 2126 Scyllae
1143 2083 1225 2114 enim
1256 2083 1387 2113 Galatea
1413 2089 1517 2114 narrat

856 2134 1028 2174 Polyphemi
1060 2142 1180 2162 amores
1203 2132 1360 2171 Acidisque
1384 2132 1514 2168 obitum,

854 2182 1039 2219 740—897;
1058 2181 1086 2211 ei
1097 2180 1209 2211 deinde
1225 2185 1353 2221 apparet
1367 2180 1513 2216 Glaucus,

853 2231 885 2260 in
909 2231 1013 2261 Deum
1041 2229 1193 2259 marinum
1215 2233 1364 2264 mutatus,
1386 2229 1459 2259 898.
1475 2228 1514 2258 ad

853 2278 956 2309 finem.
1001 2278 1155 2308 Auctores
1182 2276 1288 2307 horum
1304 2275 1375 2306 vide
1396 2278 1435 2306 ad
1453 2286 1515 2308 ver.

854 2327 929 2357 755.
957 2331 988 2357 et
1027 2327 1100 2357 898.
1146 2324 1223 2355 Inde
1259 2326 1419 2360 recordati,
1449 2330 1512 2355 etc.

853 2375 959 2412 Quum
994 2374 1154 2404 oraculum
1188 2371 1348 2413 antiquam
1384 2379 1513 2404 matrem

851 2429 956 2464 petere
987 2422 1140 2464 jussisset,
1171 2421 1325 2452 Anchises
1355 2422 1514 2454 revolvens

851 2471 954 2502 animo
970 2478 1087 2502 veteres
1107 2470 1259 2505 historias,
1276 2471 1402 2501 Cretam
1423 2471 1514 2503 intel-

852 2520 905 2561 ligi
932 2525 1033 2562 putat,
1052 2519 1135 2550 unde
1160 2519 1233 2549 olim
1257 2519 1369 2549 Teucer
1384 2528 1511 2552 venerat

853 2569 884 2598 iu
907 2578 1014 2609 agrum
1029 2568 1209 2609 Troianum.
1255 2568 1326 2597 Huc
1348 2578 1420 2609 ergo
1443 2570 1509 2600 ala-

853 2627 920 2647 cres
941 2616 1085 2651 tendunt‚
1101 2616 1206 2656 ibique
1221 2621 1252 2646 et
1272 2625 1379 2656 agrum
1395 2617 1512 2655 colunt,

854 2671 885 2695 et
907 2666 1014 2696 urbem
1037 2665 1237 2704 Pergameam
1259 2664 1407 2698 condunt.
1451 2665 1512 2698 Sed
