1779 3130
359 156 974 199 METAMORPHOSEON
1007 156 1126 200 LIB.
1160 158 1250 200 IX.

1406 162 1489 203 1⁶23

119 267 189 314 Ut
210 268 349 315 dolor
369 270 587 325 increvit,
614 286 768 333 seque
793 270 955 333 ipsum
980 271 1173 334 pondus
1198 273 1248 319 in
1273 287 1415 321 auras

121 342 341 406 Expulit,
365 351 415 392 et
433 352 550 392 nata
567 352 644 392 est
668 346 835 406 ignaro
860 345 1042 394 femina
1066 347 1218 410 patri;

118 417 147 463 J
154 418 277 465 ussit
301 420 362 467 ali
389 427 560 475 mater,
587 437 792 483 puerum
816 422 1052 479 mentita3
1082 423 1332 486 fidemque
1391 428 1486 473 705

121 493 222 541 Res
247 495 445 552 habuit3
475 512 636 558 neque
661 504 766 543 erat
789 496 904 544 facti
930 498 1022 544 nisi
1048 498 1246 546 conscia
1270 500 1451 547 nutrix.

119 569 246 617 Vota
270 578 412 634 pater
437 571 598 628 solvit,
625 588 905 635 nomenque
931 573 1139 636 imponit
1163 575 1345 622 avitum
1368 593 1378 623 ;

119 644 255 707 Iphis
281 663 398 694 avus
420 647 606 695 fuerat:
646 648 814 709 gavisa
837 654 914 695 est
937 649 1132 696 nomine
1157 657 1327 705 mater,

119 720 264 774 Quod
289 739 550 770 commune
573 723 712 778 foret,
730 739 821 770 nec
847 739 1149 787 quemquam
1174 725 1364 773 falleret
1388 726 1488 773 illo.

121 797 434 862 Impercepta
457 800 540 862 pia
563 800 821 847 mendacia
843 799 1012 847 fraude
1039 802 1275 848 latebant.

1395 806 1491 849 710

122 873 301 920 Cultus
326 881 431 922 erat
454 875 621 938 pueri:
650 875 815 932 facies,
844 892 993 938 quam
1020 876 1121 924 sive
1146 878 1339 940 puellae,

123 950 237 998 Sive
261 952 403 998 dares
428 968 596 1016 puero,
623 952 762 1000 fieret
785 952 1026 999 formosus
1052 961 1277 1016 uterque.

121 1027 315 1074 Tertius
340 1029 526 1075 interea
549 1030 741 1076 decimo
767 1037 1074 1076 successerat
1099 1045 1283 1086 annus3

122 1103 286 1157 Quum
312 1111 466 1167 pater,
488 1104 617 1168 Iphi,
635 1105 723 1152 tibi
748 1105 923 1151 flavam
944 1105 1224 1168 despondet
1249 1105 1457 1153 Ianthen
1476 1124 1487 1163 ;

123 1179 258 1226 Inter
278 1180 588 1228 Phaestiadas
613 1197 725 1244 quae
744 1181 1084 1228 laudatissima
1108 1181 1275 1228 formae

1395 1185 1489 1230 715

121 1255 251 1302 Dote
275 1255 366 1303 fuit
388 1256 538 1319 virgo,
564 1257 757 1304 Dictaeo
778 1264 895 1304 nata
918 1256 1135 1305 Teleste.

123 1332 220 1378 Par
242 1340 377 1389 aetas,
400 1349 488 1396 par
510 1332 664 1380 forma
687 1333 804 1389 fuit3
835 1333 1119 1396 primasque
1146 1333 1392 1395 magistris

122 1408 374 1471 Accepere
400 1416 546 1465 artes,
569 1410 814 1457 elementa
837 1409 1012 1464 aetatis,
1033 1410 1095 1456 ab
1119 1410 1293 1457 isdem.

165 1562 237 1592 705.
261 1561 356 1591 Jussit
371 1562 441 1602 ali.]
468 1562 517 1592 Ab
533 1562 618 1592 initio
634 1573 682 1593 res
698 1564 775 1594 bene

123 1610 289 1651 procedere
312 1610 485 1646 videbatur,
508 1611 667 1651 multaque
692 1612 775 1642 fave-

124 1659 199 1688 bant
223 1659 350 1689 consilio
375 1659 489 1694 matris,
508 1659 609 1689 mariti
632 1659 774 1700 ignoran-

123 1707 176 1742 tia,
188 1718 349 1737 commune
371 1718 492 1743 nomen,
507 1708 601 1738 facies
621 1709 776 1748 ambigua.

123 1755 184 1785 Sed
214 1765 282 1784 mox
311 1755 442 1786 nectitur
466 1756 575 1792 nodus,
600 1767 692 1797 quem
716 1768 776 1788 non

125 1805 182 1835 nisi
198 1804 255 1834 Isis
269 1804 386 1835 solvere
404 1811 534 1846 poterat.

167 1853 239 1883 707.
265 1854 388 1883 Avitum
415 1864 453 1884 ex
480 1865 562 1884 more
585 1855 776 1885 Graecorum.

127 1903 307 1937 (Τοιιιτηιιιιε,ι
331 1902 452 1942 generis
478 1903 660 1938 communis,
689 1904 777 1934 sexui

125 1949 247 1990 utrique
266 1950 463 1982 conveniens.
509 1951 699 1990 Impercepta,
717 1962 777 1982 non

123 2005 276 2040 percepta,
304 2010 365 2030 non
392 2000 537 2041 cognita5
561 2002 690 2031 verbum
725 2012 776 2032 no-

124 2058 208 2078 vum.
253 2048 312 2078 Pia
335 2051 501 2085 mendacia,
522 2054 582 2080 etc.
605 2049 779 2080 Mendacia

125 2096 276 2132 latebant,
303 2096 376 2137 quia
401 2097 483 2128 fraus
510 2097 566 2128 illa
591 2097 653 2139 pia,
681 2108 776 2138 quum

124 2145 292 2176 Telethusa
309 2152 340 2175 et
357 2145 482 2176 filiolam
497 2157 630 2182 servare,
644 2153 674 2177 et
685 2148 778 2188 jussis

125 2194 204 2224 Deae
228 2204 333 2234 parere
356 2201 494 2236 cuperet.
538 2195 599 2226 Sed
620 2196 778 2237 Caposerr.

127 2241 208 2272 hunc
223 2253 285 2272 ver.
300 2243 361 2272 710
375 2253 392 2272 a
405 2243 567 2279 monacho,
581 2254 641 2274 non
655 2244 693 2274 ab
702 2244 777 2274 Ovi-

125 2290 177 2321 dio
190 2290 360 2331 profectum
376 2292 517 2333 putabat.

170 2339 244 2369 711.
276 2340 388 2375 Facies,
416 2353 515 2380 quam,
546 2341 624 2381 etc-J
663 2341 776 2372 Confer

127 2387 193 2419 viii.
217 2390 290 2419 322.
327 2391 507 2430 Ambiguum
543 2389 636 2420 talem
657 2390 777 2420 vultum

128 2436 207 2467 dixit
221 2437 378 2473 Horatius,
392 2439 438 2469 II.
451 2438 512 2468 Od.
527 2449 556 2468 v.
569 2440 624 2469 24.
639 2438 690 2469 ubi
705 2438 778 2470 Jani

128 2485 237 2515 laudat
248 2485 524 2526 ingeniosissimum
539 2487 670 2517 Ausonii
682 2487 778 2528 epigr.

132 2535 210 2565 105:
236 2535 317 2565 Dum
332 2536 449 2565 dubitat
467 2542 589 2571 natura,
605 2537 778 2578 maremfa-

128 2590 245 2614 ‘ceretue
265 2586 407 2623 puellam,
424 2584 536 2615 Factus
557 2596 594 2621 es,
615 2597 630 2615 ο
645 2586 779 2625 pulcher,

129 2642 211 2670 psrne
225 2633 336 2670 puella,
351 2644 436 2672 puer.

177 2680 250 2711 714.
270 2680 368 2714 Quum
383 2687 476 2720 puter,
494 2681 589 2721 Iphi]
609 2681 700 2722 Apud
717 2681 781 2711 An-

843 1563 983 1593 toninum
1011 1562 1186 1593 Liberalem
1216 1563 1292 1593 nihil
1317 1562 1355 1593 de
1381 1562 1496 1603 nuptiis

841 1617 872 1642 et
902 1622 1015 1647 amore,
1039 1611 1094 1641 sed
1123 1618 1219 1641 mater
1249 1612 1373 1641 Latonae
1402 1622 1494 1652 opem

842 1660 994 1701 implorat,
1025 1671 1120 1701 quum
1143 1660 1206 1690 filia
1230 1666 1310 1690 esset
1334 1670 1372 1690 ea
1392 1665 1496 1697 aetate,

843 1714 878 1738 ut
904 1719 995 1738 sexus
1026 1707 1121 1738 latere
1147 1707 1264 1738 diutius
1292 1718 1351 1738 non
1381 1714 1496 1748 posset.

843 1755 949 1786 Ovidii
967 1756 1043 1786 ratio
1065 1756 1162 1785 multo
1178 1755 1343 1796 jucundior
1362 1762 1417 1791 est,
1434 1765 1497 1797 qua

842 1804 974 1844 primum
990 1804 1096 1834 matris
1106 1803 1239 1844 filiaeque
1252 1814 1344 1844 angor
1357 1809 1497 1844 augetur,

843 1852 956 1883 deinde
980 1853 1036 1882 sub
1060 1852 1143 1893 ipsas
1162 1852 1284 1893 nuptias
1303 1853 1336 1881 fit
1355 1852 1498 1883 mutatio.

844 1901 1040 1936 Laudamur,
1063 1912 1131 1942 quae
1157 1901 1288 1942 pulchra
1308 1901 1498 1942 judicantur.

843 1949 906 1985 Sic,
922 1949 954 1980 ii.
971 1951 1043 1979 480.
1066 1951 1192 1980 laudata
1213 1949 1281 1979 Jovi
1302 1961 1375 1986 οι·ιι,·
1400 1960 1430 1979 ν.
1444 1950 1497 1980 59.

846 2000 963 2029 laudati
988 2000 1101 2029 vultus.
1144 2000 1231 2028 Bene
1261 1998 1355 2028 etiam
1383 2000 1432 2028 flos
1457 1998 1496 2028 de

846 2046 1088 2088 pulchritudine,
1116 2056 1208 2087 quam
1246 2052 1355 2077 natura
1383 2047 1496 2087 puellae

844 2095 983 2126 nascenti
1008 2095 1088 2125 dotis
1114 2096 1181 2125 loco
1205 2095 1344 2133 addidit3
1368 2095 1409 2126 xi.
1425 2096 1499 2126 302.

843 2146 1024 2174 dotatissima
1051 2144 1170 2184 formu.
1224 2144 1336 2174 Dictoeo
1375 2144 1497 2174 Teleste.

844 2192 997 2228 Cretensi,
1013 2203 1032 2223 a
1047 2198 1149 2223 monte
1167 2192 1254 2222 Dicte
1270 2191 1301 2222 in
1319 2192 1422 2223 Creta.

888 2242 962 2272 718.
984 2242 1081 2277 Artes,
1101 2241 1271 2281 elementem]
1298 2241 1421 2271 Durum
1439 2247 1497 2277 est,

845 2291 960 2331 primas
987 2296 1067 2321 artes
1090 2289 1193 2320 dicere
1222 2292 1364 2320 elementa
1392 2290 1498 2324 atatis,

845 2349 941 2379 quum
978 2340 1120 2368 elementa.
1158 2340 1314 2368 literarum
1349 2336 1410 2367 dici
1444 2336 1498 2368 de—

843 2388 947 2419 beant.
982 2388 1063 2418 Tan.
1095 2387 1194 2417 Faber
1230 2385 1411 2426 corrigebat,
1440 2387 1499 2416 ele-

843 2443 997 2476 mentaque
1019 2437 1115 2475 prima
1128 2436 1180 2465 sub
1195 2437 1304 2466 iisdem.
1343 2434 1499 2465 Elementa

842 2486 940 2524 prima
966 2494 1039 2515 sane
1064 2494 1146 2525 saepe
1169 2487 1342 2517 occurrunt,
1360 2487 1393 2512 ut
1414 2482 1497 2524 apud

845 2534 954 2563 Horat.
974 2533 1002 2564 Ι.
1018 2533 1085 2563 Sat.
1101 2532 1121 2562 i.
1137 2537 1166 2562 et
1188 2531 1323 2568 Quintil.
1360 2530 1421 2561 Sed
1446 2542 1496 2561 ac-

846 2584 941 2621 cipere
966 2587 1045 2611 artes
1066 2582 1117 2611 sub
1140 2579 1243 2621 aliquo
1265 2590 1323 2609 non
1343 2585 1390 2609 est
1411 2579 1495 2609 Lati-

847 2641 931 2662 num.
986 2628 1182 2670 Cogitabam,
1213 2630 1354 2658 alimenta
1385 2629 1494 2662 aetatis,

848 2678 921 2720 qnia
944 2679 1039 2709 literae
1064 2678 1150 2709 alunt
1177 2676 1427 2712 adolescentiam,
1442 2675 1496 2707 sed
