1779 3130
366 178 989 219 METAMORPHOSEON
1024 178 1140 219 LIB.
1174 178 1318 221 XIII.

1448 180 1531 220 361

149 290 362 339 Munera
388 294 698 354 contingent,
727 293 903 347 damae,
926 294 1527 356 leporesque,capraeque‚

142 367 301 415 Parve
327 369 681 423 columbarum,
709 370 1002 431 demptusve
1028 370 1285 416 cacumine
1311 369 1486 416 nidus:

144 443 315 490 Inveni
342 444 580 506 geminos,
609 445 695 506 qui
721 451 885 490 tecum
912 445 1082 491 ludere
1109 445 1319 507 possint,

141 518 277 566 inter
302 536 354 566 se
381 520 582 574 similes,
609 521 691 566 vix
716 527 770 566 ut
795 519 1084 582 dignoscere
1111 521 1291 582 possis,

1431 523 1527 568 835

139 595 340 642 Villosae
367 597 557 643 catulos
583 597 630 642 in
659 597 863 642 summis
890 597 1140 642 montibus
1167 613 1320 643 ursae:

140 670 338 727 Inveni3
380 679 445 726 et,
472 672 699 726 dominae,
727 672 847 725 dixi,
876 673 1180 719 servabimus
1207 673 1344 718 istos.

137 746 249 793 Jam
275 748 422 794 modo
448 749 657 795 caeruleo
683 748 893 794 nitidum
919 756 1070 811 caput
1095 765 1268 795 exsere
1295 755 1472 811 ponto3

137 822 266 879 Jam,
297 824 522 880 Galatea,
549 824 688 873 veni:
730 840 821 870 nec
848 840 1052 870 munera
1076 825 1280 887 despice
1305 830 1488 870 nostra.

140 899 289 947 Certe
310 916 401 961 ego
426 917 505 947 me
526 900 651 954 novi,
674 899 978 962 liquidaeque
1001 901 1050 946 in
1070 901 1283 962 imagine
1303 900 1401 947 vidi
1428 903 1523 947 840

140 975 313 1038 Nuper
337 992 480 1039 aquae
503 995 512 1031 ;
543 977 832 1039 placuitque
858 976 978 1022 mihi
1005 993 1115 1023 mea
1140 977 1296 1023 forma
1319 977 1520 1023 videnti.

141 1052 339 1115 Aspice,
368 1053 460 1099 sim
486 1060 726 1116 quantus:
762 1068 859 1098 non
885 1059 963 1098 est
987 1053 1080 1099 hoc
1106 1068 1309 1115 corpore
1336 1054 1490 1113 major

135 1128 332 1192 Jupiter
357 1130 406 1175 in
430 1131 582 1186 coelo;
623 1145 736 1176 nam
761 1145 846 1175 vos
873 1143 1068 1174 narrare
1095 1129 1265 1175 soletis

140 1205 322 1254 Nescio
342 1223 487 1269 quem
507 1221 711 1267 regnare
731 1204 761 1250 J
765 1220 906 1251 ovem
926 1222 935 1250 :
964 1220 1106 1250 coma
1127 1201 1520 1266 plurima'torvos

178 1336 252 1366 834.
276 1336 529 1376 Invenigemimm,
544 1334 621 1374 etc.]
640 1333 794 1364 Theocrit.

134 1394 197 1414 ver.
213 1384 273 1414 40:
297 1383 406 1425 Τρὲφω
421 1382 452 1414 δέ
469 1396 516 1414 τοι
531 1381 641 1413 ’ἕνδεκα
660 1381 793 1423 νεβρὼς,

136 1432 252 1470 Πάσας
263 1433 488 1474 μαννοφὸρως,
500 1433 552 1462 καὶ
562 1431 713 1473 σκύμνως
725 1430 793 1462 τέσ-

136 1493 240 1523 σαρας
259 1482 399 1522 ἄρκτων.
432 1482 545 1511 Noster
569 1481 683 1510 donum
710 1490 793 1510 corn-

135 1530 263 1561 mendat
279 1530 384 1560 multis
394 1529 502 1565 modis,
515 1529 610 1560 etiam
627 1538 645 1558 a
659 1528 792 1558 difficul-

135 1585 208 1614 tate,
233 1581 349 1609 summis
369 1582 399 1609 in
419 1580 577 1609 montibus.
623 1577 705 1607 Hinc
729 1589 791 1608 ver.

137 1629 209 1658 831.
224 1634 419 1669 opponuntur
434 1628 675 1668 delicicffaciles,
691 1627 721 1656 id
735 1632 791 1662 est,

135 1677 300 1717 parabiles,
313 1676 429 1706 obviae:
447 1676 539 1706 etiam
553 1675 712 1715 Virgilius,
726 1686 792 1705 ver.

136 1725 190 1754 40.
213 1726 359 1755 Proetcrea
381 1727 449 1759 duo,
470 1736 522 1754 nec
539 1730 606 1753 tuln
627 1725 697 1753 mihi
716 1725 794 1753 valle

135 1775 257 1812 reperti,
290 1774 438 1812 Capreoli,
467 1774 575 1811 sparsis
597 1773 685 1801 etiam
711 1782 794 1802 nunc

133 1824 260 1861 pellibus
288 1824 364 1857 albo,
395 1822 475 1852 Bina
504 1824 552 1852 die
587 1823 700 1851 siccant
736 1822 795 1851 ouis

135 1873 243 1902 ubera:
268 1882 336 1911 quos
352 1872 405 1900 tibi
425 1881 515 1900 serra.
561 1869 611 1899 Ad
630 1871 792 1899 ludendum

135 1920 231 1951 catuli
254 1930 332 1950 ursae
355 1930 414 1949 non
434 1919 492 1949 nisi
513 1918 707 1960 Polyphemo
726 1918 793 1948 ido-

133 1969 184 1999 nei
201 1968 298 1999 videri
317 1973 468 2010 poterant.
494 1968 628 1998 Domime
642 1980 649 2005 3
667 1967 738 1997 vide
754 1967 793 1998 ad

133 2018 266 2091 1x.8{3685..
279 2061 349 2090 Jam
372 2062 454 2090 modo
479 2061 612 2094 caeruleo,
634 2059 711 2098 etc.]
741 2059 792 2089 Sic

133 2119 203 2140 eam
229 2109 322 2139 etiam
352 2109 436 2150 apud
463 2108 620 2139 Theocrit.
646 2118 711 2138 ver.
738 2109 791 2138 63.

134 2157 257 2193 invitat,
270 2157 440 2197 Ἐξένθοις,
454 2157 626 2193 Γαλάτεια,
642 2158 695 2187 καὶ
709 2156 791 2191 ἐξεν-

134 2206 231 2237 θοῖσα
256 2205 368 2237 λάθοιο
394 2205 492 2237 οἴκαδ’
520 2205 687 2237 ἁπενθεῖν·
711 2217 793 2246 egre-

134 2257 214 2290 dere,
253 2255 393 2290 Galatea,
424 2261 451 2284 et
486 2265 600 2296 egressa
628 2256 795 2285 obliviscere

133 2306 253 2334 domum
270 2306 379 2334 redire.
425 2305 566 2334 Nitidum
581 2304 612 2334 h.
628 2304 649 2334 Ι.
670 2304 794 2334 omnino

134 2353 310 2395 pulchrum,
321 2359 354 2384 ut
365 2353 497 2395 saepius;
521 2359 614 2394 atque
626 2352 670 2384 ita
683 2359 793 2384 amatae

136 2412 200 2433 suae
229 2407 325 2443 caput
354 2413 415 2433 non
441 2401 522 2432 male
545 2407 635 2433 vocat
664 2411 793 2440 amans;

136 2451 247 2482 Horat.
256 2451 282 2481 Ι.
293 2451 356 2481 Od.
368 2461 434 2481 xix.
449 2453 468 2481 5
481 2464 487 2480 :
520 2450 590 2480 Urz't
602 2461 645 2481 me
657 2450 793 2490 Glycerae

135 2501 229 2530 nitar.
253 2500 351 2541 Supra
367 2500 592 2538 splendidiorem
609 2501 686 2529 vitro
702 2505 732 2529 et
745 2501 792 2529 Lu-

134 2550 273 2580 cidiorem
285 2550 382 2589 glacie
397 2548 562 2579 Galateam
578 2549 722 2579 vocabat.

181 2598 254 2628 840.
280 2598 366 2627 Certe
379 2609 430 2639 ego
441 2608 485 2627 me
498 2599 584 2627 novi:
600 2597 683 2638 apud
692 2597 792 2628 Theo-

137 2645 204 2676 crit.
232 2656 298 2676 ver.
326 2646 378 2676 31.
408 2652 455 2676 sat
490 2646 585 2676 habet
613 2645 794 2691 ostendisse,

137 2695 357 2736 turpitudinem
397 2705 484 2725 suam
523 2705 668 2735 pecorum
705 2694 794 2735 copia

184 2743 279 2773 VOL.
296 2743 354 2773 IV.

863 1333 1080 1374 compensari,
1105 1332 1159 1362 scd
1187 1333 1219 1362 h.
1246 1333 1269 1363 l.
1292 1333 1419 1373 dignam
1446 1334 1523 1365 adeo

861 1381 919 1411 sibi
950 1381 1077 1412 formam
1108 1381 1259 1416 vindicat,
1288 1381 1383 1422 idque
1410 1393 1524 1424 magna

861 1441 934 1461 cum
960 1436 1036 1461 arte.
1083 1430 1145 1466 Me,
1174 1430 1302 1460 sormam
1325 1441 1437 1462 meam.
1485 1431 1521 1461 Ιιι

862 1481 990 1520 imagine
1006 1490 1099 1518 aquus,
1119 1478 1150 1508 in
1168 1478 1313 1518 imagine,
1330 1489 1425 1519 quam
1438 1489 1523 1520 aqua

861 1527 1024 1557 referebat.
1048 1527 1116 1556 Hoc
1133 1536 1256 1567 quoque
1273 1536 1289 1555 e
1302 1526 1444 1566 Virgilio,
1456 1537 1523 1557 ver.

860 1577 918 1606 25:
945 1576 1008 1606 Nec
1020 1587 1084 1606 sum
1098 1577 1169 1605 adeo
1186 1575 1340 1615 biformi&
1367 1586 1461 1615 nuper
1474 1587 1519 1605 me

861 1626 890 1654 in
916 1626 1002 1654 litore
1024 1626 1098 1660 vicli,
1125 1624 1224 1657 Quum
1245 1624 1399 1662 placidum
1425 1626 1522 1654 ventis

860 1680 950 1703 staret
960 1685 1052 1703 mure.
1078 1673 1136 1701 Sim
1147 1679 1295 1712 quantus,-
1313 1671 1384 1702 vide
1394 1672 1521 1703 Homer.

861 1733 924 1752 ver.
946 1723 1001 1752 191
1019 1734 1027 1759 ;
1052 1722 1164 1762 virgil.
1179 1722 1254 1751 AEn.
1270 1720 1313 1751 iii.
1329 1721 1411 1750 619:
1437 1721 1520 1762 apud

861 1770 949 1800 illum
969 1770 1079 1801 similis
1099 1775 1145 1800 est
1161 1768 1220 1810 ῥίῳ
1235 1769 1370 1806 ὑλήεντι
1384 1768 1521 1809 ὑψηλῶν

862 1820 976 1859 ὀρεων,
990 1820 1093 1849 vertici
1104 1820 1206 1848 silvoso
1214 1819 1342 1847 altorum
1353 1820 1498 1848 montium
1510 1830 1520 1855 ,-

860 1867 944 1908 apud
960 1868 1042 1898 hunc
1058 1869 1121 1897 alta
1136 1868 1239 1906 pulsat
1255 1868 1364 1896 sidera.

903 1917 976 1946 844.
1003 1916 1108 1946 Nescio
1131 1927 1213 1956 quem
1234 1926 1364 1956 regnare
1387 1914 1518 1956 ,Τίνι-ειη]

859 1963 962 2005 Impia
991 1970 1022 1994 et
1049 1964 1188 2004 Cyclope
1212 1963 1309 2004 digna
1334 1973 1416 1993 vox:
1454 1964 1520 1993 Ho-

859 2023 971 2049 merus,
983 2013 1046 2044 Od.
1059 2017 1099 2044 K.
1112 2014 1192 2043 275:
1211 2012 1258 2043 Οὐ
1273 2013 1333 2053 γὰρ
1346 2011 1521 2050 Κύκλοπες

861 2062 934 2098 Διὸς
951 2061 1102 2103 αἰγιόχου
1129 2059 1316 2102 ἀλέγουσιν,
1341 2059 1421 2091 Οὐδὲ
1443 2061 1522 2092 Θεῶν

858 2122 1025 2151 μακαρων.
1051 2109 1247 2151 Torvafrons
1262 2109 1455 2150 Polyphemo
1470 2110 1522 2140 tri-

861 2160 966 2191 buitur
984 2159 1077 2190 etiam
1095 2169 1113 2189 a
1129 2157 1271 2199 virgilio,
1288 2159 1361 2188 AEn.
1376 2157 1421 2188 iii.
1438 2158 1521 2196 6363

861 2209 1061 2238 Burmannus
1090 2212 1195 2237 tamen
1232 2206 1339 2241 nescit,
1379 2216 1418 2236 an
1457 2212 1520 2236 tam

861 2255 1009 2286 stolidum
1040 2254 1181 2296 Cyclopa
1209 2253 1323 2294 fingere
1354 2253 1460 2289 liceat,
1488 2260 1522 2284 ut

863 2312 957 2334 torvos
970 2314 1041 2334 suos
1051 2303 1155 2333 vultus
1170 2302 1324 2338 Galateae,
1335 2301 1385 2332 cui
1396 2302 1521 2343 placere

862 2353 998 2388 volebat,
1028 2352 1173 2393 jactaret.
1218 2351 1347 2381 Praefert
1383 2350 1477 2390 igitur
1506 2361 1523 2381 e

861 2409 992 2444 quatuor
1005 2401 1098 2431 MSS.
1103 2400 1217 2440 fortes,
1233 2399 1328 2440 idque
1342 2400 1522 2440 comprobat

861 2462 899 2481 ex
922 2450 1050 2481 Heroid.
1074 2451 1115 2480 iv.
1140 2450 1190 2479 73.
1235 2448 1280 2478 At
1304 2454 1404 2478 torvus
1426 2447 1521 2478 etiam

859 2501 941 2531 bono
955 2509 1045 2530 sensu
1066 2498 1217 2540 accipitur
1237 2497 1275 2527 de
1291 2497 1379 2527 vultu
1400 2507 1519 2534 severo,

861 2558 892 2580 et
907 2549 1043 2580 nobilem
1067 2547 1224 2589 quandam
1239 2545 1385 2577 fiduciam
1408 2555 1470 2587 prae
1490 2555 1522 2576 se

862 2598 997 2635 ferente;
1020 2596 1103 2638 apud
1124 2596 1232 2626 Horat.
1249 2595 1312 2625 111.
1332 2594 1395 2625 Od.
1417 2605 1447 2625 v.
1469 2595 1521 2624 44.

862 2646 1006 2688 Regulus
1019 2645 1137 2675 virilem
1151 2651 1250 2674 torvus
1263 2645 1345 2674 humi
1358 2645 1440 2683 ponit
1456 2644 1523 2672 vul-

865 2703 927 2726 tum
939 2708 947 2725 .·
963 2700 1065 2725 torvos
1079 2694 1172 2734 igitur
1182 2693 1287 2725 vultus
1297 2703 1369 2723 suos
1384 2691 1522 2732 Cyclops

990 2745 1008 2773 3
1026 2744 1049 2773 A
