1779 3130
368 162 856 204 METAMORPHOS
869 163 993 204 EON
1030 163 1147 204 LIB.
1182 162 1289 203 XV.

1438 164 1523 203 449

138 275 395 322 Undarum
421 292 617 339 sparsas
646 276 1014 340 Symplegadas
1040 278 1301 333 elisarum3

135 350 259 404 Quae
285 368 414 399 nunc
441 353 655 399 immotae
682 361 921 416 perstant,
945 353 1206 416 ventisque
1232 353 1483 400 resistunt.

133 426 258 482 Nec,
288 444 399 489 quae
425 428 654 476 sulfureis
681 431 822 477 ardet
848 431 1144 485 fornacibus,
1173 430 1319 476 AEtne

1423 431 1520 474 340

134 501 289 563 Ignea
314 519 510 566 semper
535 505 653 551 erit:
684 522 847 567 neque
875 506 1005 552 enim
1031 505 1124 552 fuit
1143 506 1287 567 ignea
1307 520 1518 567 semper.

133 578 264 625 Nam
291 579 392 626 sive
418 587 494 626 est
516 580 696 627 animal
723 582 885 637 tellus,
914 589 964 628 et
987 582 1119 636 vivit,
1148 582 1397 643 habetque

133 655 464 718 Spiramenta,
493 657 613 703 locis
640 657 890 704 flammam
916 658 1203 704 exhalantia
1228 656 1412 710 multis,

130 730 361 794 Spirandi
389 739 577 779 mutare
603 733 722 788 vias,
752 734 1053 796 quotiesque
1079 741 1318 789 movetur,

129 807 234 855 Has
259 808 399 856 finire
424 817 607 871 potest,
636 811 744 857 illas
771 810 961 874 aperire
980 826 1244 857 cavernas:

1420 810 1515 854 345

133 884 247 932 Sive
274 886 407 932 leves
435 885 545 932 imis
570 887 703 934 venti
729 887 1023 934 cohibentur
1048 887 1097 932 in
1123 887 1292 940 antris,

133 960 368 1024 Saxaque
394 979 508 1008 cum
534 963 685 1018 saxis,
713 971 763 1010 et
787 963 1055 1010 habentem
1081 963 1272 1009 semina
1295 962 1506 1008 flammae

131 1037 395 1085 Materiam
417 1041 637 1101 jactant:
679 1055 737 1086 ea
761 1039 978 1102 concipit
1003 1039 1184 1085 ictibus
1211 1039 1404 1100 ignem:

129 1114 287 1161 Antra
311 1115 656 1178 relinquentur
683 1116 867 1163 sedatis
893 1115 1073 1178 frigida
1095 1116 1254 1163 ventis
1274 1134 1283 1170 ;

133 1190 246 1237 Sive
273 1191 558 1239 bitumineae
584 1192 783 1255 rapiunt
808 1192 1037 1239 incendia
1060 1191 1205 1246 vires,

132 1265 348 1314 Luteave
375 1268 569 1330 exiguis
596 1269 863 1315 ardescunt
888 1267 1076 1314 sulfura
1099 1267 1277 1314 fumis:

1425 1192 1522 1236 350

1408 1268 1522 1328 [mae

133 1343 329 1407 Nempe
354 1345 437 1391 ubi
462 1352 592 1391 terra
616 1345 770 1401 cibos,
793 1345 1129 1408 alimentaque
1155 1344 1359 1407 pinguia
1382 1343 1520 1390 flam—

131 1420 246 1467 Non
272 1421 426 1477 dabit,
455 1422 732 1484 absumptis
759 1437 846 1484 per
872 1422 1070 1483 longum
1095 1421 1278 1467 viribus
1305 1435 1479 1473 aevum,

131 1498 437 1561 Naturaeque
464 1515 608 1545 suum
634 1498 881 1545 nutrimen
906 1497 1066 1544 deerit
1090 1497 1247 1553 edaci,

131 1574 247 1621 Non
272 1575 396 1622 feret
421 1576 503 1622 illa
527 1575 724 1630 famem,
753 1575 1052 1637 desertaque
1077 1574 1276 1620 deseret
1299 1573 1458 1635 ignes.

130 1649 257 1698 Esse
282 1652 408 1698 viros
433 1651 565 1699 fama
588 1659 665 1699 est
689 1652 738 1698 in
766 1651 1092 1714 Hyperborea
1117 1649 1339 1703 Pallene,

175 1765 250 1796 34¹.
263 1764 370 1806 Ignea,
386 1764 554 1805 ignivoma.
577 1764 711 1799 Animal,
728 1764 794 1794 ani-

133 1823 224 1843 mans
252 1820 298 1844 est
329 1819 408 1844 terra
432 1824 449 1844 e
473 1818 576 1844 mente
599 1812 790 1843 Stoicorum:

132 1864 247 1892 animal
277 1863 387 1892 Tellus.
435 1863 502 1892 Hoc
532 1861 651 1903 placuit
677 1861 794 1902 Pytha-

131 1921 212 1952 gorae
227 1923 234 1949 ;
258 1911 386 1942 Aristot.
402 1910 500 1952 Phys.
517 1911 558 1940 iv.
574 1912 604 1941 6.
651 1912 794 1950 Spirumli

132 1967 249 1989 mititare
287 1962 359 1989 vias.
414 1959 505 1989 Liber
539 1958 662 1989 Ciofani
701 1958 795 1988 habet

131 2009 207 2038 vices
219 2032 227 2045 ,
254 2008 308 2038 sed
327 2009 386 2038 rias
401 2013 485 2038 recte
502 2007 627 2049 praefert
641 2008 793 2037 Burman-

133 2068 191 2087 nus
206 2069 212 2094 ;
239 2068 310 2088 narn
335 2067 483 2087 cavernas
500 2062 530 2086 et
546 2056 663 2086 fistulas
680 2055 794 2086 intelli-

131 2106 188 2147 git,
205 2117 258 2147 per
282 2116 361 2147 quas
386 2105 466 2146 ignis
485 2105 562 2140 exit,
579 2115 720 2145 quasque
736 2107 794 2143 spi-

131 2162 268 2185 ramenta
283 2156 377 2185 etiarn
395 2161 496 2185 vocat.
532 2154 638 2183 Fiuire
654 2165 796 2183 cuz-ernas

133 2215 196 2246 pro,
212 2204 359 2234 claudere
383 2213 446 2239 eas,
468 2203 579 2233 durum
603 2208 660 2232 est.
697 2202 794 2232 Hein-

131 2252 196 2283 sius
210 2252 372 2287 suadebat,
391 2251 458 2281 an
481 2253 593 2290 operire
609 2256 714 2289 potest,
732 2251 796 2280 illic

132 2303 250 2340 aperire
274 2311 439 2336 εαυει-τιαες
466 2301 666 2330 Burmannus
691 2304 796 2329 autem

133 2349 242 2381 merito
264 2348 400 2384 dubitat,
416 2359 456 2379 an
480 2348 511 2379 in
533 2348 591 2378 hac
616 2346 797 2389 agnomina-

134 2399 216 2430 tione
231 2399 289 2429 sibi
308 2398 462 2440 placuerit
478 2397 627 2429 Ovidius:
653 2397 718 2438 ipse
734 2406 798 2426 rna—

134 2447 181 2483 lit,
214 2448 280 2478 Has
311 2455 415 2477 tumre
445 2451 535 2487 (nam
571 2456 650 2476 unus
680 2444 799 2475 Medic.

137 2497 232 2528 habet
247 2496 382 2537 sumre)
408 2503 528 2535 pules&
562 2494 645 2536 quod
673 2494 799 2525 verbum

135 2546 212 2576 forte
237 2546 393 2576 veteribus
423 2544 454 2575 in
485 2556 541 2575 usu
572 2543 675 2579 fuerit,
701 2553 799 2583 quan-

137 2605 232 2636 quam
257 2593 452 2635 frequentius
471 2594 538 2634 ejus
562 2591 730 2632 composito
754 2592 801 2621 ob-

139 2650 244 2674 {uvare
269 2642 315 2674 usi
341 2643 415 2674 sint.
461 2643 527 2683 Ego
554 2641 711 2681 vulgatam
737 2650 799 2670 ser-

140 2691 272 2722 vandam
291 2690 430 2722 arbitror.
476 2690 600 2731 Proprie
618 2689 711 2719 tellus
723 2689 799 2727 finit

186 2741 284 2770 VOL.
302 2739 361 2770 IV.

1424 1650 1519 1695 356

862 1762 1090 1793 exhalationem
1114 1772 1131 1792 e
1151 1761 1304 1796 cavernis,
1323 1760 1394 1791 hinc
1417 1770 1524 1791 caver<

863 1820 918 1841 nas
953 1810 1049 1851 ipsas.
1110 1810 1207 1846 Infra,
1238 1820 1302 1840 ver.
1333 1809 1406 1840 646.
1436 1818 1524 1850 aeque

862 1859 1224 1900 dururn,f1tneraflnire.

906 1909 980 1938 346.
1004 1908 1071 1938 Sive
1088 1909 1174 1943 levem,
1192 1907 1272 1947 etc.]
1304 1907 1380 1937 Eam
1397 1916 1523 1937 causam

863 1956 1018 1997 copiosius
1047 1956 1175 1997 exponit
1198 1954 1372 1991 Lucretius,
1398 1955 1438 1986 vi.
1461 1955 1524 1985 680

862 2016 933 2047 sqq.
979 2005 1071 2035 Lenes
1086 2009 1207 2034 tantum
1223 2009 1322 2034 ornat.

906 2054 980 2084 350.
1013 2054 1191 2083 Bitumineae
1229 2055 1316 2086 vires.
1355 2051 1523 2086 bitumina,

863 2113 933 2133 cum
952 2102 995 2132 vi.
1042 2103 1083 2132 Et
1099 2101 1221 2131 videtur
1245 2101 1301 2131 hoc
1322 2100 1470 2141 adjectiv.
1487 2101 1525 2130 ab

864 2151 930 2192 ipso
947 2150 1061 2181 Ovidio
1082 2150 1238 2190 signatum
1262 2160 1340 2179 esse.
1386 2149 1524 2188 Rapina!

864 2202 1015 2233 incendia,
1040 2199 1182 2229 celeriter
1210 2198 1388 2239 concipiunt
1411 2197 1526 2237 ignem.

867 2250 994 2290 Eaz'guis
1009 2248 1117 2279 Heins.
1133 2247 1164 2277 iu
1181 2249 1307 2278 assiduis
1327 2252 1381 2276 aut
1401 2247 1529 2286 irriguis

866 2298 978 2328 mutari
997 2296 1129 2327 volebat.
1167 2296 1257 2326 Prius
1272 2294 1443 2336 probarunt
1459 2294 1526 2324 Ro-

865 2345 936 2375 dius
960 2350 991 2375 et
1016 2344 1158 2375 Lenzius.
1203 2344 1315 2378 Immo,
1337 2342 1457 2372 sulfura
1480 2352 1528 2372 ar-

866 2394 998 2424 descunt
1021 2393 1076 2429 ita,
1100 2400 1134 2423 ut
1160 2392 1289 2432 exiguos
1312 2392 1414 2421 fumos
1437 2390 1527 2421 emit-

867 2448 953 2473 tant:
980 2453 1049 2483 quas
1071 2447 1118 2472 est
1139 2447 1250 2471 natura
1272 2440 1409 2471 sulfuris.
1456 2440 1529 2469 Non

868 2497 973 2521 autem
995 2491 1155 2521 ardescere
1170 2495 1298 2531 possunt
1313 2499 1370 2530 ope
1386 2488 1462 2519 fumi
1479 2488 1528 2518 vel

869 2539 997 2574 assidui,
1015 2539 1064 2569 vel
1087 2538 1203 2578 exigui.
1251 2537 1344 2568 Unde
1368 2537 1450 2567 enim
1475 2536 1527 2566 ille

870 2589 996 2618 fumus?

913 2637 988 2667 356.
1015 2637 1142 2666 Pallene
1154 2634 1295 2665 Thraciae
1312 2635 1393 2664 urbs.
1433 2632 1482 2663 Ibi
1498 2638 1529 2662 et

872 2686 976 2715 Triton
990 2684 1091 2715 lacus.
1120 2683 1231 2714 Vibius
1243 2684 1409 2723 Sequester
1422 2682 1453 2712 in
1468 2681 1527 2711 Pa-

999 2735 1017 2763 3
1034 2734 1068 2763 M
