1779 3130
202 173 286 215 286

598 176 645 216 Ρ.
681 177 891 217 OVIDII
928 178 1207 219 NASONIS

200 287 483 335 Haerentem
512 289 710 345 Peleus,
738 297 788 337 et
813 292 992 338 acerbo
1017 293 1218 339 vulnere
1242 293 1442 347 victum,

202 364 379 411 Stabat
403 365 534 411 enim
553 366 766 428 propior,
786 367 1000 413 mediam
1020 367 1130 414 ferit
1151 385 1267 415 ense
1290 369 1383 414 sub
1405 369 1586 414 alvum.

200 440 450 495 Prosiluit,
477 449 709 504 terraque
735 443 873 490 ferox
899 460 988 491 sua
1012 445 1201 491 viscera
1226 445 1407 499 traxit3

1491 448 1588 491 390

198 516 477 579 Tractaque
503 518 737 573 calcavit;
778 519 1071 583 calcataque
1097 521 1254 584 rupit3
1296 528 1346 568 et
1369 521 1464 566 illis

199 594 357 639 Crura
382 609 583 657 quoque
610 595 852 658 impediit,
881 604 931 643 et
954 598 1085 644 inani
1112 597 1329 644 concidit
1354 598 1478 644 alvo.

266 669 374 716 Nec
401 677 449 717 te
475 680 781 734 pugnantem
809 681 907 727 tua,
938 674 1155 736 Cyllare,
1179 673 1334 719 forma
1357 673 1585 726 redemit,

200 746 252 791 Si
280 747 425 793 modo
451 755 638 795 uaturae
665 749 870 797 formam
897 750 1219 797 concedimus
1245 749 1331 795 illi.

1487 751 1583 795 394

199 821 363 869 Barba
381 824 760 888 eratincipiens:
781 827 947 887 bar-bae
965 828 1099 873 color
1110 842 1313 872 aureus:
1333 841 1584 887 aureaque

198 896 275 944 Ex
302 898 519 946 humeris
544 902 733 948 medios
759 919 903 948 coma
928 902 1267 949 descendebat
1291 901 1339 947 in
1365 917 1557 957 armos;

198 973 382 1020 Gratus
402 975 451 1021 in
470 993 552 1023 ore
573 978 731 1040 vigor3
761 979 944 1034 cervix,
963 979 1270 1041 humerique,
1289 994 1583 1040 manusque,

196 1049 512 1115 Pectoraque
538 1054 780 1102 artificum
806 1055 1018 1102 laudatis
1045 1055 1271 1118 proxima
1294 1054 1466 1116 signis,

237 1149 313 1177 390.
350 1149 498 1190 Terraque
513 1151 617 1192 ferar,
643 1152 720 1192 etc.]
753 1152 853 1183 Foeda

193 1206 296 1226 rursus
316 1208 363 1227 res
384 1198 550 1230 lectoribus
569 1207 642 1230 ante
661 1201 768 1231 oculos
782 1202 851 1242 pin-

191 1244 284 1284 gitur,
300 1252 334 1276 ut
356 1257 418 1278 ver.
433 1249 495 1278 269
517 1259 565 1290 sq.
613 1249 673 1280 Sed
698 1251 852 1281 bellicosis

193 1293 344 1325 Romanis
373 1295 450 1326 talia
479 1307 626 1328 nauseam
656 1309 716 1328 non
743 1299 852 1330 fecisse

193 1342 337 1374 videntur
352 1344 496 1376 foeditate
512 1357 581 1377 sua.
628 1348 740 1388 Itaque
756 1348 851 1379 etiam

190 1391 222 1421 in
239 1392 371 1433 Virgilio
387 1393 499 1425 similia
514 1395 582 1426 loca
596 1397 798 1437 reperiuntur.

234 1443 419 1474 393—428.
438 1445 500 1474 Nec
518 1452 545 1475 te
559 1453 754 1486 pugnantem,
767 1447 848 1486 etc.]

194 1491 294 1521 Locus
316 1492 445 1532 pulcher
469 1499 500 1523 et
524 1494 683 1524 commode
709 1495 852 1525 insertus.

192 1540 241 1570 Ita
275 1540 356 1571 enim
391 1541 586 1583 aliquamdiu
620 1544 851 1586 interrumpitur

190 1588 322 1619 caedium
344 1590 520 1632 descriptio,
537 1593 763 1623 commiseratio
784 1604 849 1623 mo-

191 1643 289 1673 vetur,
319 1644 350 1669 et
387 1639 613 1671 Centaurorum
651 1649 714 1671 tarn
753 1642 849 1673 forma

190 1697 284 1727 quam
301 1698 385 1718 amor
399 1689 598 1731 studiumque
616 1690 759 1731 placendi
775 1702 848 1732 cog-

189 1736 336 1766 noscitur.
384 1737 487 1767 Etiam
512 1750 542 1768 v.
562 1739 601 1768 47
625 1750 694 1780 sqq.
718 1740 848 1780 pulcher

184 1784 309 1824 juvenis
325 1785 355 1815 in
372 1786 488 1826 prrelio,
502 1787 627 1827 quicum
644 1798 705 1818 una
722 1789 848 1819 moritur

188 1832 316 1864 amicus.
364 1835 483 1870 Forma,
499 1835 707 1876 pulchritudo.
750 1837 846 1867 Rede-

189 1884 253 1918 mit,
270 1882 411 1914 liberavit
428 1894 446 1914 a
461 1890 569 1914 morte.
616 1885 783 1925 Eleganter
801 1898 846 1916 re-

187 1934 296 1962 dimere
320 1943 374 1963 nos
395 1932 540 1963 dicuntur
563 1943 610 1967 ea,
627 1945 696 1974 quae
719 1934 846 1971 faciunt,

189 1987 222 2011 ut
242 1981 359 2011 malum
383 1981 509 2022 aliquod
532 1992 550 2012 a
572 1982 659 2012 nobis
680 1988 847 2015 avertatur.

188 2031 266 2060 Mox
295 2031 448 2072 conjunge
480 2038 596 2061 natura:
626 2033 683 2066 illi,
707 2031 774 2062 scil.
800 2033 845 2063 bi-

188 2078 332 2111 membri.
350 2078 529 2109 Centauris.
577 2080 698 2110 Natura
723 2080 846 2121 ponitur

187 2138 241 2168 pro
265 2136 295 2156 re
319 2133 372 2157 aut
396 2126 531 2162 homine,
548 2128 597 2158 cui
619 2134 702 2158 certa
724 2135 769 2158 est
791 2140 843 2159 na-

188 2183 266 2212 tura,
281 2176 374 2207 etiam
392 2187 409 2206 a
426 2177 576 2208 Cicerone
593 2177 734 2218 aliisque.
758 2180 844 2210 Male

186 2225 278 2266 igitur
306 2225 452 2255 Heinsius
482 2227 701 2267 conjungebat,
730 2234 845 2258 natur-tr

177 2276 323 2315 formam,
345 2280 377 2305 et
399 2274 550 2305 suadebat
574 2278 645 2309 illis,
669 2276 738 2306 scil.
760 2278 843 2307 Cen-

188 2324 292 2354 tauris.
309 2324 336 2353 A
352 2323 439 2358 Silio,
458 2324 501 2353 iii.
519 2326 569 2355 41.
587 2331 737 2355 vocantur
749 2337 845 2366 genus

185 2374 324 2412 «lethi-me.
371 2373 471 2402 Barba
496 2375 650 2412 incipiens,
677 2375 775 2415 prima
799 2376 842 2405 la-

185 2432 276 2461 nugo.
300 2422 349 2451 Sic
368 2434 449 2451 unior
465 2425 618 2462 incipiens,
631 2435 680 2453 nai
702 2426 843 2462 incipiens

185 2471 266 2511 apud
288 2471 447 2500 Nostrum.
657 2472 725 2502 vide
748 2473 786 2502 ad
809 2472 840 2502 ii.

185 2520 258 2549 319.
283 2519 376 2559 Regii
392 2520 486 2550 nostri
502 2521 569 2550 cod.
587 2521 718 2551 habent:
746 2523 839 2551 burins

496 2473 611 2501 Aureus
624 2484 631 2505 ,-

184 2569 261 2596 valor
284 2580 413 2605 aurcus3
442 2581 590 2609 aurfflque
622 2570 668 2599 Etr
698 2571 837 2605 humeris,

183 2622 243 2645 etc.
269 2622 299 2645 et
322 2617 420 2653 bene3
451 2618 493 2647 ita
516 2623 547 2648 et
569 2624 638 2648 octo
664 2618 771 2658 optimi
800 2619 838 2648 ab

185 2664 313 2695 Heinsio
330 2666 489 2701 nominati,
506 2672 535 2696 et
553 2666 674 2708 plurimi
691 2666 742 2696 alii
757 2679 762 2695 z
789 2666 838 2697 hic

183 2720 229 2743 est
250 2724 354 2744 versus
377 2713 561 2754 dactylicus,
577 2720 610 2745 ut
635 2715 717 2756 apud
737 2715 838 2755 Virgi—

920 1152 1008 1187 lium,
1024 1153 1140 1192 Georg.
1158 1151 1190 1181 ii.
1209 1152 1260 1182 69.
1281 1156 1313 1181 et
1331 1152 1407 1181 AEn.
1423 1151 1462 1181 vi.
1479 1152 1531 1181 33.
1549 1156 1582 1181 et

919 1200 1002 1241 apud
1015 1200 1162 1231 Nostrum
1178 1200 1220 1230 iv.
1233 1201 1304 1231 779.
1317 1205 1348 1229 et
1364 1199 1403 1229 vi.
1415 1200 1476 1230 507
1489 1211 1497 1237 3
1512 1199 1582 1230 vide

919 1248 1046 1289 insuper
1061 1249 1100 1279 ad
1117 1260 1168 1279 xv.
1187 1250 1257 1279 147.
1291 1250 1395 1285 Quare
1412 1258 1472 1278 non
1489 1248 1580 1278 dubi-

919 1297 1052 1328 tavimus
1088 1298 1254 1328 lectionem
1291 1297 1447 1332 codicum,
1485 1308 1579 1338 quam

919 1346 1018 1377 editor
1041 1350 1192 1377 rariorum
1223 1354 1254 1377 et
1280 1347 1430 1377 Burman.
1454 1357 1579 1388 recepe-

919 1401 1000 1431 runt,
1016 1395 1047 1425 in
1059 1396 1111 1436 jus
1127 1406 1217 1425 suum
1234 1394 1405 1425 vindicare.
1449 1395 1577 1425 Descen-

918 1446 1014 1479 debat,
1028 1445 1138 1474 melius
1153 1455 1247 1484 quam
1261 1444 1420 1484 vulgatum
1436 1446 1579 1482 depende-

919 1494 978 1528 bat,
998 1493 1194 1523 Burmannus
1218 1492 1358 1522 laudarit
1381 1503 1397 1522 e
1422 1493 1578 1528 Petronio,

922 1543 970 1572 18.
986 1544 1191 1572 descendentes
1206 1544 1241 1571 ab
1256 1553 1331 1571 aure
1346 1542 1478 1581 capillos.

961 1591 1036 1620 398.
1060 1590 1153 1630 Regii
1169 1590 1263 1620 nostri
1280 1593 1374 1631 vigor.
1420 1591 1575 1625 Prorz'ma,

917 1638 987 1668 scil.
1005 1638 1170 1678 dignitate,
1188 1638 1258 1669 vide
1281 1638 1396 1679 Heynii
1421 1639 1576 1669 Observa-

917 1687 1015 1717 tiones
1041 1687 1073 1717 in
1098 1687 1215 1718 Tibull.
1240 1699 1272 1728 p.
1298 1688 1369 1718 161.
1417 1688 1576 1724 Laudatis,

916 1747 985 1777 quae
1006 1737 1142 1766 omnium
1161 1742 1278 1778 puncta
1298 1737 1447 1768 tulerunt.
1494 1737 1574 1767 Cum

915 1785 1010 1825 signis
1037 1791 1068 1815 et
1095 1785 1224 1826 picturis
1252 1786 1573 1827 praestantissimorum

915 1835 1066 1865 artificum
1078 1834 1248 1876 comparari
1257 1835 1358 1865 solent
1368 1834 1577 1877 pulcherrima

914 1892 1056 1923 corpora:
1084 1883 1189 1913 confer
1213 1894 1245 1913 x.
1269 1884 1342 1914 516.
1366 1884 1492 1919 Cei-vix,
1516 1883 1573 1914 hu-

914 1931 1001 1965 meri,
1026 1941 1147 1967 manus,
1174 1932 1214 1961 Et
1243 1944 1300 1972 qna
1323 1939 1412 1971 parte
1438 1934 1497 1961 viri
1522 1939 1574 1968 est,

913 1979 1035 2010 scilicet
1063 1980 1192 2020 species.
1246 1980 1378 2010 Facilior
1406 1987 1452 2011 est
1482 1981 1574 2012 lectio

914 2027 1052 2068 vulgata,
1072 2028 1111 2057 Et
1133 2040 1309 2069 quacunque
1323 2032 1370 2059 vir
1383 2037 1435 2060 est.
1482 2031 1531 2060 Da
1547 2033 1573 2060 ei.

913 2083 1003 2115 caput
1035 2077 1119 2117 equi,
1149 2078 1207 2107 erit
1238 2089 1336 2119 equus
1369 2078 1422 2109 ille
1456 2079 1570 2120 dignus

915 2127 1045 2161 Castore,
1061 2125 1248 2168 ὶπποδάμῳ,
1266 2127 1319 2168 qui
1335 2128 1451 2169 gaudet
1472 2129 1570 2169 equis,

913 2181 943 2205 et
959 2174 1008 2205 cui
1024 2175 1166 2214 Cyllarus
1181 2186 1280 2216 equus
1294 2187 1311 2206 a
1323 2177 1445 2207 Junone
1461 2177 1571 2216 datus;

912 2225 996 2254 conf.
1013 2224 1127 2254 Suidas
1150 2225 1181 2254 in
1204 2225 1261 2254 hoc
1279 2226 1389 2256 vocab.
1435 2226 1484 2256 Sic
1507 2226 1570 2257 ele-

911 2280 1020 2313 ganter
1045 2273 1076 2303 in
1102 2273 1342 2314 epiphonemate
1369 2285 1439 2305 cum
1465 2276 1570 2306 excla-

911 2323 1045 2353 matione
1091 2329 1143 2352 aut
1181 2323 1383 2354 admiratione
1421 2324 1570 2355 rationem

911 2372 1021 2406 reddit,
1038 2378 1071 2402 ut
1095 2372 1168 2402 alibi
1194 2374 1235 2402 ita
1258 2372 1343 2412 (Cic.
1360 2374 1430 2403 Ait.
1447 2373 1500 2403 vii.
1518 2375 1569 2411 2.)

910 2428 941 2450 et
957 2424 1037 2456 adeo,
1053 2421 1136 2452 idem
1153 2422 1216 2452 Off.
1232 2422 1255 2452 i.
1273 2423 1321 2452 ll.
1368 2422 1468 2453 Sessile
1485 2434 1567 2454 nunc

908 2470 1039 2511 passive,
1057 2471 1086 2499 in
1103 2482 1164 2510 quo
1185 2471 1310 2501 sedetur
1325 2472 1496 2507 commode,
1514 2483 1568 2503 no-

909 2526 1013 2549 vatum
1037 2520 1075 2549 ab
1101 2520 1215 2550 Ovidio
1238 2520 1371 2551 videtur.
1417 2521 1504 2551 Stare
1528 2522 1566 2553 de

907 2568 1042 2598 carnosis
1059 2573 1089 2597 et
1101 2568 1308 2598 eminentibus
1323 2569 1487 2607 membris,
1505 2570 1567 2600 xiv.

908 2617 982 2647 283.
1011 2618 1087 2647 colla
1113 2624 1223 2647 tumere
1248 2620 1328 2649 toris.
1374 2619 1424 2649 De
1452 2626 1567 2658 pectore

908 2673 999 2697 torosa
1015 2667 1084 2697 vide
1100 2667 1139 2697 ad
1155 2666 1187 2698 ii.
1202 2668 1278 2698 854.
