1779 3130
265 177 322 218 70

657 175 708 215 Ρ.
742 174 955 216 OVIDII
989 174 1270 216 NASONIS

262 289 604 353 Oppugnant3
644 295 813 336 manet
837 289 936 345 illa,
961 305 1154 352 suoque
1179 295 1256 335 est
1280 288 1500 352 pondere
1524 294 1648 334 tuta.

265 365 585 426 Digredimur
609 365 829 427 paulum,
857 381 1154 427 rursumque
1188 365 1251 411 ad
1276 365 1407 411 bella
1431 364 1648 419 coimus;

262 441 425 504 Inque
450 440 607 502 gradu
633 441 878 496 stetimus,
905 441 1025 488 certi
1054 457 1151 487 non
1176 441 1382 498 cedere3
1414 447 1620 502 eratque

263 518 394 563 Cum
414 518 543 579 pede
560 533 649 580 pes
662 519 866 579 junctus
886 535 895 564 :
920 524 1130 579 totoque
1147 533 1238 579 ego
1256 525 1458 581 pectore
1469 532 1653 579 pronus

262 593 329 640 Et
344 593 527 655 digitos
543 594 728 655 digitis,
743 602 794 640 et
811 593 1022 640 frontem
1038 593 1196 640 fronte
1214 594 1516 656 premebam,

1587 595 1650 638 45

261 669 377 716 Non
400 670 542 716 aliter
566 669 715 716 fortes
737 670 836 716 vidi
863 685 1155 716 concurrere
1179 678 1362 723 tauros,

261 745 427 800 Quum
453 746 667 808 pretium
693 761 890 808 puguae,
917 753 1022 792 toto
1049 745 1348 792 nitidissima
1373 744 1517 798 saltu,

259 823 525 886 Expetitur
550 824 763 885 conjux:
795 830 1030 886 spectant
1056 830 1293 876 armenta,
1322 828 1605 884 paventque

259 898 447 945 Nescia
471 915 623 961 quem
652 908 853 947 maneat
877 900 1004 946 tanti
1029 899 1236 945 victoria
1260 897 1415 960 regni.

257 974 354 1022 Ter
375 976 482 1022 sine
511 975 739 1038 profectu
765 976 919 1022 voluit
944 974 1156 1022 nitentia
1179 982 1351 1021 contra

258 1144 329 1175 Nisi
353 1144 468 1175 Noster
490 1145 627 1186 respexit
643 1145 771 1176 AEneid.
791 1157 822 1176 x.
841 1147 917 1177 693.

257 1194 310 1224 ubi
332 1193 371 1224 de
395 1194 551 1224 Mezentio
573 1201 754 1236 pugnante:
782 1195 852 1229 Ille,
870 1206 917 1225 re-

257 1243 304 1272 lut
323 1253 421 1281 rupes,
438 1249 549 1272 vastum
568 1254 630 1282 quce
643 1245 744 1282 prodit
762 1245 790 1273 in
808 1255 917 1284 ὤμων,

260 1292 351 1321 Obvia
364 1292 630 1332 ventorumfuriis,
640 1299 810 1333 eiposlnque
818 1300 919 1333 ponto,

258 1345 318 1371 etc.
343 1340 461 1376 ssIanet,
478 1346 512 1370 ut
528 1340 549 1370 i.
564 1341 639 1371 288.

300 1390 352 1420 42.
377 1389 509 1424 Bellum,
526 1394 559 1418 ut
576 1389 729 1431 πόλεμος,
749 1390 788 1420 de
804 1401 920 1431 pugna.

260 1438 391 1473 Coimus,
409 1437 635 1478 congredimur.
666 1438 790 1469 Terent.
804 1439 862 1469 Ph.
876 1439 920 1470 Π.

256 1486 289 1518 ii.
305 1488 358 1517 32.
371 1490 470 1527 primu
487 1488 575 1517 coitio
591 1494 633 1517 est
647 1490 806 1519 acerrima.
839 1487 920 1517 Gra-

255 1537 313 1566 dus
327 1535 411 1566 idem
423 1535 506 1577 quod
522 1542 622 1566 status
636 1536 833 1566 luctantium.
859 1537 919 1567 Co-

255 1584 412 1615 nabantur
433 1584 649 1615 adversarium
666 1586 701 1614 de
723 1587 825 1625 gradu
843 1587 919 1625 deji-

256 1645 331 1664 cere.
380 1634 475 1669 Certi,
499 1633 602 1664 animo
629 1634 672 1664 sic
695 1634 868 1670 obfirmato,
885 1640 920 1665 ut

256 1692 319 1712 non
335 1682 528 1713 cederemus.
551 1681 668 1723 virgil.
686 1683 801 1723 Georg.
817 1683 919 1714 iv.84.

255 1733 354 1762 obnixi
371 1743 430 1761 non
445 1733 558 1762 cedere.
595 1731 669 1761 Cum
681 1733 754 1771 pede
769 1734 918 1771 pesjunc·

255 1786 313 1816 tus,
340 1786 403 1810 etc.
449 1780 500 1810 Ita
527 1780 757 1821 descripserunt
785 1782 916 1812 Veteres

255 1829 349 1860 etiam
373 1828 526 1859 acerrima
545 1829 728 1860 certamina.
765 1829 917 1870 Tyrtaeus,

255 1889 287 1919 p.
306 1878 364 1907 101
381 1888 388 1907 :
407 1878 473 1908 Καὶ
491 1876 577 1908 πόδα
592 1877 668 1918 παρ’
686 1876 761 1908 ποδὶ
775 1879 850 1914 Θεῑς,
866 1879 919 1908 καὶ

257 1926 308 1956 ἐπ’
333 1925 477 1962 α’σπὶὂος
496 1925 607 1956 ἀσπίδ’
623 1926 759 1967 ἐρείσας,
783 1932 845 1958 etc.
866 1926 919 1957 ubi

259 1975 322 2005 vid.
352 1975 498 2013 Klotius3
537 1975 600 2005 vid.
625 1975 720 2006 etiam
757 1975 919 2006 Freinshe-

258 2023 339 2053 mius
368 2022 409 2052 ad
439 2023 594 2059 Curtium,
625 2024 687 2054 III.
714 2023 755 2055 iv.
785 2027 815 2055 5.
859 2024 920 2055 Sed

255 2081 340 2101 nunc
359 2070 413 2101 ille
434 2070 523 2101 ardor
545 2072 776 2103 accommodate
793 2073 831 2103 ad
852 2073 918 2104 luc-

257 2124 322 2149 tam
352 2125 489 2150 notatus.
537 2120 612 2151 Vid.
638 2121 732 2151 etiam
758 2121 918 2162 Virgilius,

256 2169 332 2198 AEIn.
347 2179 378 2198 x.
394 2168 478 2198 362:
505 2169 595 2199 lum-et
616 2171 690 2208 pede
712 2181 773 2209 pes,
799 2172 919 2201 densus-

256 2228 311 2257 que
336 2220 399 2247 υἰιό
426 2219 483 2252 vir,
510 2225 573 2248 etc.
622 2219 754 2249 Pronus.
775 2219 855 2250 Vide
880 2219 919 2250 ad

255 2277 287 2296 x.
304 2266 377 2296 652.
425 2266 566 2296 Frontem
585 2267 715 2307 fronte,
740 2267 812 2298 hinc
839 2280 917 2309 pug-

257 2317 365 2345 nantia
388 2325 486 2344 secum
497 2315 659 2356 frontibus
681 2318 824 2352 adversis,
843 2327 916 2347 con·

255 2363 361 2394 traria.
388 2363 497 2393 Horat.
512 2364 539 2393 I.
555 2364 619 2394 Sat.
634 2364 655 2394 i.
673 2365 744 2394 102.

301 2412 352 2442 46.
384 2411 454 2441 Non
491 2412 592 2449 aliter,
623 2413 700 2452 etc.]
739 2412 917 2443 Similitudo

256 2461 337 2491 bene
362 2459 497 2495 delecta,
521 2461 596 2501 quia
621 2467 653 2491 et
674 2460 756 2491 tauri
780 2460 818 2491 de
843 2471 917 2491 con-

252 2509 330 2550 juge
351 2514 483 2544 certant,
501 2516 532 2540 et
551 2509 626 2550 quia
645 2509 806 2540 Achelous
821 2510 917 2540 inter-

258 2558 334 2588 dum
355 2558 485 2588 armenti
509 2557 584 2594 dux,
602 2558 665 2588 viii.
680 2559 754 2590 882.
799 2559 917 2600 Hujus-

258 2605 344 2636 modi
360 2612 462 2636 autem
477 2612 635 2637 taurorum
650 2606 793 2648 praelium
807 2607 846 2637 de
857 2607 918 2638 for-

259 2654 432 2684 mosissima
455 2655 593 2696 juvenca
618 2655 739 2697 copiose
764 2662 795 2686 et
816 2656 918 2687 excel-

259 2703 359 2735 lenter
385 2703 533 2734 describit
553 2705 715 2745 Virgilius,
739 2705 854 2746 Georg.
875 2705 918 2736 iii.

1589 975 1652 1018 50

986 1146 1048 1176 217
1075 1156 1168 1186 sqq.;
1198 1144 1304 1174 confer
1330 1143 1440 1173 Amor.
1461 1142 1506 1172 Π.
1530 1141 1584 1172 xii.
1609 1142 1651 1172 25

986 1204 1056 1235 sqq.
1100 1193 1162 1224 Sed
1189 1194 1302 1223 Noster
1328 1202 1411 1222 nunc
1433 1190 1570 1232 respexit
1593 1191 1651 1220 ΞΕ-

987 1242 1073 1273 neid.
1097 1242 1153 1273 xii.
1177 1243 1238 1272 715
1262 1252 1349 1282 sqq.:
1379 1241 1480 1274 Quum
1501 1242 1560 1269 duo
1581 1250 1649 1269 con-

987 1293 1076 1322 versis
1100 1293 1221 1322 inimica
1241 1293 1273 1321 in
1295 1291 1403 1330 proclia
1423 1290 1507 1319 tauri
1524 1288 1647 1318 Fronti-

989 1342 1040 1370 bus
1057 1343 1232 1375 incurrunt,
1247 1341 1349 1378 paridi
1365 1349 1472 1368 cessere
1493 1338 1650 1379 magistri:

989 1389 1056 1420 Stat
1070 1400 1159 1429 pecus
1175 1399 1256 1419 omne
1274 1394 1353 1418 metu¹
1378 1394 1488 1422 tutum,
1504 1392 1652 1417 mussant-

988 1449 1043 1478 que
1059 1441 1211 1478 jur-encoe,
1244 1437 1319 1471 Quis
1347 1438 1460 1467 nemori
1490 1437 1651 1475 imperitet,

988 1499 1071 1528 quem
1091 1494 1154 1518 tota
1175 1494 1311 1518 armenta
1332 1493 1508 1526 sequantur.
1548 1489 1652 1518 Fortes

989 1537 1037 1566 vel
1067 1537 1107 1567 ad
1138 1542 1252 1572 aratra,
1279 1536 1341 1571 vel,
1366 1542 1400 1566 ut
1430 1535 1487 1565 hoc
1515 1535 1584 1565 loco
1611 1535 1652 1566 ad

986 1597 1137 1628 pugnam,
1156 1587 1270 1628 passim
1287 1591 1436 1616 vocantur
1454 1584 1544 1615 tauri.
1571 1585 1650 1616 Con-

987 1646 1111 1666 currere
1135 1635 1213 1665 alias
1234 1635 1273 1665 de
1296 1634 1427 1675 integris
1449 1633 1649 1670 exercitibus,

987 1694 1069 1714 nunc
1095 1684 1134 1714 de
1157 1683 1307 1723 singulari
1330 1683 1513 1718 certamine,
1529 1688 1564 1713 ut
1583 1682 1650 1714 xiii.

987 1733 1040 1763 88.
1078 1733 1228 1768 Pretium,
1245 1732 1419 1773 praemium.
1458 1731 1649 1761 Nitidissima

986 1781 1109 1822 proprie
1125 1781 1163 1811 de
1180 1779 1412 1822 pulchritudine
1424 1780 1650 1821 juvencarum3

986 1829 1127 1861 declarat
1142 1831 1224 1861 enim
1245 1836 1275 1860 et
1290 1829 1513 1871 pinguedinem
1527 1835 1559 1860 et
1575 1828 1649 1860 inde

986 1879 1137 1910 orientem
1165 1879 1306 1914 nitorem,
1331 1889 1414 1920 saepe
1437 1878 1532 1909 etiam
1556 1878 1649 1908 simul

988 1927 1113 1958 niveum
1130 1929 1263 1959 colorem
1280 1940 1285 1958 :
1304 1927 1376 1958 vide
1387 1927 1459 1958 adi.
1472 1928 1544 1957 610.
1572 1927 1649 1957 Con-

977 1978 1041 2015 jur
1061 1976 1099 2007 de
1117 1987 1226 2012 vacca,
1242 1983 1277 2007 ut
1295 1978 1341 2006 vir
1356 1976 1396 2006 de
1418 1982 1517 2012 tauro,
1533 1975 1553 2006 i.
1567 1976 1649 2014 6603

988 2031 1020 2055 et
1042 2028 1181 2061 maritus,
1207 2025 1246 2056 de
1269 2035 1373 2067 capro,
1396 2024 1508 2055 Horat.
1530 2025 1560 2055 Ι.
1585 2025 1649 2056 od.

987 2073 1064 2104 xvii.
1089 2074 1118 2104 7.
1166 2075 1278 2109 Saltus,
1305 2083 1440 2115 pascua:
1468 2073 1538 2104 vide
1563 2073 1648 2105 Fest.

988 2121 1022 2152 h.
1051 2134 1082 2153 v.
1136 2123 1237 2164 Regni
1267 2122 1409 2164 probavit
1438 2124 1648 2159 Burmannus,

986 2171 1071 2207 ideo,
1105 2172 1178 2212 quia
1204 2171 1367 2207 Phaedrus,
1393 2171 1418 2201 I.
1443 2171 1506 2201 fab.
1530 2172 1583 2202 30.
1607 2171 1647 2203 de

987 2226 1076 2251 tauro
1098 2221 1188 2256 dixit,
1204 2221 1309 2260 pulsus
1324 2231 1414 2262 regno
1431 2221 1566 2250 nemoris.
1602 2220 1648 2251 At

984 2268 1026 2299 ibi
1049 2270 1138 2310 longe
1160 2270 1222 2300 aha
1236 2269 1400 2299 sententia.
1446 2268 1564 2299 Melius
1578 2269 1645 2300 lau-

984 2317 1088 2349 diisset
1106 2318 1284 2359 Virgilium,
1301 2318 1415 2358 Georg.
1434 2317 1480 2348 iii.
1496 2319 1570 2348 228.
1591 2317 1646 2348 ubi

984 2372 1091 2397 taurus
1106 2367 1207 2397 victus
1222 2367 1278 2397 tali
1293 2366 1400 2407 praelio
1417 2368 1516 2407 regnis
1532 2367 1646 2397 excedit

985 2417 1092 2445 avitis.-
1114 2415 1210 2445 victor
1226 2415 1308 2445 enim
1323 2414 1415 2444 simul
1431 2425 1484 2444 rex
1501 2415 1645 2446 armenti.

1027 2465 1081 2494 50.
1102 2464 1274 2504 Nitentia]
1292 2464 1419 2493 Pectora
1436 2465 1565 2494 nitentia
1575 2475 1646 2494 con-

987 2518 1046 2546 tra,
1078 2513 1229 2551 ampleaus
1258 2518 1290 2542 et
1318 2522 1410 2542 nexus
1435 2521 1548 2552 magna
1573 2522 1646 2554 pars

984 2559 1177 2591 luctationis.
1244 2560 1423 2601 Eleganter,
1461 2561 1544 2590 eruit
1582 2572 1645 2590 am-

982 2609 1097 2647 plexus,
1120 2619 1176 2650 pro
1201 2619 1264 2649 quo
1286 2619 1358 2638 mox
1383 2610 1456 2638 solvi
1481 2620 1500 2638 a
1526 2619 1644 2648 corpore

985 2668 1077 2688 nexus
1088 2668 1098 2694 ,·
1122 2657 1254 2688 Heroid.
1270 2656 1336 2688 xiii.
1351 2657 1401 2688 12.
1416 2658 1510 2687 solvor
1522 2658 1558 2687 ab
1579 2669 1643 2688 am-

984 2706 1095 2743 pleni,-
1127 2705 1198 2736 Cic.
1230 2706 1319 2737 Verr.
1341 2717 1370 2736 v.
1399 2706 1453 2736 58.
1481 2715 1587 2736 eruere
1615 2715 1644 2735 se
