1779 3130
220 199 306 239 336

612 196 662 235 P.
696 195 908 236 OVIDII
944 195 1222 237 NASONIS

223 311 339 358 Non
364 325 474 357 mea
498 326 630 356 mors
657 310 743 364 illi,
770 326 939 356 verum
966 326 1056 357 sua
1079 311 1179 357 vita
1203 311 1449 372 gemenda
1475 318 1567 358 est.

222 387 324 433 Vos
351 387 514 441 modO,
542 403 603 433 ne
632 386 835 449 Stygios
863 387 1036 434 adeam
1064 404 1161 433 non
1186 387 1343 434 libera
1367 403 1553 443 manes,

223 464 344 511 Este
369 464 559 526 procul,
589 463 629 510 si
649 465 787 526 justa
812 470 955 526 peto;
995 471 1235 526 tactuque
1261 464 1422 510 viriles

1515 466 1610 511 466

221 540 455 602 Virgineo
480 547 728 586 removete
754 555 960 596 manus;
1003 540 1254 603 acceptior
1278 540 1364 595 illi,

221 616 464 678 Quisquis
490 616 530 662 is
557 622 648 670 est,
678 632 827 678 quem
853 617 990 662 caede
1016 632 1128 662 mea
1152 617 1350 678 placare
1377 616 1577 678 paratis,

224 693 371 739 Liber
395 692 487 739 erit
512 692 712 753 sanguis
733 710 742 739 :
784 692 823 738 si
851 708 976 754 quos
1003 700 1169 738 tamen
1194 692 1367 738 ultima
1392 692 1546 738 nostri

218 769 386 816 Verba
411 776 609 815 movent
633 768 756 825 oris;
798 768 984 814 Priami
1009 784 1094 814 vos
1121 767 1222 814 filia
1247 768 1391 829 regis,

1513 771 1612 814 470

222 844 337 891 Non
363 845 574 908 captiva,
604 852 770 906 rogat:
812 844 1053 906 genetrici
1079 860 1259 907 corpus
1285 844 1563 907 inemptum

221 921 469 977 Reddite3
511 937 633 968 neve
661 937 777 967 auro
802 921 1012 967 redimat
1031 922 1114 982 jus
1141 920 1281 967 triste
1309 921 1541 983 sepulcri,

223 997 324 1044 Sed
361 997 604 1044 lacrimis:
645 1005 779 1052 tunc,
812 1013 969 1059 quum
1006 1003 1216 1060 poterat,
1251 997 1528 1044 redimebat
1563 1004 1612 1043 et

421 1074 588 1121 auro.’'

1514 1077 1610 1120 473

224 1149 462 1197 Dixerat:
504 1157 554 1197 at
578 1151 793 1214 populus
819 1151 1064 1206 lacrimas,
1093 1167 1216 1213 quas
1243 1151 1326 1198 illa
1352 1151 1571 1205 tenebat,

222 1225 337 1272 Non
362 1234 527 1274 tenet:
567 1226 675 1290 ipse
701 1227 849 1274 etiam
875 1228 999 1274 flens
1026 1227 1309 1290 invitusque
1335 1227 1566 1274 sacerdos

221 1301 442 1350 Praebita
466 1304 693 1365 conjecto
717 1303 850 1366 rupit
873 1303 1145 1366 praecordia
1169 1303 1312 1350 ferro.

221 1378 330 1434 Illa,
359 1395 508 1442 super
532 1386 713 1425 terram
738 1378 934 1425 defecto
959 1379 1149 1442 poplite
1175 1381 1366 1435 labens,

220 1455 433 1502 Pertulit
456 1455 730 1518 intrepidos
757 1456 819 1502 ad
844 1456 945 1503 fata
970 1456 1237 1502 novissima
1261 1456 1445 1502 vultus.

221 1531 361 1578 Tunc
388 1547 590 1595 quoque
615 1547 732 1578 cura
756 1531 848 1579 fuit
872 1540 1036 1595 partes
1062 1532 1225 1580 velare
1250 1533 1509 1594 tegendas,

262 1709 336 1739 465.
359 1708 412 1738 Vos
427 1710 520 1744 modo,
538 1707 614 1747 etc.]
636 1708 792 1739 Astabant
807 1708 880 1739 lecti

215 1757 347 1798 juvenes
371 1758 566 1792 Graecorum‚
589 1757 643 1798 qui
669 1757 882 1799 apprchende-

219 1812 286 1836 rent
303 1805 472 1846 virginem3
496 1805 602 1847 Eurip.
619 1816 681 1837 ver.
697 1807 770 1836 545.
816 1806 881 1836 Hos

220 1867 276 1885 esse
290 1856 397 1894 procul
412 1855 491 1889 vult.
506 1861 541 1884 ut
558 1856 663 1890 libera,
682 1855 801 1890 volens,
821 1866 882 1885 non

220 1911 340 1941 coacta,
367 1904 451 1945 quod
476 1904 586 1934 servile
610 1904 698 1940 foret,
723 1904 881 1935 moriatur.

219 1954 287 1984 Hoc
304 1964 426 1994 quoque
442 1953 573 1995 sumpsit
588 1953 626 1983 ab
640 1952 804 1994 Euripide,
820 1963 882 1984 ver.

221 2003 283 2033 548
299 2014 305 2031 z
322 2001 460 2032 Ἐκοῦσα
476 2001 616 2039 θνῆσκω,
633 2001 678 2042 μή
694 2014 742 2038 τις
756 2001 882 2041 ἅψηται

221 2052 318 2092 χροὸς
334 2052 469 2091 Τουμοῦ·
492 2049 620 2091 παρέξω
637 2051 699 2091 γὰρ
719 2048 816 2090 δέρην
833 2050 881 2080 εὑ-

220 2098 370 2141 καρέίως.
394 2098 589 2140 Ἐλευθέραν
605 2101 683 2139 (non
707 2099 881 2140 apprehen-

219 2148 304 2187 sam)
326 2146 356 2177 δὲ
379 2147 422 2188 μ’,
441 2147 483 2184 ὡς
502 2147 652 2188 ἐλευθέρα
676 2147 774 2183 Θάνω,
793 2149 882 2189 Πρὸς

220 2197 300 2227 Θεῶν
315 2196 473 2237 μεθέντες,
489 2195 640 2227 κτείνω).
669 2195 726 2227 Ἐν
743 2198 882 2237 νεκροῖσι

220 2246 282 2287 γὰρ
313 2246 421 2284 Δοὺλη
447 2246 630 2284 κεκλῆσθαι,
651 2245 784 2285 βασιλίς
806 2245 882 2282 οἵτ’,

221 2295 433 2337 αἰσχύνομαι.
478 2295 551 2325 Alio
572 2305 664 2325 sensu
684 2295 766 2336 apud
788 2296 883 2325 Sene-

219 2355 302 2379 cam,
319 2344 433 2375 Troad.
447 2344 603 2385 l44.feli.1
623 2344 763 2373 Priamus
780 2344 883 2374 Dicite

220 2399 334 2423 cunctae
346 2406 354 2422 .·
385 2394 457 2423 liber
483 2403 582 2422 manes
613 2393 702 2423 Vadit
732 2394 770 2422 ad
802 2395 881 2424 imos.

219 2442 323 2471 Etiam
350 2442 463 2472 Gestar
492 2441 573 2482 apud
604 2441 726 2477 Silium,
752 2442 784 2473 ii.
807 2443 880 2473 367.

221 2492 294 2520 liber
310 2491 481 2520 Acheronta
497 2492 598 2520 videre
613 2491 709 2532 cupit.

264 2540 338 2570 471.
366 2539 548 2578 Inemptum,
565 2546 599 2570 ut
614 2539 781 2581 ἀπρίατον
797 2540 880 2581 apud

221 2589 402 2624 Homerum,
420 2589 458 2618 Il.
475 2593 515 2619 Α.
529 2590 580 2619 99.
595 2589 647 2619 ubi
664 2589 881 2630 explicationis

221 2646 314 2666 causa
333 2637 494 2678 subjicitur
509 2639 662 2668 ἄποιιιον.
710 2638 792 2668 Neve
807 2650 881 2667 auro

223 2686 360 2720 redimat,
384 2691 446 2715 etc.
487 2686 609 2721 Cicero,
626 2686 716 2716 verr.
734 2698 761 2716 v.
778 2688 829 2717 45.
849 2687 879 2716 in

221 2743 348 2763 summae
369 2733 562 2764 crudelitatis
578 2735 717 2766 Verriuae
737 2735 879 2776 specimi-

948 1708 1041 1738 nibus
1057 1714 1198 1739 numerat
1213 1708 1282 1743 hoc,
1300 1707 1381 1748 quod
1398 1712 1542 1748 parentes
1557 1718 1609 1738 oc-

949 1757 1081 1787 cisorum
1097 1757 1263 1787 liberorum
1284 1757 1384 1786 coacti
1402 1756 1516 1786 fuerint
1532 1759 1612 1787 redi-

948 1818 1025 1836 mere
1038 1808 1133 1846 pretio
1145 1808 1302 1845 sepeliendi
1317 1812 1499 1845 potestatem.
1526 1806 1611 1836 Tunc

948 1867 1086 1885 ——anro:
1114 1855 1258 1885 Hectoris
1284 1865 1394 1896 corpus
1419 1864 1493 1884 auro
1522 1854 1610 1884 rede-

949 1910 1048 1934 merat
1080 1904 1242 1940 Priamus;
1272 1903 1398 1934 Homer.
1421 1903 1461 1933 11.
1486 1906 1523 1934 Ω.
1547 1904 1611 1933 299

950 1963 1019 1993 sqq.
1066 1952 1158 1989 Quod
1181 1952 1233 1982 ille
1256 1952 1382 1988 fecerat,
1399 1951 1430 1981 id
1449 1962 1530 1982 nunc
1547 1952 1611 1982 He-

950 2002 1038 2031 cubae
1055 2001 1212 2031 tribuitur.

999 2050 1074 2080 474.
1118 2050 1263 2089 Populus,
1296 2048 1450 2079 exercitus
1481 2050 1611 2080 Graecus

951 2099 1104 2129 tumulum
1121 2099 1261 2139 cingens.
1312 2098 1448 2134 Tenebat,
1465 2098 1611 2139 reprime-

949 2148 1013 2178 bat.
1059 2148 1179 2187 Magna
1195 2148 1225 2177 in
1240 2147 1288 2177 his
1306 2152 1338 2177 et
1356 2147 1387 2177 in
1408 2147 1611 2188 sequentibus

949 2197 1075 2238 virginis
1092 2197 1332 2227 commendatio.
1377 2197 1466 2226 Flens
1483 2198 1610 2227 invitus-

950 2258 1014 2286 que.
1060 2247 1106 2277 Οἰν
1129 2246 1234 2277 θέλων
1255 2258 1286 2277 τε
1311 2247 1363 2276 καὶ
1384 2245 1498 2281 Θέλων,
1515 2245 1610 2287 οἴκτῳ

949 2295 1059 2335 κόρης,
1075 2295 1182 2336 Eurip.
1199 2305 1262 2325 ver.
1275 2295 1348 2324 560.
1387 2294 1542 2335 Degt'ectus,
1555 2294 1610 2325 de-

949 2344 1067 2379 ficiens,
1092 2350 1126 2373 ut
1149 2343 1191 2373 ix.
1210 2344 1281 2374 154.
1326 2343 1494 2373 Succiduus
1514 2343 1611 2382 poples

949 2391 1067 2421 labanti
1085 2392 1228 2421 tribuitur
1243 2403 1274 2422 x,
1291 2392 1364 2422 458.

993 2441 1068 2470 479.
1097 2441 1181 2471 Tunc
1205 2452 1315 2481 quoque
1338 2452 1422 2476 cura,
1447 2440 1525 2480 etc]
1559 2440 1608 2470 De

948 2489 1049 2520 studio
1065 2490 1317 2520 moribundorum
1333 2489 1443 2520 decore
1464 2489 1609 2525 cadendi,

947 2544 1017 2579 post
1042 2538 1180 2569 Cortium
1205 2545 1236 2568 et
1256 2539 1430 2569 Gesnerum
1454 2538 1493 2568 ad
1516 2538 1610 2569 Plinii

947 2588 1006 2628 Ep.
1023 2587 1084 2618 IV.
1101 2587 1143 2616 xi.
1161 2588 1193 2617 9.
1210 2587 1358 2617 nonnulla
1375 2586 1499 2627 collegit
1516 2587 1605 2616 Klot-

948 2636 1011 2667 zius
1035 2636 1073 2666 ad
1097 2636 1266 2677 Tyrtaeum,
1291 2648 1321 2677 p.
1338 2637 1397 2666 63:
1424 2635 1518 2676 idque
1541 2641 1605 2666 stu-

947 2685 1031 2715 dium
1048 2685 1197 2726 imprimis
1212 2685 1344 2715 decebat
1355 2678 1505 2725 virginem
1521 2684 1607 2725 inge-

948 2745 1051 2764 nuam.
1097 2733 1156 2763 Sed
1178 2734 1243 2764 haec
1261 2744 1383 2775 quoque
1401 2734 1549 2764 translata
1568 2743 1606 2763 ex
