1779 3130
235 193 292 233 30·
625 191 673 229 P.
707 188 919 230 OVIDII
954 186 1232 229 NASONIS

242 312 272 329 “
301 304 668 364 Poenarumque
692 303 812 349 Deae
838 302 1073 364 triplices,
1092 298 1399 355 furialibUS,'’
1424 299 1603 360 inquit,

243 387 273 405 “
302 380 622 434 EuinenicleS‚
651 378 802 425 sacris
828 378 994 423 vultus
1022 375 1260 423 advertite
1285 381 1492 422 vestros,

245 456 488 510 Ulciscor,
516 455 743 516 facioque
770 453 935 499 nefas:

976 468 1108 498 mors
1134 459 1291 498 morte
1316 451 1500 513 pianda
1524 456 1628 496 est:

243 532 303 578 In
328 532 491 578 scelus
518 530 801 576 addendum
824 528 987 574 scelus
1013 535 1104 581 est,
1128 527 1177 573 in
1202 527 1374 573 funera
1397 526 1572 572 funus:

243 608 342 654 Per
367 613 682 653 coacervatos
710 611 881 667 pereat
905 603 1082 649 domus
1109 603 1261 665 impia
1284 603 1467 649 luctus.

1534 603 1631 647 485

242 683 322 729 An
347 683 466 729 felix
492 682 683 728 OEneus
711 688 827 726 nato
855 679 1039 725 victore
1064 679 1284 726 fruetur?

244 759 477 806 Thestius
503 758 652 804 orbus
679 756 803 802 erit?
841 755 1017 801 melius
1043 755 1276 816 lugebitis
1302 755 1463 800 ambo.

244 836 346 882 Vos
368 835 516 880 modo
542 832 741 879 fraterni
767 847 953 886 manes,
982 830 1261 892 animaeque
1286 837 1526 885 recentes,

249 912 479 957 Officium
506 910 687 957 sentite
712 924 906 964 meum;
948 922 1230 968 magnoque
1252 914 1449 969 paratas

245 986 475 1050 Accipite
501 985 716 1040 inferias,
740 984 867 1031 uteri
891 984 1023 1030 mala
1046 983 1254 1046 pignora
1274 983 1443 1030 nostri.

1537 984 1635 1028 490

249 1062 346 1110 Hei
371 1062 518 1108 mihi!
559 1078 658 1124 quo
682 1061 879 1124 rapior?
917 1060 1090 1107 fratres
1116 1061 1359 1121 ignoscite
1385 1059 1545 1106 matri.

250 1139 502 1187 Deficiunt
527 1139 589 1185 ad
615 1146 779 1201 coepta
803 1153 978 1184 manus
999 1155 1008 1184 :
1049 1137 1288 1184 meruisse
1313 1136 1525 1183 fatemur

251 1215 415 1270 Illum,
444 1230 530 1261 cur
554 1222 753 1277 pereat:
794 1213 966 1260 mortis
991 1213 1111 1259 mihi
1137 1213 1371 1276 displicet
1395 1221 1582 1260 auctor.

251 1291 383 1353 Ergo
409 1291 609 1353 impune
635 1290 784 1346 feret;
826 1289 1080 1352 vivusque,
1109 1298 1157 1337 et
1182 1289 1354 1345 victor,
1377 1296 1427 1337 et
1450 1289 1558 1352 ipso

253 1368 500 1415 Successu
521 1368 740 1414 tumidus
762 1383 970 1429 regnum
988 1367 1260 1430 Calydonis
1280 1366 1518 1413 habebit?
1540 1368 1637 1413 495

251 1444 353 1490 Vos
379 1443 501 1490 cinis
528 1444 737 1505 exiguus
764 1444 1043 1506 gelidaeque
1064 1444 1296 1506 jacebitis
1323 1444 1543 1490 umbrae?

253 1637 302 1666 vel
322 1635 493 1675 liquoribus
510 1636 557 1666 vel
575 1636 721 1666 victimis.
769 1636 912 1668 Graviter

251 1685 344 1726 igitur
360 1685 427 1715 haec
442 1685 528 1725 ligna
542 1686 720 1724 sepulcrales
732 1697 800 1716 <tras
811 1692 911 1721 vocat,

251 1735 283 1764 in
298 1733 411 1774 quibus
431 1734 529 1764 filium
551 1734 641 1775 quasi
658 1734 795 1765 adolebit
811 1734 842 1764 in
858 1735 912 1765 ho-

255 1793 359 1813 norem
395 1788 426 1812 et
461 1783 572 1812 solatia
601 1782 741 1813 fratrum.
801 1784 913 1824 Neque

253 1832 366 1862 Manes
395 1831 611 1862 defunctorum
646 1832 752 1862 statim
779 1832 914 1868 invocat,

254 1881 308 1910 sed
322 1881 405 1922 ipsas
422 1881 533 1910 Furias
548 1881 578 1910 in
595 1892 626 1911 re
641 1881 804 1916 horrenda,
822 1892 916 1922 quam

255 1929 353 1959 Furiae
370 1929 398 1959 ei
413 1930 554 1970 iujeeizse
573 1929 769 1960 videbantur.
815 1930 916 1960 Recte

255 1977 493 2019 igiturfuriztlia
510 1989 606 2008 suern.
633 1978 767 2018 Impium
784 1978 915 2008 furorem

254 2027 334 2056 bene
349 2026 495 2067 exprimit
510 2027 612 2056 verbis
633 2026 916 2067 Ulciscor—funus,

257 2085 315 2106 nec
338 2081 453 2106 temere
471 2075 650 2105 immoratur
673 2074 717 2105 rei
738 2074 840 2105 verbis
862 2085 915 2105 cu-

257 2122 392 2153 mulatis.
438 2123 521 2153 Mors
537 2130 628 2153 morte
640 2124 754 2162 pianda
769 2129 830 2159 est,-
855 2133 915 2153 cae—

258 2172 313 2202 (les
329 2172 458 2202 fratrum
474 2178 570 2201 morte
586 2171 639 2201 filii
656 2171 819 2212 purganda
835 2178 891 2202 est.

301 2220 374 2250 486.
398 2220 536 2260 Anfelir
553 2220 674 2255 OEneus,
692 2220 770 2259 etc.]
797 2220 919 2251 Invidia

259 2269 309 2300 hic
326 2275 357 2299 et
373 2279 434 2299 ver.
448 2270 511 2299 494
526 2280 551 2299 s.
566 2268 707 2299 stimulos
721 2269 819 2299 addit.
855 2270 919 2300 Me-

260 2320 318 2349 lius
334 2319 472 2358 lugebitis
487 2319 579 2354 ambo,
593 2318 787 2348 detestabilis
798 2324 918 2348 senten-

258 2367 314 2396 tia.
363 2365 468 2395 Manes
493 2365 600 2396 adesse
625 2377 662 2396 ex
684 2365 790 2396 inferis
815 2366 922 2396 crede-

258 2415 372 2444 bantur
395 2413 532 2451 inferiis3
566 2413 604 2444 iis
629 2424 701 2454 ergo
725 2414 922 2445 commendat

259 2462 389 2502 (fficium
417 2472 519 2497 suum,
550 2461 633 2502 quod
661 2462 847 2492 vocabulum
877 2469 923 2492 est

260 2510 386 2540 solenne
411 2510 450 2540 de
479 2510 607 2541 inferiis.
654 2510 817 2547 Recentes;
852 2512 921 2541 novi

262 2558 337 2589 Orci
358 2558 479 2594 incolae‚
502 2569 610 2588 recens
632 2558 775 2589 admissi:
807 2559 852 2589 sic
882 2559 922 2589 iv.

263 2608 337 2637 434.
352 2608 461 2637 umbroe
479 2614 616 2638 recentes.
663 2608 789 2643 Sentite,
805 2607 921 2638 intelli-

263 2656 515 2696 gite‚agnoscite.
565 2657 679 2697 Magno
690 2664 824 2696 paratas,
836 2667 921 2697 mag-

266 2704 295 2734 ni
310 2704 411 2745 pretii,
428 2714 538 2745 nempe
558 2706 683 2745 pignora
701 2707 791 2740 uteri,
811 2704 920 2737 filium.

981 1646 1085 1677 quem,
1110 1636 1223 1677 pignus
1253 1635 1376 1671 amoris,
1404 1635 1434 1665 in
1462 1635 1527 1677 ipso
1556 1641 1643 1667 utero

980 1696 1048 1715 meo
1064 1686 1195 1727 portavi.

1025 1735 1098 1764 491.
1124 1734 1183 1764 Hei
1209 1735 1303 1764 mihi!
1326 1745 1381 1774 ‘1¹¹0
1403 1734 1542 1774 rapior?]
1569 1733 1642 1765 Non

983 1793 1070 1813 mens
1090 1793 1158 1813 eam
1181 1783 1349 1813 revocabat
1371 1793 1388 1812 a
1413 1793 1492 1813 novo
1517 1789 1644 1819 conatu,

983 1831 1039 1861 sed
1076 1836 1164 1860 tanta
1194 1836 1240 1861 est
1265 1830 1311 1860 vis
1335 1831 1466 1861 materni
1488 1831 1642 1861 affectus!

983 1891 1089 1909 munus
1101 1881 1281 1919 deficientes,
1299 1885 1466 1909 trementes
1485 1886 1579 1920 atque
1593 1880 1643 1910 vix

984 1929 1119 1970 stipitem
1142 1928 1271 1959 retinere
1298 1929 1448 1958 valentes.
1486 1928 1569 1959 Hinc
1586 1940 1644 1959 vox

984 1977 1088 2007 invitae
1127 1977 1322 2018 exprimitur,
1356 1977 1416 2007 Hei
1452 1978 1549 2008 mihi!
1585 1982 1646 2009 ete.

985 2026 1074 2066 cujus
1083 2025 1204 2055 veniam
1219 2026 1321 2056 statim
1335 2031 1490 2066 precatur.
1518 2027 1644 2062 Auctor,

986 2080 1084 2104 mater
1100 2075 1178 2116 ipsa.
1216 2074 1340 2115 Dignus
1363 2081 1420 2110 est,
1436 2075 1486 2105 cui
1503 2085 1583 2106 mors
1598 2076 1645 2106 in-

986 2124 1111 2159 feratur,
1130 2134 1234 2154 verum
1252 2134 1312 2153 non
1329 2124 1367 2153 ab
1383 2123 1451 2165 ipsa
1465 2130 1572 2155 matre.

1031 2173 1104 2202 496.
1122 2172 1207 2202 Ciuis
1223 2174 1369 2213 eii-guum
1392 2172 1508 2214 Ὀλίγη
1532 2172 1563 2204 δὲ
1587 2186 1646 2205 κει-

989 2221 1132 2262 σόμεσθα
1145 2221 1253 2259 κόνιςς
1270 2222 1427 2257 Horatius,
1439 2223 1499 2252 IV.
1516 2221 1578 2253 Od.
1590 2223 1645 2254 vii.

991 2271 1048 2300 16:
1076 2270 1183 2300 Pulvis
1202 2277 1229 2300 et
1248 2271 1352 2300 umbra
1367 2281 1490 2307 sumus;
1515 2271 1645 2312 Proper-

989 2318 1063 2353 tius,
1087 2318 1147 2348 IV.
1163 2318 1195 2348 ii.
1213 2320 1262 2349 14.
1285 2319 1335 2348 Εη
1352 2330 1416 2348 sum
1443 2320 1519 2358 quod
1543 2321 1649 2360 digitis

989 2369 1117 2407 quinque
1137 2368 1255 2396 levatur
1276 2379 1359 2398 ontis.
1404 2367 1512 2398 Jucere
1527 2368 1648 2409 proprie

991 2416 1030 2446 ad
1051 2416 1185 2446 cinerem
1208 2422 1331 2446 tantum
1352 2416 1498 2457 pertinet,
1515 2427 1576 2447 non
1596 2417 1647 2448 iti-

989 2464 1061 2494 dem
1090 2465 1129 2494 ad
1160 2466 1298 2495 umbras.
1344 2465 1404 2495 Sed
1431 2465 1558 2496 solenne
1581 2472 1649 2497 erat

990 2513 1050 2543 hoc
1064 2514 1192 2544 verbum
1215 2514 1340 2544 omnino
1356 2514 1396 2544 de
1413 2515 1541 2545 mortuis
1560 2526 1648 2546 usur-

990 2572 1075 2603 pare.
1119 2562 1170 2592 Sic
1189 2568 1220 2593 et
1243 2563 1403 2594 cadaveris
1419 2563 1578 2604 epitheton
1595 2575 1648 2606 ge-

991 2611 1071 2641 lidus
1095 2611 1135 2640 ad
1156 2612 1281 2642 umbras
1313 2611 1510 2642 translatum.
1553 2613 1646 2643 Atta-

990 2669 1061 2688 men
1089 2660 1198 2690 umbra
1227 2671 1283 2690 nec
1312 2662 1414 2701 gelida
1443 2671 1499 2691 nec
1519 2660 1646 2698 calida;

990 2707 1042 2737 sed
1069 2707 1107 2736 ad
1131 2714 1259 2738 mortem
1288 2708 1461 2750 respicitur,
1483 2719 1552 2750 quae
1577 2719 1648 2740 eum
