1779 3130
353 169 973 211 METAMORPHOSEON
1006 168 1126 210 LIB.
1159 168 1297 210 VIII.
1490 170 1519 210 5

134 281 395 344 Virgineos
420 283 598 331 hostile
623 283 834 346 gradus:
874 290 950 330 est
974 283 1190 346 impetus
1216 282 1286 329 illi

133 357 371 406 Turribus
396 375 423 406 e
448 359 652 406 summis
679 360 728 405 in
754 360 944 406 Gnosia
968 359 1163 406 mittere
1187 375 1367 422 corpus

134 433 338 492 Castra3
378 435 455 482 vel
475 444 650 482 aeratas
675 436 804 482 hosti
831 436 1087 482 recludere
1112 443 1296 498 portas,

134 509 227 557 Vel
254 511 294 556 si
321 512 440 574 quid
468 511 634 558 Minos
660 511 793 558 aliud
817 511 963 558 velit:
1004 518 1159 573 utque
1184 511 1408 567 sedebat,

136 585 364 633 Candida
392 587 567 634 Dictaei
592 595 825 650 spectans
850 587 1064 634 tentoria
1088 587 1217 649 regis
1240 605 1250 643 ;

134 668 164 685 “
190 661 396 719 Laeter,’'
419 664 503 719 ait,
524 671 553 688 “
574 665 835 711 doleamne
860 664 963 726 geri
987 663 1292 710 lacrimabile
1313 664 1515 719 bellum,

135 738 194 786 In
213 739 363 786 dubio
382 748 485 787 est:
514 741 674 796 doleo,
699 741 833 803 quod
854 739 1021 786 Minos
1043 739 1198 786 hostis
1220 739 1405 786 amanti
1426 745 1517 786 est.

136 814 237 862 Sed
260 816 352 862 nisi
371 817 501 864 bella
521 817 696 872 forent,
715 815 956 879 numquid
973 815 1090 861 mihi
1107 814 1335 876 cognitus
1351 814 1518 862 esset?

1453 361 1518 406 40

133 889 220 938 Me
245 899 410 939 tamen
436 900 645 956 accepta
668 900 864 957 poterat
889 893 1137 955 deponere
1162 892 1348 938 bellum

132 966 351 1016 Obside:
391 985 469 1016 me
494 970 745 1025 comitem,
773 985 850 1016 me
877 969 1013 1032 pacis
1036 968 1215 1032 pignus
1240 968 1461 1015 haberet..

136 1043 206 1099 Si,
235 1060 345 1106 quae
373 1052 421 1092 te
448 1047 634 1107 genuit,
662 1046 790 1102 talis,
818 1045 1146 1109 pulcherrime
1173 1061 1351 1100 rerum,

135 1119 309 1173 Qualis
335 1138 387 1169 es
414 1122 537 1185 ipse,
564 1122 683 1178 fuit;
723 1123 898 1169 merito
926 1122 1063 1169 Deus
1089 1121 1208 1168 arsit
1232 1121 1281 1166 in
1306 1120 1405 1168 illa.
1457 1123 1521 1167 50

137 1196 181 1243 Ο
209 1213 301 1260 ego
326 1205 400 1245 ter
424 1199 560 1255 felix,
589 1200 628 1246 si
654 1199 831 1263 pennis
856 1199 996 1262 lapsa
1020 1213 1109 1261 per
1133 1212 1276 1244 auras

176 1319 228 1349 39.
253 1319 307 1349 Est
323 1322 447 1359 impetus
463 1322 521 1357 illi,
536 1321 613 1362 etc.]
649 1321 796 1352 Potentia

134 1367 246 1397 amoris
268 1369 348 1399 bene
370 1375 511 1400 notatur:
538 1369 679 1409 Impetus,
702 1370 793 1400 vehe-

134 1426 221 1447 mens
237 1417 363 1458 cupido.
402 1418 536 1455 G1zosia;
561 1430 652 1460 super
668 1419 725 1449 hoc
741 1429 794 1449 vo-

132 1466 279 1496 cabulum
303 1466 334 1496 in
351 1467 467 1498 Codice
483 1468 512 1497 A
528 1467 705 1498 inscribitur
727 1467 794 1498 haec

131 1514 245 1555 glossa,
263 1516 503 1547 Promontorinm
520 1524 559 1547 est
578 1517 695 1548 Gnosis.
719 1518 795 1548 Cre-

133 1569 171 1593 tae
184 1563 430 1604 ἑκατόμπολεως
440 1564 561 1595 eximiae
573 1565 793 1596 suerunturbes

134 1611 256 1652 Cydon,
285 1614 436 1649 Gnossus,
462 1613 594 1655 Gortyn,
622 1614 738 1654 Lyctus
763 1619 794 1644 et

132 1671 220 1691 mons
236 1660 328 1691 Dicte
342 1673 348 1697 ;
373 1667 467 1702 atque
483 1661 554 1691 hinc
577 1662 676 1700 poetis
693 1663 793 1692 Cretae

131 1709 280 1749 epitheta.
311 1710 435 1740 Mittere
449 1721 554 1750 corpus
568 1710 607 1740 de
620 1710 794 1741 desiliente.

134 1759 256 1788 AEratas
267 1766 388 1798 portns;
413 1769 472 1789 aere
488 1765 520 1789 et
536 1759 614 1789 ferro
630 1758 775 1789 munitas.

175 1808 227 1838 43.
252 1808 401 1843 Candida,
427 1807 542 1849 quippe
567 1807 673 1838 lintea.
706 1807 794 1848 Virg.

131 1857 206 1887 AEn.
222 1856 241 1886 i.
257 1857 330 1887 469.
349 1858 437 1887 Rhesi
454 1859 546 1887 niveis
563 1858 693 1887 tentoria
710 1858 793 1887 velis.

133 1905 200 1935 Illis
225 1911 327 1936 tamen
342 1905 533 1947 temporibus
548 1905 647 1935 lintea
662 1905 795 1936 tentoria

132 1954 268 1984 nondum
294 1954 326 1984 in
351 1965 419 1984 usu.
465 1956 575 1985 Dictaei
600 1956 698 1995 regi55
723 1954 793 1985 vide

132 2013 201 2044 quae
218 2013 310 2044 supra
325 2002 364 2033 ad
381 2003 504 2039 Gnosia,
521 2003 573 2033 40.

175 2052 227 2081 44.
252 2054 361 2089 Laeter,
391 2053 446 2088 ait,
476 2052 552 2091 etc.]
599 2051 707 2082 Placet
736 2050 794 2081 sibi

132 2100 247 2130 Noster
262 2099 293 2130 in
309 2100 460 2141 ejusmodi
483 2099 665 2141 soliloquiis,
681 2099 794 2140 quibus

132 2154 250 2179 naturae
290 2149 433 2179 humanae
468 2149 604 2179 indolem
634 2148 793 2179 describit.

132 2198 235 2228 Etiam
262 2197 319 2228 hoc
347 2198 413 2228 loeo
439 2198 541 2238 gravis
567 2198 659 2228 animi
686 2198 793 2235 lueta3

132 2246 204 2276 hinc
221 2246 302 2276 enim
319 2257 402 2276 amor
418 2252 537 2287 pugnat
552 2246 690 2281 insanus,
707 2245 792 2276 illinc

131 2295 250 2337 pietas3
265 2295 332 2330 sed,
348 2301 381 2325 ut
396 2296 442 2331 fit,
453 2295 493 2325 ad
509 2302 681 2326 extremum
698 2295 794 2325 vincit

134 2355 230 2380 amor,
255 2344 422 2385 Scyllaque
448 2350 567 2386 patrem
593 2344 696 2385 prodit
722 2354 792 2374 cum

131 2394 242 2435 patria.
288 2393 414 2424 Confer.
431 2393 540 2424 similis
565 2393 694 2423 luctatio
722 2393 792 2423 Me-

132 2441 353 2477 deae,vii.init.
393 2443 603 2473 Lacrimabile.
626 2443 793 2476 Homerus,

131 2490 295 2531 δακρυόεις
312 2492 463 2532 πόλεμος.
508 2490 667 2526 Horatius,
684 2491 793 2521 bellum

132 2541 331 2571 lacrimosum.

174 2589 226 2619 46.
251 2589 418 2629 Numquid,
434 2599 488 2629 pro
508 2600 669 2628 numquam
692 2588 793 2628 (quod

132 2638 248 2668 habent
264 2637 357 2678 Regii
372 2637 483 2675 nostri)
500 2648 516 2668 e
532 2637 629 2678 primo
644 2636 792 2667 Mediceo

132 2692 164 2718 et
189 2687 302 2718 Norico
328 2693 410 2718 recte
437 2692 616 2728 receptum3
642 2685 791 2717 acriorem

861 1319 944 1351 enim
965 1318 1067 1350 reddit
1084 1317 1265 1350 orationem.
1310 1318 1475 1358 Deponere‚
1490 1322 1525 1349 ut

862 1369 936 1399 alibi
948 1379 1066 1408 ponere.
1099 1367 1314 1398 Broukhusius
1330 1368 1366 1398 ad
1384 1368 1524 1408 Propert-

861 1418 907 1448 ΙΙ.
922 1417 942 1448 i.
959 1418 1011 1448 36.
1058 1417 1181 1447 Poterat
1202 1415 1315 1446 melius
1337 1426 1431 1457 quam
1448 1414 1524 1446 alio-

861 1477 928 1497 rum
951 1466 1076 1505 poterit:
1102 1464 1173 1495 vide
1193 1464 1232 1495 ad
1248 1464 1270 1494 i.
1287 1465 1360 1495 679.
1407 1464 1526 1494 Obsides

862 1515 924 1545 fere
940 1524 1046 1555 regum
1067 1513 1156 1544 liberi
1181 1512 1426 1554 accipiebantur.
1451 1513 1526 1544 Vid.

863 1563 1024 1594 Ciofanus.
1070 1562 1222 1593 Obsidem
1238 1572 1307 1592 mox
1324 1561 1454 1592 ulterius
1469 1561 1523 1592 de-

861 1612 971 1647 clarat,
991 1611 1097 1651 reique
1112 1616 1207 1651 gratae
1227 1610 1426 1648 immoratur3
1450 1620 1523 1640 nam

861 1667 892 1691 et
905 1663 1032 1701 pignora
1045 1662 1126 1698 pacis
1138 1664 1210 1689 sunt
1220 1658 1354 1694 obsides,
1366 1658 1440 1699 quia
1451 1661 1522 1700 pig-

862 1721 918 1740 nus
934 1720 1022 1740 omne
1037 1709 1079 1745 id,
1096 1708 1179 1749 quod
1195 1708 1288 1738 fidem
1304 1707 1392 1738 facit.

905 1760 955 1789 49.
983 1758 1054 1792 Quae
1086 1764 1112 1787 te
1134 1759 1262 1798 genuit;
1297 1757 1440 1797 Europa:
1473 1758 1524 1798 gi-

860 1818 952 1847 gnere
979 1806 1073 1836 etiam
1102 1806 1141 1836 de
1168 1806 1304 1843 femina3
1342 1805 1414 1835 vide
1444 1806 1525 1835 Bur·

860 1866 1021 1885 mannum.
1068 1855 1278 1885 Pulcher-rime
1303 1865 1405 1884 rerum
1429 1854 1524 1884 etiam

861 1905 892 1935 in
916 1905 987 1935 Art.
1007 1904 1114 1934 Amat.
1135 1903 1156 1933 i.
1180 1904 1254 1933 213.
1279 1908 1309 1933 et
1332 1902 1461 1933 Heroid.
1482 1902 1524 1933 iv.

865 1956 943 1991 125;
970 1953 1148 1984 Dulcissime
1169 1963 1270 1982 rernm
1289 1952 1399 1981 Horat.
1418 1951 1445 1980 I.
1459 1951 1524 1981 Sat.

861 2003 903 2034 ix.
919 2005 959 2041 43
984 2004 1109 2033 maxima
1125 2013 1228 2032 rerum
1238 2000 1405 2032 Claudian.
1419 2000 1439 2031 i.
1454 2001 1524 2031 130.

863 2053 958 2087 Dens,
974 2052 1108 2093 Jupiter,
1124 2050 1157 2081 ii.
1173 2051 1235 2080 833
1251 2060 1320 2090 sqq.

904 2102 956 2131 51.
980 2101 1006 2129 Ο
1032 2111 1084 2141 ego
1109 2105 1153 2129 ter
1167 2099 1261 2139 felir,
1286 2097 1362 2137 etc.]
1410 2096 1524 2127 Confer

862 2148 1054 2190 Euripidem,
1074 2148 1187 2180 Phoen,
1206 2148 1275 2177 166.
1323 2146 1463 2177 Insistere
1484 2146 1523 2175 de

860 2197 1048 2232 volantibus,
1066 2196 1192 2237 quando
1210 2196 1399 2226 delabuntur
1415 2195 1446 2224 in
1464 2200 1523 2224 ter-

859 2256 946 2284 rani3
970 2245 991 2275 i.
1004 2246 1077 2275 307.
1126 2244 1273 2284 Fassaque
1298 2254 1352 2279 me,
1367 2249 1401 2273 ut
1420 2243 1465 2272 iii.
1488 2244 1521 2273 2.

859 2307 887 2325 se
902 2295 1050 2336 coufessus
1065 2301 1141 2324 erat.
1187 2292 1322 2323 Heroica
1343 2297 1436 2321 aetate
1458 2302 1524 2322 ma-

861 2344 910 2374 riti
925 2346 1057 2374 emebant
1078 2343 1248 2384 conjuges3
1271 2341 1326 2371 sed
1348 2347 1453 2382 postea
1474 2344 1523 2371 das

861 2393 1086 2435 postulabatur,
1103 2403 1172 2433 quae
1189 2391 1389 2433 spectabatur
1404 2395 1438 2420 ut
1453 2401 1521 2430 pre-

861 2443 950 2478 tium,
979 2453 1041 2482 quo
1070 2441 1198 2471 maritus
1227 2446 1384 2469 emeretur.
1438 2438 1521 2469 Hinc

861 2491 944 2532 apud
970 2489 1164 2531 Euripidem,
1193 2488 1282 2518 Med.
1305 2489 1379 2518 232.
1404 2487 1523 2517 Medea

861 2539 1010 2580 queritur,
1040 2538 1201 2568 mulierem
1238 2536 1306 2577 cogi
1343 2535 1522 2576 χρημάτων

860 2588 1032 2629 ὑπερβολῇ
1049 2587 1152 2618 Πόσιν
1169 2585 1337 2627 πρίασθαι.
1372 2583 1521 2625 Sponderi

860 2637 1001 2667 solebant
1017 2634 1117 2670 liberi,
1132 2640 1164 2665 et
1178 2633 1282 2674 generi
1297 2632 1358 2663 emi
1374 2643 1392 2662 a
1407 2643 1519 2673 paren-

861 2685 953 2716 tibus.
1000 2683 1160 2725 Virgilius,
1177 2683 1218 2715 G.
1233 2681 1254 2715 i.
1269 2684 1307 2713 31
1323 2694 1328 2713 :
1358 2681 1453 2722 Teque
1466 2683 1521 2713 sibi
