1779 3130
358 178 974 221 METAMORPHOSEON
1010 179 1128 220 LIB.
1163 179 1307 221 XIII.

1444 181 1529 222 327

145 292 279 340 Dure
306 292 616 350 Philoctete;
657 294 774 341 licet
797 309 1046 349 execrere,
1074 309 1340 357 meumque

143 368 400 416 Devoveas
426 369 531 416 sine
556 369 653 416 fine
677 377 845 432 caput,
874 370 1150 432 cupiasque
1177 370 1363 417 dolenti

1433 373 1532 416 330

144 443 230 491 Me
254 444 343 491 tibi
368 444 490 492 forte
517 445 638 499 dari,
665 452 988 507 nostrumque
1013 445 1208 492 haurire
1234 461 1475 500 cruorem,

145 518 314 582 thue
339 521 409 566 tui
436 519 571 575 mihi,
593 520 664 583 sic
688 520 776 567 fiat
799 521 887 567 tibi
908 521 1052 584 copia
1077 521 1229 567 nostri
1249 539 1260 577 3

142 595 213 642 Te
239 602 406 643 tamen
424 597 712 658 aggrediar3
753 613 1049 659 mecumque
1074 598 1311 644 reducere
1337 598 1492 653 nitar3

143 670 368 733 Tamque
393 672 489 719 tuis
515 673 692 735 potiar,
719 672 881 720 faveat
907 673 1139 728 Fortuna,
1163 673 1373 735 sagittis,

144 747 306 801 Quam
327 764 434 794 sum
459 749 728 805 Dardanio,
747 765 895 811 quem
915 749 1041 812 cepi,
1059 756 1171 796 vate
1191 749 1402 812 potitus;
1432 752 1528 795 335

145 823 310 877 Quam
335 841 576 887 responsa
603 825 780 881 Deum,
809 825 1122 888 Trojanaque
1146 825 1249 872 fata
1272 825 1448 880 retexi,

145 900 306 954 Quam
333 902 472 964 rapui
498 902 731 965 Phrygiae
757 903 952 964 signum
978 902 1230 965 penetrale
1257 900 1496 948 Minervae

147 976 389 1024 Hostibus
414 994 440 1025 e
465 979 670 1026 mediis:
711 986 759 1026 et
787 995 840 1026 se
865 978 984 1025 mihi
1010 984 1265 1040 comparet
1286 977 1451 1039 Ajax?

148 1053 343 1117 Nempe
369 1055 479 1117 capi
505 1055 704 1118 Trojam
730 1056 1060 1118 prohibebant
1079 1054 1180 1101 fata
1204 1054 1310 1100 sine
1336 1053 1449 1099 illis.

149 1128 308 1177 Fortis
335 1131 417 1177 ubi
443 1138 521 1178 est
539 1131 703 1194 Ajax?
741 1132 823 1178 ubi
849 1138 964 1178 sunt
988 1129 1209 1192 ingentia
1233 1129 1398 1190 magni
1435 1130 1533 1174 340

147 1204 314 1253 Verba
338 1207 459 1254 viri?
495 1224 582 1254 cur
607 1208 686 1254 hic
713 1208 928 1255 metuis?
965 1222 1053 1254 cur
1077 1206 1228 1253 audet
1255 1205 1433 1252 Ulixes

149 1281 227 1328 Ire
253 1299 341 1345 per
365 1284 622 1339 excubiaS,
649 1291 700 1330 et
723 1300 776 1331 se
801 1283 1110 1330 committere
1136 1282 1302 1329 nocti?

150 1358 348 1421 Perque
373 1359 500 1406 feros
526 1376 686 1415 enses,
715 1376 814 1406 non
838 1366 1033 1407 tantum
1062 1358 1242 1406 moenia
1266 1357 1464 1412 Troum,

148 1434 333 1481 Verum
358 1435 506 1482 etiam
533 1453 750 1483 summas
775 1452 912 1483 arces
938 1436 1135 1491 intrare,
1159 1450 1349 1496 suaque

1436 1436 1531 1479 344

151 1509 357 1574 Eripere
383 1512 488 1559 aede
511 1512 686 1568 Deam,
708 1520 1002 1576 raptamque
1027 1512 1201 1559 efferre
1225 1526 1312 1574 per
1336 1510 1534 1557 hostes?

194 1633 268 1663 329.
294 1633 380 1663 Dure
406 1634 590 1670 Philoctete,·
614 1637 721 1669 durus,
748 1634 807 1664 ira-

152 1686 212 1718 tus,
225 1681 434 1713 inexorabilis.
479 1682 620 1724 Respicit
636 1688 738 1714 autem
755 1684 809 1713 So-

150 1729 269 1770 phoclis
282 1730 431 1767 fabulam,
443 1731 495 1761 ubi
510 1732 700 1762 Philoctetes
709 1731 809 1762 duris-

151 1778 236 1809 simis
252 1780 352 1810 verbis
368 1780 537 1811 insectatur
552 1780 688 1821 reliquos
702 1779 809 1816 duces,

155 1828 298 1868 Ulyssem
313 1828 461 1871 imprimis
476 1834 507 1860 et
523 1829 806 1869 Agamemnonem:

153 1876 258 1907 confer
282 1888 311 1908 v.
334 1887 364 1907 c.
390 1888 453 1908 ver.
476 1877 539 1907 314
561 1888 648 1918 seqq.
694 1877 809 1908 Haurit

154 1935 287 1955 cruorem
303 1925 416 1965 (etiam
439 1926 523 1967 apud
546 1925 718 1960 historicos,
733 1937 765 1956 v.
782 1936 810 1956 c.

155 1972 243 2004 Curt.
259 1974 317 2005 IV.
332 1975 394 2004 xiv.
413 1975 479 2012 17.)
495 1974 531 2010 is,
547 1974 600 2016 qui
616 1974 743 2004 vulnere
764 1974 809 2004 in-

154 2021 239 2052 flicto
254 2021 339 2057 facit,
355 2028 390 2053 ut
404 2022 529 2064 sanguis
544 2023 683 2064 profluat.
730 2023 809 2053 Ver-

153 2081 222 2100 sum
234 2076 426 2111 sequentem,
442 2072 676 2111 thue—nostri
687 2070 811 2112 plurimi

156 2124 343 2160 postponunt
367 2120 521 2161 sequenti,
539 2130 618 2150 unus
640 2118 765 2155 omittit,
781 2125 811 2149 et

156 2167 305 2198 Heinsius
320 2174 389 2210 post
405 2169 564 2199 Muretum
586 2176 640 2199 aut
662 2167 811 2198 adulteri·

156 2226 228 2246 num
247 2222 300 2246 aut
314 2222 396 2248 certe
410 2216 501 2247 valde
515 2217 715 2257 depravatum
727 2215 812 2257 judi-

156 2270 217 2295 cat.
262 2264 294 2295 Si
317 2265 470 2306 genuinus
493 2270 550 2300 est,
566 2263 707 2306 postponi
730 2270 812 2295 certe

155 2313 253 2344 debet
292 2313 447 2355 sequenti.
504 2314 617 2344 Faveat
653 2313 788 2343 Fortuna
800 2325 811 2350 ‚-

156 2362 348 2404 subintellig.
364 2362 541 2394 dummodo.

203 2411 277 2443 335.
302 2411 479 2441 Dardanius
503 2417 593 2447 vates,
608 2410 761 2446 Helenus,
777 2409 815 2441 de

159 2470 233 2502 quo,
251 2471 313 2491 ver.
334 2461 388 2492 99.
437 2461 586 2499 Responsa
614 2460 724 2495 Deam,
745 2459 815 2490 scil.

159 2510 254 2540 exitio
276 2509 338 2540 fore
351 2509 503 2551 Trojanis,
521 2509 546 2540 si
561 2509 739 2540 Palladium
761 2519 815 2540 au·

161 2558 287 2588 feratur.
330 2558 456 2599 Signum
484 2559 647 2597 penetrale,
672 2563 757 2588 stans
785 2557 816 2588 in

160 2606 381 2648 penetralibus,
408 2612 442 2637 ut
463 2608 628 2646 penetrales
654 2607 706 2637 Dii
734 2605 817 2647 apud

164 2655 232 2686 Cic.
261 2655 339 2686 Nat.
364 2655 459 2687 Deor.
486 2655 517 2686 ii.
544 2657 598 2686 27.
646 2657 714 2686 Sine
745 2656 815 2690 illis,

163 2703 284 2735 Heleno
307 2710 338 2734 et
360 2703 512 2735 Palladio.
558 2705 605 2735 Ita
627 2704 713 2734 dedit
736 2705 813 2733 Bur-

877 1644 1008 1664 mannus
1042 1643 1079 1663 ex
1117 1638 1249 1674 quatuor
1278 1631 1370 1662 MSS.
1402 1631 1535 1661 Franco-

877 1681 1017 1718 furtensi,
1051 1681 1140 1717 Sixii,
1179 1680 1301 1711 Francii
1341 1686 1372 1710 et
1411 1679 1536 1715 Moreti,

878 1741 973 1771 quum
1003 1729 1114 1771 reliqui
1140 1739 1246 1760 omnes
1269 1731 1331 1759 sine
1360 1729 1414 1759 illo
1439 1727 1536 1758 habe-

878 1785 941 1815 ant,
966 1779 1049 1820 quod
1074 1778 1241 1820 dupliciter
1266 1776 1397 1817 intelligi
1425 1782 1537 1817 potest,

877 1828 927 1858 vel
962 1827 1028 1858 sine
1058 1827 1212 1862 Palladio,
1237 1825 1286 1857 vel
1316 1824 1443 1862 ironice,
1471 1825 1537 1856 sine

878 1877 991 1918 Ajaee.

920 1926 993 1955 340.
1019 1925 1118 1955 Fortis
1141 1925 1191 1954 ubi
1215 1930 1256 1954 est
1272 1924 1371 1962 Ajax?
1394 1924 1467 1954 Jam
1487 1923 1536 1953 hic

876 1984 979 2004 rursus
1002 1974 1105 2009 habet,
1122 1973 1153 2003 in
1168 1983 1229 2014 quo
1252 1972 1373 2002 exultet
1394 1982 1451 2002 sua
1470 1982 1538 2002 ora-

879 2022 920 2053 tio
934 2034 941 2060 ;
965 2022 1073 2053 confer
1087 2021 1200 2063 Virgil.
1216 2022 1290 2051 AEn.
1305 2020 1338 2051 ii.
1358 2021 1539 2051 162-179.

879 2071 962 2102 unde
976 2076 1115 2113 apparet,
1127 2081 1187 2101 non
1203 2076 1318 2100 temere
1333 2069 1390 2100 hoc
1403 2069 1538 2101 facinore

878 2120 1002 2160 gloriari
1020 2119 1177 2160 Ulyssem.
1225 2119 1342 2159 Magna
1364 2120 1452 2148 verba
1474 2118 1540 2159 glo-

879 2168 986 2199 riantis
1015 2173 1098 2203 sunt,
1128 2172 1162 2198 ut
1192 2166 1268 2197 alibi
1298 2166 1449 2204 vidimus3
1485 2166 1538 2197 sed

880 2217 1023 2248 exultans
1053 2216 1183 2258 Ulysses
1211 2217 1348 2257 ingentia
1376 2215 1478 2256 potius
1511 2216 1538 2246 ei

879 2265 998 2297 tribuit.
1044 2265 1185 2295 Praesens
1208 2265 1313 2294 metuis
1328 2263 1462 2294 Lenzius
1486 2275 1539 2294 ur-

879 2319 943 2354 get,
978 2318 1130 2355 putatque
1167 2312 1312 2352 Ulyssem
1346 2311 1472 2352 fingere,
1501 2322 1540 2342 eo

885 2363 949 2404 ipso
985 2368 1134 2403 tempore,
1164 2371 1226 2401 quo
1259 2360 1326 2391 haec
1353 2360 1540 2400 loqueretur,

883 2411 1015 2453 Ajacem
1030 2416 1115 2441 metu
1131 2420 1197 2440 esse
1211 2415 1395 2450 correptum.
1441 2409 1541 2439 Immo

883 2470 937 2501 per
953 2464 1051 2490 totum
1066 2459 1148 2489 hunc
1164 2459 1268 2489 locum
1284 2458 1448 2499 praesentia
1468 2464 1541 2488 sunt

884 2519 938 2550 pro
953 2507 1125 2549 praeteritis.
1156 2507 1206 2537 Ire
1219 2518 1273 2546 per
1287 2508 1442 2543 ercubias3
1460 2517 1541 2537 unus

884 2556 1006 2588 Heinsii
1023 2558 1066 2586 ire
1076 2568 1129 2595 pei·
1145 2557 1278 2586 insidias.
1308 2555 1401 2596 Regii
1417 2555 1540 2586 codices

883 2607 1028 2640 eacubz'as,
1044 2604 1125 2645 quod
1142 2604 1252 2634 melius
1267 2604 1410 2634 convenit
1432 2614 1497 2645 seq.
1514 2611 1540 2634 ec

882 2666 910 2685 se
939 2656 1118 2685 committere
1147 2656 1237 2684 nocti.
1283 2654 1415 2684 Summas
1445 2665 1539 2686 arces,

885 2703 935 2734 ubi
953 2703 1061 2741 vigiles
1077 2702 1252 2734 trucidavit.
