1779 3130
352 154 972 196 METAMORPHOSEON
1006 153 1125 195 LIB.
1158 153 1294 195 VIII.
1458 155 1516 195 43

131 267 362 330 Cumque
406 269 513 315 loco
553 268 833 332 Nymphas,
873 284 1115 315 memores
1153 274 1258 314 tum
1296 268 1512 330 denique

325 344 494 400 nostri,

1419 347 1513 391 585

128 418 187 464 In
211 419 334 466 freta
359 419 602 482 provolvi:
643 419 821 465 fluctus
848 426 1115 482 nosterque
1142 421 1390 482 marisque

131 494 432 542 Continuam
458 494 657 542 diduxit
681 496 902 551 humum,
930 505 1198 558 partesque
1224 498 1425 542 resolvit

130 570 188 617 In
209 572 435 627 totidem,
463 572 637 619 mediis
663 579 787 634 quot
812 572 972 618 cernis
1001 571 1283 618 Echinadas
1311 573 1473 620 undis.

199 648 269 695 Ut
305 656 472 696 tamen
520 649 627 712 ipse
663 649 817 704 vides,
861 648 1048 711 procul,
1097 664 1158 694 en
1195 649 1367 711 procul
1416 666 1515 696 una

326 725 534 772 recessit

130 799 301 847 Insula
326 808 464 864 grata
484 800 633 848 mihi:
675 800 959 847 Perimelen
985 800 1153 847 navita
1173 799 1309 846 dicit.

1417 804 1513 848 590

130 875 261 924 Huic
288 894 380 939 ego
408 878 680 939 virgineum
706 877 898 924 dilectae
924 893 1104 924 nomen
1134 877 1313 924 ademi.

129 951 275 1006 Quod
295 962 437 1016 pater
459 953 804 1017 Hippodamas
832 969 961 1014 aegre
987 953 1116 1009 tulit,
1135 953 1287 1015 inque
1314 953 1513 1015 profun-

130 1028 357 1092 Propulit
382 1045 408 1075 e
435 1030 639 1093 scopulo
665 1030 894 1092 pariturae
921 1045 1127 1091 corpora
1146 1036 1292 1075 natae.

1375 1029 1426 1090 [d
1434 1046 1515 1075 um

131 1104 340 1168 Excepi,
368 1114 672 1168 nantemque
698 1105 887 1161 ferens3
932 1110 961 1127 ‘⁶
991 1105 1033 1150 O
1063 1104 1291 1166 proxima
1315 1106 1439 1151 coelo

131 1181 307 1243 Regna
330 1182 515 1244 vagae,”
541 1182 661 1237 dixi,
692 1188 722 1205 “
740 1182 928 1237 sortite,
952 1181 1265 1236 Tridentifer,
1293 1182 1455 1237 undae,

128 1257 186 1304 In
213 1275 310 1321 quo
331 1259 619 1314 desinimus,
643 1275 743 1321 quo
769 1259 894 1305 sacri
915 1259 1157 1305 currimus
1184 1275 1371 1313 amnes,
1412 1262 1506 1306 596

129 1333 242 1381 Huc
254 1335 389 1390 ades,
403 1342 554 1397 atque
566 1335 678 1382 audi
690 1334 1190 1398 placidus,Neptune,
1204 1342 1508 1398 precantem.

132 1410 263 1463 Huic
289 1427 397 1474 ego,
420 1427 570 1474 quam
586 1419 744 1475 portO,
767 1412 935 1458 nocui:
965 1411 1006 1457 si
1032 1411 1165 1458 mitis
1186 1419 1237 1458 et
1256 1428 1447 1474 aequus,

134 1487 187 1533 Si
212 1494 354 1551 pater
380 1487 742 1551 Hippodamas,
772 1496 856 1536 aut
882 1489 921 1535 si
947 1488 1109 1534 minus
1136 1488 1316 1551 impius
1343 1495 1492 1543 esset,

133 1563 322 1611 Debuit
346 1564 475 1612 illius
501 1565 738 1622 misereri,
767 1565 1024 1628 ignoscere
1049 1565 1208 1611 nobis.

175 1708 250 1737 585.
277 1707 420 1738 Memor-es
445 1714 507 1737 tum
528 1709 654 1748 denique
675 1710 790 1745 nostri,-

131 1761 198 1785 tum
221 1756 345 1786 deinum
372 1756 604 1793 intellexerunt,
621 1768 712 1798 quem
738 1768 792 1799 per

131 1804 299 1835 ludibrium
321 1805 358 1836 de
378 1805 448 1835 Diis
470 1806 645 1847 agrestibus
663 1806 791 1837 inhono-

129 1860 229 1883 ratum
252 1853 482 1894 praeteriissent„
529 1854 692 1891 Provolvz'5
715 1855 791 1885 Bal-

130 1901 196 1933 liol.
226 1909 257 1933 et
284 1903 410 1933 Thuan.
439 1904 595 1943 pervolvi5
630 1904 790 1939 Menardi,

129 1952 254 1986 devolvi,
270 1951 352 1992 quod
376 1951 534 1992 rapiditati
552 1952 790 1982 convenientius

130 2000 328 2030 Burmannus
360 2000 502 2041 putabat.
554 1999 647 2040 Regii
684 2000 789 2036 nostri,

127 2050 272 2087 provolvi.
298 2048 458 2089 Virgilius.
474 2050 549 2079 [En.
564 2060 593 2079 x.
607 2051 682 2079 555.
700 2055 789 2079 trun-

130 2107 195 2126 cum
209 2098 391 2136 provolvens.
423 2098 616 2132 Continuam,
630 2096 790 2127 continen-

132 2150 194 2176 tem
211 2153 334 2181 terram,
350 2147 482 2181 diditiit,
499 2145 616 2181 divisit,
633 2145 789 2176 distraxit.

173 2195 249 2224 589.
275 2194 433 2224 Recessisse
461 2194 619 2234 eleganter
645 2193 792 2224 dicuntur

132 2253 201 2283 quae
217 2242 339 2283 longius
354 2248 471 2273 remota
484 2247 568 2273 sunt.
612 2241 790 2272 Secundum

132 2291 369 2332 Apollodorum,
385 2291 411 2320 Ι.
428 2291 480 2321 vii.
496 2292 526 2321 3.
546 2292 697 2321 Perimede
713 2294 791 2332 (non

132 2340 297 2378 Perimelc)
309 2351 385 2371 uxor
395 2339 536 2375 Acheloi,
549 2350 617 2381 quae
630 2339 658 2370 ei
671 2339 789 2380 Hippo-

132 2388 280 2419 damanta
293 2395 324 2420 et
339 2390 482 2419 Orestem
496 2388 628 2430 peperit.
676 2388 791 2418 Navita

133 2439 225 2474 dicim
250 2437 333 2468 conf.
350 2437 392 2468 ix.
405 2438 479 2468 228.

175 2487 250 2517 593.
278 2487 442 2521 Pau-itum,
459 2497 513 2527 pro
527 2487 628 2525 peritii
636 2497 673 2515 1·ae
689 2484 790 2526 (quod

133 2534 250 2565 babent
278 2535 404 2575 quidem
434 2534 527 2575 Regii
558 2534 651 2564 nostri
683 2532 790 2572 ambo)

135 2593 172 2613 ex
198 2594 258 2612 uno
279 2583 424 2613 Leidensi
448 2589 479 2613 et
503 2583 599 2613 altero
614 2581 792 2613 Twisdenio

136 2631 223 2662 dedit
241 2632 406 2663 Heinsius:
431 2632 564 2662 viderint
579 2632 680 2673 periti.

180 2681 252 2711 594.
279 2680 304 2710 Ο
322 2683 455 2719 proxima
477 2681 557 2717 cerlo,
574 2680 650 2720 etc.]
678 2679 793 2710 Confer

1419 1568 1515 1612 600

857 1718 927 1738 cum
948 1707 1006 1738 hoc
1027 1707 1108 1743 loco,
1122 1706 1162 1737 iv.
1176 1708 1250 1738 532.
1267 1707 1320 1737 ubi
1339 1706 1456 1738 similes
1476 1708 1516 1738 ad

857 1757 1042 1797 Neptunum
1053 1766 1178 1797 preces:
1199 1756 1224 1785 O
1237 1767 1345 1785 numen
1358 1767 1516 1796 aquarum,

859 1805 935 1835 Prin
943 1806 1000 1834 ima
1011 1807 1059 1834 σιιί
1070 1806 1141 1835 coslo
1151 1806 1245 1839 cessit,
1260 1805 1415 1843 Neptune,
1424 1812 1517 1844 potcs-

859 1860 915 1883 tas.
1349 1862 1353 1867 ·

901 1902 974 1932 597.
1000 1902 1072 1931 Huc
1094 1903 1174 1936 ades,
1190 1901 1269 1941 etc.]
1306 1902 1372 1942 Ego
1395 1913 1518 1932 versum

860 1951 931 1982 Huc
954 1953 1032 1985 ades,
1049 1956 1110 1980 etc.
1131 1949 1271 1991 ineptum
1298 1950 1437 1991 adeoque
1458 1952 1518 1981 tol-

858 1999 983 2030 lendum
1015 2009 1135 2029 censeo.
1191 1998 1311 2038 Regius
1343 2004 1444 2029 noster
1472 1999 1516 2029 A.

856 2048 975 2089 respuit
1003 2059 1110 2078 versus
1148 2047 1288 2088 quinque
1318 2049 1489 2078 596—600
1506 2061 1513 2086 ;

858 2107 934 2137 quos
951 2107 1062 2126 manus
1077 2095 1216 2126 secunda
1235 2096 1367 2136 margini
1387 2096 1517 2138 inscrip-

857 2144 906 2180 sit,
932 2155 994 2174 una
1024 2155 1093 2174 cum
1120 2154 1209 2174 versu
1237 2150 1320 2174 certe
1348 2144 1516 2185 rejiciendo

860 2193 919 2223 Cui
941 2195 1098 2233 quondam,
1115 2199 1175 2223 etc.
1220 2192 1313 2222 Hunc
1335 2198 1440 2222 autem
1460 2204 1516 2234 po-

859 2242 920 2272 suit
943 2248 1010 2283 post
1033 2251 1155 2271 versum
1180 2240 1290 2270 Debuit
1318 2242 1411 2275 illius,
1437 2248 1515 2272 etc.:

859 2301 896 2321 ea
910 2290 1147 2331 transpositione
1158 2289 1307 2329 glossator
1322 2289 1518 2320 manifestam

859 2339 946 2369 dedit
970 2340 1017 2369 sui
1041 2337 1240 2379 imperitiam,
1255 2337 1374 2379 junctis
1396 2337 1518 2367 duobus

859 2387 998 2418 versibus
1013 2387 1066 2428 qui
1079 2387 1229 2417 haberent
1243 2386 1392 2416 insulsam
1405 2386 1516 2428 repeti-

859 2437 973 2467 tionem
988 2436 1130 2466 vocabul.
1144 2436 1277 2476 j'eritate
1289 2441 1431 2474 paterna.
1476 2435 1518 2464 E-

860 2485 960 2516 tiamsi
977 2485 1083 2515 Codex
1101 2484 1127 2513 B
1152 2483 1275 2513 eosdem
1297 2483 1434 2523 quinque
1451 2494 1519 2513 ver-

859 2545 909 2564 sus
925 2534 1013 2564 uncis
1030 2531 1201 2567 incluserit,
1218 2539 1367 2572 tanquam
1385 2542 1518 2573 praesen-

860 2588 889 2612 te
905 2590 978 2612 nota
993 2581 1177 2622 suspicionis
1189 2581 1337 2621 signatOS,
1352 2591 1412 2610 non
1428 2581 1519 2614 video

859 2638 963 2661 tamen
975 2642 1029 2661 cur
1044 2629 1232 2671 rejiciantur,
1246 2640 1341 2671 quum
1356 2629 1518 2660 sententian

861 2681 984 2711 omnino
999 2690 1050 2711 eos
1068 2689 1239 2720 repugnare
1253 2678 1315 2709 dici
1332 2689 1392 2709 non
1408 2677 1517 2720 possit.
