1779 3130
358 165 976 208 METAMORPHOSEON
1010 166 1129 207 LIB.
1163 165 1306 207 XIII.

1439 166 1524 205 355

131 279 200 326 At
224 279 358 334 mihi,
381 282 459 327 cui
486 289 626 344 pater
651 288 729 327 est
755 280 967 336 Nereus,
991 297 1142 344 quam
1168 280 1351 328 caerula
1372 279 1519 326 Doris

132 355 297 404 Enixa
320 364 411 413 est,
440 373 550 419 quae
577 373 686 402 sum
712 358 857 403 turba
883 374 1085 420 quoque
1112 364 1222 404 tuta
1247 372 1484 412 sororum,

131 432 246 478 Non
272 433 364 479 nisi
390 450 478 496 per
502 434 683 479 fluctus
710 432 850 480 licuit
876 434 1115 497 Cyclopis
1142 449 1358 480 amorem

133 508 396 571 Effugere:
437 517 487 557 et
511 511 724 557 lacrimae
743 526 914 557 vocem
940 510 1210 573 impediere
1228 509 1495 572 loquentis.

134 584 272 639 Quas
298 586 383 632 ubi
409 601 683 633 marmoreo
709 586 917 633 detersit
941 586 1121 649 pollice
1145 586 1310 647 virgo;

1425 587 1519 631 746

134 661 199 708 Et
224 663 383 709 solata
408 663 568 709 Deam
594 670 696 719 est3
740 669 770 686 “
795 662 963 718 Refer,
991 679 1020 709 o
1045 662 1348 717 carissima,’'
1374 661 1516 714 dixit,

134 744 164 761 “
191 738 332 786 Neve
359 740 430 786 tui
457 755 659 786 causam
683 747 816 802 tege,
844 757 953 787 sum
979 740 1068 786 tibi
1094 740 1210 795 fida,
1237 739 1472 786 doloris.''

136 815 312 863 Nereis
338 817 413 863 his
439 825 612 864 contra
636 824 865 864 resecuta
891 817 1139 864 Crataeide
1165 823 1359 863 natam:
1402 818 1520 878 [tus,

198 892 316 939 Acis
343 900 463 949 erat,
494 893 679 949 Fauno,
710 893 1050 957 Nymphaque
1080 893 1389 956 Symaethide
1415 908 1518 939 cre—

131 968 321 1030 Magna
346 969 548 1031 quidem
574 970 829 1032 patrisque
856 970 946 1025 sui,
971 969 1242 1032 matrisque
1262 970 1517 1032 voluptas,

134 1044 321 1092 Nostra
344 1052 512 1093 tamen
536 1047 719 1109 major:
760 1062 874 1093 nam
901 1062 980 1093 me
1007 1046 1100 1092 sibi
1122 1047 1358 1108 junxerat
1382 1045 1465 1091 uni

133 1121 378 1179 Pulcher3
420 1129 485 1179 et,
513 1122 705 1169 octonis
730 1122 908 1169 iterum
934 1122 1180 1169 natalibus
1207 1122 1347 1177 actis,

136 1198 368 1260 Signarat
393 1198 546 1245 dubia
570 1206 766 1246 teneras
792 1198 1026 1260 lanugine
1053 1198 1224 1244 malas.

1426 1200 1516 1244 754

133 1273 282 1321 Hunc
309 1291 401 1336 ego
423 1294 432 1331 3
472 1292 551 1322 me
579 1276 800 1338 Cyclops
828 1275 961 1321 nullo
987 1290 1102 1321 cum
1127 1274 1224 1321 fine
1250 1275 1483 1337 petebat:

133 1350 180 1397 N
186 1367 259 1407 ec,
288 1351 327 1398 si
353 1352 625 1415 quaesieris,
653 1351 821 1398 odium
849 1351 1106 1414 Cyclopis,
1135 1366 1335 1398 amorne

132 1427 304 1475 Acidis
330 1428 379 1475 in
404 1428 546 1475 nobis
571 1428 719 1475 fuerit
744 1427 1050 1491 praesentior,
1078 1427 1250 1474 edam:

174 1578 247 1609 746.
283 1579 460 1614 Marmorea,
490 1578 634 1609 candido.
680 1578 791 1619 virgil.

130 1628 245 1668 Georg.
269 1627 311 1658 iv.
333 1629 407 1658 523.
425 1639 587 1658 marmorea
610 1630 708 1658 ceri-ir
732 1628 791 1658 Or-

131 1675 216 1717 phei,
246 1676 298 1707 ubi
325 1676 389 1707 vid.
419 1676 531 1706 Cerda.
579 1676 716 1717 Resequi,
745 1685 791 1706 re-

131 1725 294 1765 spondere,
315 1732 348 1755 ut
369 1725 408 1755 vi.
425 1726 486 1763 363
511 1724 574 1755 viii.
591 1726 666 1755 862.
715 1726 790 1755 Cra-

132 1776 193 1803 czeis
207 1780 305 1805 mater
319 1774 432 1815 Scyllae
450 1775 541 1805 etiam
559 1775 644 1816 apud
664 1775 790 1805 Homer.

132 1822 194 1853 Od.
211 1827 258 1854 M.
277 1825 336 1860 73;
361 1823 498 1863 Hesycli.
523 1823 553 1853 in
578 1825 738 1864 Κραταιῖς
761 1829 792 1854 et

131 1871 214 1902 Plin.
245 1873 330 1902 Hist.
362 1872 438 1902 Nat.
466 1871 509 1903 iii.
535 1874 565 1903 5.
619 1872 726 1902 Multa
752 1871 791 1902 de

131 1920 243 1961 Scyllae
266 1920 446 1961 parentibus
464 1920 603 1962 disputat
622 1921 793 1951 Munkerus

132 1969 171 2000 ad
184 1969 358 2011 Hyginum,
369 1970 432 2000 fab.
447 1970 518 2000 199.
542 1969 716 2000 Stesichoro
728 1970 792 2000 fue-

131 2023 179 2048 rat
202 2018 318 2048 Lamiae
342 2018 422 2056 filia;
446 2018 553 2048 Schol.
579 2018 726 2059 Apollon.
747 2017 791 2048 iv.

132 2067 208 2097 828.
254 2067 300 2097 Eo
315 2067 441 2108 respicit
456 2066 546 2107 Virg.
564 2066 628 2097 Cir.
643 2077 706 2096 ver.
723 2067 775 2096 66.

175 2116 248 2146 750.
271 2117 426 2156 Symaethis
451 2116 481 2146 in
507 2115 649 2146 orientali
674 2115 788 2146 Siciliae

130 2170 218 2205 parte
238 2165 368 2201 fluvius3
391 2164 462 2194 vide
485 2164 579 2195 Cluv.
600 2163 672 2194 Ital.
692 2163 790 2205 antiq.

131 2214 153 2243 i.
174 2212 223 2243 10.
260 2213 310 2243 De
328 2212 434 2242 Fauno
449 2212 519 2243 vide
535 2212 572 2242 ad
590 2212 611 2242 i.
630 2212 703 2242 193.

177 2262 248 2292 752.
274 2261 325 2291 Me
334 2262 558 2300 sibijumerat;
581 2261 790 2296 Burmannus,

132 2312 184 2352 qui
201 2311 386 2352 praeserebat
405 2321 421 2340 e
437 2310 535 2340 tribus
553 2309 649 2345 libris,
665 2320 692 2339 se
708 2310 790 2345 mihi,

133 2370 193 2391 non
208 2359 390 2391 attendebat
405 2360 444 2390 ad
467 2359 696 2394 antecedentia,
716 2359 791 2390 Nos-

133 2416 182 2438 tra
195 2416 292 2439 tamen
307 2411 401 2448 mqjor
412 2421 420 2437 .·
445 2419 526 2439 nunc
537 2407 662 2438 additur
677 2418 791 2447 causa3

132 2468 267 2498 namque
298 2464 329 2487 et
359 2457 559 2499 pulchritudo
588 2463 620 2487 et
644 2457 793 2497 juventus

133 2507 200 2548 ejus
218 2507 386 2542 faciebant,
407 2513 452 2542 ut,
467 2506 578 2547 spretis
597 2505 666 2536 aliis
683 2506 792 2547 procis,

122 2566 168 2585 >eo
184 2566 244 2586 uno
260 2562 392 2586 tenerer.
440 2556 542 2586 Dubia
556 2557 680 2595 lanugo,
697 2561 731 2585 ut
747 2555 790 2584 ix.

134 2604 196 2633 398
214 2615 221 2641 ;
245 2605 366 2634 dubiam
386 2605 540 2645 lanuginis
561 2605 693 2633 umbram
714 2603 793 2633 dixit

133 2652 302 2683 Claudian.
314 2652 402 2682 xxxi.
412 2654 465 2682 42.
495 2654 638 2694 Sigmirat
650 2653 794 2692 lanugine

135 2710 199 2741 pro,
215 2700 329 2741 lanugo
341 2701 487 2741 signarat,
504 2702 628 2741 tegebat
642 2700 749 2730 malas.

901 1578 974 1608 755.
999 1577 1092 1608 Hunc
1117 1588 1190 1618 eg03
1215 1589 1259 1607 me
1287 1578 1422 1618 Cyclops.
1445 1578 1521 1617 eta]

857 1626 1068 1668 Polyphemus
1093 1636 1131 1656 ex
1158 1626 1307 1661 Homero,
1330 1626 1396 1656 od.
1419 1627 1444 1656 1.
1462 1626 1522 1657 182

858 1685 929 1715 sqq.
958 1680 990 1704 et
1019 1673 1161 1715 Virgilio,
1191 1676 1265 1705 ⁴En.
1295 1674 1341 1705 iii.
1367 1675 1428 1705 610
1454 1686 1523 1716 sqq.

858 1723 1070 1758 adumbratus,
1105 1734 1236 1764 quorum
1273 1723 1325 1753 ille
1365 1723 1523 1764 Ulyssem,

859 1771 908 1802 hic
928 1773 1059 1802 AEneam
1081 1772 1120 1802 ad
1138 1772 1216 1802 illud
1240 1778 1409 1803 monstrum
1426 1773 1522 1804 dedu-

860 1821 913 1851 cit.
936 1820 1043 1862 Atque
1061 1821 1155 1851 etiam
1172 1821 1252 1852 infra
1267 1822 1329 1852 xiv.
1342 1821 1444 1852 indea
1457 1833 1522 1853 ver.

863 1870 934 1900 167.
955 1869 1046 1911 plura
1066 1870 1104 1900 de
1123 1880 1160 1900 eo
1182 1880 1416 1910 cognoscemus.
1462 1871 1523 1901 Hic

860 1928 930 1948 vero
952 1928 1073 1948 amores
1098 1919 1165 1959 ejus
1188 1925 1362 1954 narrantur,
1390 1924 1421 1948 et
1446 1930 1525 1961 quo-

860 1967 952 1997 modo
983 1969 1061 1998 Acin
1089 1967 1292 1998 interfecerit.
1339 1968 1389 1998 De
1419 1979 1522 1999 amore

859 2017 926 2057 ejus
944 2016 1020 2046 nihil
1043 2017 1198 2047 Homerus
1221 2016 1327 2052 habet,
1349 2017 1403 2047 sed
1425 2017 1522 2048 Siculi

860 2070 959 2106 poetae
977 2075 1047 2096 eum
1064 2065 1205 2095 certatim
1223 2065 1414 2101 cecinerunt,
1426 2066 1522 2097 Alex-

856 2113 893 2149 is,
916 2114 1120 2149 Nicochares,
1146 2113 1345 2156 Posidippus,
1374 2115 1523 2146 Philoxe-

858 2173 926 2199 nuS,
949 2168 992 2198 et,
1014 2163 1104 2204 cujus
1127 2173 1253 2193 carmen
1276 2169 1383 2198 restat,
1408 2163 1523 2195 Theoc.

858 2211 907 2241 Id.
931 2210 976 2241 xi.
1005 2211 1195 2247 Praesentiar,
1222 2211 1329 2252 major,
1353 2211 1521 2247 ardentior,

860 2265 894 2290 ut
905 2271 1033 2299 proesens
1046 2261 1158 2301 gloria,
1168 2271 1294 2299 proesens
1309 2262 1522 2297 benevolentia,

856 2310 1158 2350 Juxcsentesfrzcctns,
1175 2316 1235 2340 etc.
1282 2309 1347 2339 Par
1361 2317 1523 2350 utrumque

849 2359 944 2398 suit,-
982 2358 1129 2388 Heinsius
1167 2364 1324 2399 comparat
1352 2368 1369 2388 e
1405 2358 1519 2395 Statio,

859 2407 960 2438 Theb.
978 2419 1007 2437 x.
1027 2408 1090 2437 Par
1104 2409 1254 2447 utrimque
1268 2408 1365 2437 dolor.
1404 2408 1522 2438 Verum

859 2455 903 2486 ibi
912 2466 1011 2486 sermo
1023 2461 1069 2486 est
1081 2455 1119 2486 de
1133 2466 1193 2486 uno
1206 2455 1331 2490 affectu,
1343 2455 1397 2496 qui
1410 2458 1521 2486 utrim-

861 2515 926 2543 que,
959 2510 1090 2545 utraque
1121 2514 1158 2533 ex
1192 2509 1291 2544 parte,
1322 2514 1377 2544 par
1406 2504 1516 2535 suerit:

862 2563 942 2583 nunc
965 2558 1068 2583 autem
1094 2559 1225 2593 uterque
1250 2552 1380 2582 affectus
1404 2553 1435 2583 in
1455 2555 1519 2583 Ga-

861 2603 943 2632 latea
957 2613 1011 2643 par
1030 2602 1122 2633 fuisse
1143 2608 1286 2639 notatur3
1308 2602 1413 2643 itaque
1430 2603 1517 2633 resti-

861 2650 1011 2683 tuendum
1027 2650 1132 2692 putavi
1151 2657 1321 2691 utrumque.
