1779 3130
382 153 1001 195 METAMORPHOSEON
1036 153 1154 194 LIB.
1191 153 1306 194 XII.
1453 155 1537 195 265

156 267 322 330 thue
345 269 510 315 hebeti
528 275 702 331 pectus
722 268 1064 315 tantummodo
1081 269 1306 315 contudit
1321 269 1445 325 ictu3
1471 271 1531 317 85

153 350 182 367 ‘⁶
212 343 343 391 Nate
372 344 496 400 Dea,
519 360 632 390 nam
659 351 707 390 te
732 344 862 390 fama
887 344 1264 407 praenoviinus‚'’
1288 344 1450 407 inquit

156 419 260 474 Ille,
290 422 458 482 “quid
485 437 513 467 a
537 421 677 467 nobis
704 421 881 467 vulnus
905 420 1093 467 miraris
1120 421 1297 467 abesse
1314 420 1362 466 ?''

154 496 430 543 Mirabatur
455 497 615 552 eninm
647 503 676 520 ·'‘
696 513 792 542 non
817 497 939 553 haec,
968 513 1118 559 quam
1138 496 1315 551 cernis,
1343 496 1538 558 equinis

155 573 309 620 Fulva
327 573 461 636 jubis
486 574 657 628 cassiS‚
686 589 776 620 nec
802 590 926 620 onus
952 590 1072 620 cava
1097 589 1266 637 parma
1291 574 1500 620 sinistrae

153 649 355 695 Auxilio
377 650 494 695 mihi
522 656 658 703 sunt;
688 650 837 696 decor
862 657 937 697 est
963 650 1199 712 quaesitus
1227 651 1289 696 ab
1316 650 1440 696 istis.
1475 652 1539 696 90

154 725 290 773 Mars
316 742 518 788 quoque
543 727 606 772 ob
632 726 724 773 hoc
754 743 933 789 capere
966 742 1102 774 arma
1126 727 1279 773 solet:
1321 741 1538 773 remove-

351 802 483 849 bitur
507 819 652 850 omne

153 877 405 940 Tegininis
431 878 672 934 officium3
713 887 880 926 tamen
906 879 1225 926 indestrictus
1251 879 1417 926 abibo.

154 954 246 1001 Est
271 955 475 1017 aliquid,
504 971 600 1002 non
626 972 735 1003 esse
762 962 925 1003 satum
952 956 1186 1011 Nereide,
1213 957 1301 1003 sed
1323 957 1409 1018 qui

156 1030 437 1093 Nereaque,
466 1038 515 1077 et
539 1029 696 1086 natas,
724 1039 773 1078 et
799 1038 957 1078 totum
985 1039 1230 1095 temperet
1256 1032 1474 1095 aequor.”

157 1107 322 1164 Dixit;
365 1115 416 1153 et
440 1107 688 1153 haesurum
711 1108 877 1170 clypei
903 1110 1185 1155 curvamine
1213 1109 1369 1155 telum

1478 1111 1540 1155 95

157 1183 299 1230 Misit
321 1183 371 1230 in
398 1183 652 1239 AEaciden,
681 1185 814 1247 quod
840 1191 890 1231 et
915 1200 998 1239 aes,
1028 1191 1078 1231 et
1100 1184 1326 1247 proxima
1352 1184 1483 1247 rupit

196 1367 248 1397 88.
273 1366 540 1406 Equinis—cassis,
558 1365 652 1406 κόρυς
670 1364 811 1397 ἱπποδα-

153 1415 234 1450 σεία,
255 1414 352 1455 λόφος
374 1413 592 1454 ὶπποχαίτης,
608 1414 708 1455 galea,
724 1414 813 1456 cujus

153 1475 231 1495 cono
247 1469 320 1494 setae
332 1464 479 1505 jubarum
494 1463 677 1504 equinarum
698 1463 814 1494 insere-

153 1514 275 1548 bantur,
290 1522 359 1553 quae
384 1518 566 1542 ornamenta
589 1511 682 1542 variis
704 1512 811 1542 colori-

154 1563 210 1592 bus
221 1561 450 1591 imbuebantur.
486 1561 577 1596 Cava,
589 1560 663 1601 quia
675 1566 813 1591 curvata.

156 1611 240 1641 Onus
267 1611 394 1639 sinistris
425 1614 458 1639 ut
485 1608 516 1639 ii.
546 1610 620 1640 681.
670 1609 754 1639 Onus
781 1615 815 1640 ut

151 1667 302 1701 gestamen
323 1664 354 1688 et
376 1658 515 1699 φόρημα,
534 1658 688 1699 quidquid
711 1663 814 1699 gesta-

157 1715 226 1745 tui-3
263 1708 306 1738 sic
335 1718 410 1737 onus
440 1709 575 1748 inguinis
603 1718 658 1749 pro
686 1707 814 1748 inguine

156 1757 240 1787 Fast.
259 1756 299 1786 iv.
316 1756 391 1786 241.
438 1756 655 1791 Decor—istis,
674 1761 707 1786 ut
722 1755 814 1786 deco-

154 1817 217 1837 rem
240 1805 315 1835 mihi
339 1804 497 1840 adderem,
514 1815 736 1846 compararem,
757 1805 816 1835 ista

155 1855 290 1897 sumpsi:
330 1855 366 1883 ab
400 1855 462 1883 istis
491 1853 678 1894 ele-ganum,
708 1863 813 1894 quam,

155 1906 229 1935 istis.
276 1904 404 1934 Lucret.
424 1914 451 1932 v.
471 1904 565 1933 1039.
587 1915 604 1933 α
628 1905 733 1941 pennis
755 1910 813 1933 tre-

153 1954 266 1983 mulum
282 1959 379 1991 peiere
392 1952 584 1981 ‹imilialuim

197 2002 252 2032 92.
288 2000 437 2041 Tegminis
461 2000 601 2040 officium,
624 2010 721 2036 arma,
745 2011 815 2041 quae

158 2049 228 2081 aliis
249 2049 280 2080 id
298 2049 390 2079 officii
407 2054 566 2090 praestant,
583 2054 618 2079 ut
640 2059 750 2090 corpus
768 2054 814 2079 te-

155 2105 251 2141 gant3
266 2098 371 2128 i.744.
382 2099 489 2137 pedum
504 2097 644 2138 officium.
677 2098 817 2127 Destrin-

156 2151 243 2189 gitur
258 2157 379 2188 corpus,
390 2156 485 2186 quum
498 2146 588 2176 hasta
600 2146 693 2176 missa
707 2145 817 2176 leviter

157 2201 261 2226 cutem
277 2194 421 2236 percutit,
432 2193 640 2236 exiguamque
654 2200 757 2224 notam
770 2206 817 2226 re-

157 2244 281 2285 linquit.
327 2243 387 2274 Pro
409 2254 457 2273 ero
480 2243 602 2279 melius,
623 2245 724 2280 abib0‚·
749 2243 816 2274 Sal-

158 2293 271 2324 lustius
287 2292 356 2324 Cat.
373 2293 424 2323 61.
442 2292 474 2322 7.
490 2293 626 2333 graviter
641 2293 819 2323 vulneratus

159 2344 346 2373 discesserat:
384 2352 422 2372 ex
451 2341 560 2372 eodem
587 2351 701 2382 genere
730 2347 816 2377 sunt,

161 2394 344 2431 impunitum
372 2393 532 2426 dimittere,
560 2397 682 2430 raptum
700 2394 819 2431 jacere,

161 2440 274 2481 quibus
289 2439 390 2470 verbis
404 2439 496 2476 actio,
509 2444 562 2470 aut
575 2444 673 2470 status
688 2450 821 2481 sequens

159 2488 352 2530 exprimitur.

204 2538 257 2568 93,
284 2538 337 2568 Est
357 2538 484 2578 aliquid,
498 2536 652 2567 maximus
667 2536 762 2567 honor
776 2542 822 2567 est

163 2584 284 2621 mihi‚es
297 2589 333 2616 ist
344 2587 599 2627 nic-htsgeringes:
616 2585 685 2616 vide
695 2585 819 2616 Schew-

162 2633 224 2663 bel.
240 2634 279 2664 ad
303 2635 339 2665 L.
357 2635 414 2665 Bos
431 2635 566 2674 Ellipses,
583 2646 614 2676 p.
633 2635 703 2665 190.
750 2635 819 2664 Non

163 2693 219 2711 esse
233 2690 329 2712 satum
346 2683 484 2720 Nereide,
496 2685 543 2713 sed
559 2685 620 2723 qui,
637 2688 697 2713 etc.
713 2683 767 2713 sed
784 2694 820 2714 ex

210 2731 307 2762 vol..
324 2731 382 2761 IV.

882 1366 1040 1407 Neptuno,
1051 1365 1101 1396 cui
1118 1366 1285 1396 famulatur
1297 1366 1420 1396 Nereus
1435 1366 1542 1396 matris

881 1420 943 1445 tuae
973 1421 1068 1456 pater.
1117 1415 1255 1449 Nereide,
1280 1414 1425 1451 Thetide,
1451 1416 1540 1456 cujus

882 1463 963 1494 filius
992 1464 1144 1494 Achilles.
1191 1464 1264 1494 Non
1290 1469 1367 1499 erat,
1396 1474 1450 1494 cur
1479 1470 1543 1494 tam

882 1512 1083 1554 contemptim
1118 1512 1164 1542 de·
1186 1512 1312 1542 Achille
1346 1512 1545 1553 loqueretur3

883 1572 956 1592 nam
980 1571 1037 1591 nec
1059 1561 1125 1597 ille,
1145 1560 1203 1591 nisi
1223 1561 1254 1591 in
1270 1561 1369 1596 calce,
1389 1560 1543 1591 vulnerari

882 1615 1013 1651 poterat.

925 1661 977 1690 95.
1026 1660 1129 1699 Clypei
1159 1661 1342 1694 curvamine,
1371 1658 1403 1689 in
1432 1657 1543 1699 clypeo

883 1718 986 1738 curvo.
1032 1708 1170 1749 Clypeus
1199 1707 1336 1737 Achillis
1372 1707 1543 1737 secundum

884 1757 1064 1792 Homerum,
1094 1756 1133 1787 Il.
1158 1760 1192 1788 Υ.
1220 1756 1282 1786 269
1311 1766 1380 1797 sqq.
1406 1755 1544 1797 quinque

883 1806 1045 1836 constabat
1064 1804 1198 1838 laminis.
1215 1815 1346 1846 quarum
1367 1804 1437 1834 duae
1459 1811 1546 1835 exte-

882 1855 976 1886 riores
998 1865 1098 1890 aereae,
1118 1855 1187 1884 duae
1210 1854 1368 1884 interiores
1394 1860 1545 1889 stanneam

883 1904 987 1935 media
1008 1915 1112 1934 aurea.
1157 1903 1216 1934 Sed
1235 1903 1351 1933 Ovidio
1374 1902 1492 1944 placuit
1517 1904 1545 1934 ei

883 1954 1028 1996 clypeum
1051 1953 1124 1983 dare
1147 1952 1263 1983 lamina
1284 1963 1365 1982 aerea
1386 1958 1417 1982 et
1436 1952 1545 1983 decem

884 2002 976 2032 bourn
991 2001 1081 2032 coriis
1097 2001 1278 2036 obductum,
1292 2001 1366 2030 forte
1379 2000 1452 2040 quia
1462 2001 1544 2041 Ajax

884 2056 1002 2092 septem
1018 2051 1101 2081 coria
1116 2050 1271 2086 habebat3
1296 2049 1366 2079 vide
1382 2049 1421 2079 ad
1435 2049 1499 2079 xiii.
1515 2051 1546 2080 2.

885 2100 1048 2130 Praeeunte
1064 2100 1212 2134 Homero,
1223 2098 1262 2129 11.
1276 2102 1317 2129 H.
1330 2098 1407 2133 ‘2473
1423 2101 1457 2128 Υ.
1472 2099 1547 2129 269.

885 2148 979 2179 etiam
1002 2147 1106 2178 Latini
1126 2152 1236 2188 poetae,
1255 2152 1289 2176 ut
1311 2146 1472 2187 Virgilius,
1491 2148 1546 2176 ,Ἐ-

886 2197 971 2228 neid.
1002 2207 1032 2227 x.
1062 2196 1137 2226 783.
1167 2205 1407 2226 commemorare
1435 2195 1546 2230 solent,

886 2251 961 2286 quot
975 2244 1107 2275 laminas
1121 2249 1151 2274 et
1165 2244 1248 2274 ceria
1264 2242 1416 2285 (πτύχας
1429 2242 1546 2272 Home-

886 2304 937 2323 rus
948 2292 1055 2333 vocat)
1071 2292 1169 2322 telum
1185 2292 1314 2322 missum
1329 2289 1547 2332 penetraverit.

889 2342 1017 2384 Tergum
1039 2347 1146 2372 amant
1167 2347 1266 2382 poetae
1287 2351 1341 2382 pro
1356 2340 1475 2380 vulgari
1499 2351 1546 2369 co-

887 2393 976 2421 rium.
1022 2391 1143 2420 Decimo
1181 2390 1256 2425 orbe,
1294 2388 1417 2418 decimo
1453 2388 1545 2418 corio.

887 2440 976 2481 Saepe
1005 2440 1102 2479 clypei
1129 2440 1214 2474 orbis,
1245 2437 1316 2467 hinc
1341 2437 1435 2467 etiam
1464 2437 1548 2468 coria

887 2489 971 2519 circa
986 2489 1130 2530 clypeum
1145 2487 1241 2517 ducta
1254 2488 1342 2517 orbes.
1388 2485 1548 2527 Expressit

888 2544 992 2568 autem
1004 2538 1152 2567 Nostrum
1164 2536 1291 2571 Statius,
1301 2535 1399 2566 Theb.
1411 2534 1453 2565 ix.
1470 2536 1527 2565 104
1539 2548 1544 2564 2

891 2586 1047 2626 Intorquet
1063 2586 1218 2624 jaculum,
1242 2587 1318 2615 duro
1339 2585 1416 2624 qnod
1435 2585 1467 2613 in.
1490 2595 1546 2614 (ere

889 2641 1032 2664 moratum
1041 2657 1047 2669 ,
1063 2633 1333 2673 Traiismissumque
1347 2639 1442 2662 tamen
1453 2634 1547 2673 clypei

888 2685 967 2714 stetit
985 2684 1051 2713 orbe
1066 2684 1202 2714 secundo.

1022 2733 1055 2761 M
1074 2742 1101 2761 in
