1779 3130
358 169 974 212 METAMORPHOSEON
1010 169 1127 210 LIB.
1155 170 1217 210 X.

1393 172 1411 211 'l
1421 172 1476 211 35

98 286 266 332 Serius
295 293 378 332 aut
403 285 550 332 citius
577 285 746 332 sedem
768 300 1095 347 properamus
1121 285 1183 330 ad
1209 300 1373 330 unam.

96 361 368 409 Tendimus
379 361 473 407 huc
491 377 679 415 omnes,
693 361 798 406 haec
811 361 1069 407 estdomus
1081 360 1255 407 ultima
1269 379 1278 415 ;
1294 376 1480 423 vosque

96 437 315 485 Humani
342 438 535 499 generis
560 437 849 500 longissima
874 452 1026 499 regna
1051 438 1245 483 tenetiS.

1418 440 1480 484 35

96 513 217 561 Haec
240 530 458 577 quoque,
478 530 630 576 quum
646 515 808 575 justos
830 520 1022 560 matura
1043 513 1290 576 peregerit
1309 529 1478 568 annos,

92 589 225 637 Juris
251 590 343 637 erit
367 590 543 638 vestri:
585 607 674 654 pro
701 606 903 637 munere
931 591 1180 653 poscimus
1206 605 1369 636 usum.

94 666 240 721 Quod
257 668 297 714 si
312 667 414 714 fata
433 676 616 730 negant
631 668 825 715 veniam
842 683 929 730 pro
949 668 1176 729 conjuge,
1198 672 1388 713 certum
1406 674 1482 713 est

96 744 241 792 Nolle
269 745 425 792 redire
451 745 565 791 mihi
589 763 598 792 :
639 746 736 792 leto
762 744 976 806 gaudete
1003 744 1229 790 duorum.

93 820 233 868 Talia
252 821 520 876 dicentem,
544 836 816 883 nervosque
839 821 900 867 ad
920 821 1070 867 verba
1095 826 1390 875 moventem,
1418 823 1483 865 40

93 946 185 973 morri
200 954 249 973 nos
270 950 437 982 nostraque.
485 943 563 974 Rern
586 943 685 984 ipsam
702 952 752 973 co—

96 991 181 1032 piose
205 991 352 1022 tractavit
374 990 578 1027 Claudianus,
600 991 642 1022 R.
658 991 696 1021 P.
720 990 753 1020 ii.

95 1041 158 1070 234
175 1051 246 1081 sqq.
296 1040 445 1070 Heinsius
464 1039 589 1070 volebat
609 1039 667 1070 hoc
688 1040 754 1070 loco

96 1088 190 1119 etiam
211 1095 337 1124 morata,
362 1088 446 1129 quod
466 1099 526 1119 non
548 1094 594 1119 est
620 1099 755 1119 necesse.

96 1137 250 1178 Neglecto
266 1138 312 1178 τῷ
327 1139 425 1167 omnia
445 1148 568 1168 sensum
585 1137 686 1179 potius
701 1148 755 1168 cu-

94 1186 174 1216 ravit
198 1191 300 1227 poeta,
325 1196 418 1227 quam
449 1197 548 1226 genus
577 1186 756 1227 grammati-

96 1244 180 1265 cum.
227 1235 353 1270 Morati,
370 1241 404 1265 ut
420 1234 552 1266 viatores
574 1235 628 1276 qui
645 1239 755 1266 morari

96 1283 253 1315 interdurn
290 1284 391 1315 solent
419 1284 451 1314 in
480 1284 557 1315 locis
592 1284 698 1325 gratis,
725 1291 756 1316 et

97 1333 212 1364 deinde
236 1340 398 1373 properant
420 1333 460 1364 ad
481 1333 584 1365 locum
605 1334 754 1366 constitu-

94 1388 170 1413 tum.
208 1383 309 1413 Serius
324 1390 378 1413 aut
395 1385 494 1413 citius.
534 1383 694 1420 Horatius,
711 1384 756 1415 II.

95 1431 157 1462 Od.
172 1431 217 1462 iii.
234 1433 286 1462 26.
302 1435 395 1463 serius
410 1434 499 1463 ocius.
551 1433 625 1463 Non
641 1443 752 1474 perpe-

94 1487 179 1512 tuam
198 1481 354 1523 jacturam
379 1480 512 1517 facietis,
531 1481 585 1512 sed
607 1481 754 1513 reddetur

94 1530 182 1561 vobis
198 1541 252 1561 suo
269 1537 418 1572 tempore.
464 1530 501 1560 Id
520 1530 665 1571 exprimit
685 1541 750 1561 sen-

95 1578 199 1610 tentiis
221 1590 238 1610 e
261 1580 371 1621 poetis,
395 1585 447 1610 aut
471 1590 487 1610 e
509 1579 573 1609 vita
596 1579 753 1610 communi

94 1628 247 1670 sumptis;
279 1628 332 1659 sed
357 1634 469 1659 temere
489 1628 661 1658 cumulavit
684 1639 752 1659 sen-

95 1676 208 1707 tentias
220 1677 300 1707 illas.
337 1676 453 1708 Confer
466 1676 624 1712 Horatius,
635 1678 680 1708 II.
691 1678 753 1708 Od.

95 1724 138 1756 iii.
155 1726 213 1764 353
237 1732 267 1757 et
282 1727 424 1767 Propert.
443 1725 505 1755 ΙΙΙ.
522 1726 586 1755 xvi.
603 1727 640 1755 21
659 1737 726 1767 sqq.

139 1775 193 1805 34.
220 1775 352 1811 Domus,·
384 1775 495 1811 sedes:
528 1774 692 1810 Homerus,
712 1774 753 1806 Il.

98 1829 136 1856 Ο.
154 1826 229 1856 251.
243 1823 317 1866 δῶμ’
329 1823 430 1855 Αῗὸαο
445 1836 452 1862 ;
479 1822 636 1858 Horatius,
655 1823 680 1854 Ι.
693 1823 753 1854 Od.

97 1874 139 1904 iv.
156 1875 210 1904 20.
228 1876 329 1904 domus
344 1874 428 1904 milis
446 1873 602 1902 Plutonia.

139 1924 193 1954 36.
218 1923 300 1953 Justi
330 1923 417 1957 anni,
449 1921 524 1951 satis
550 1921 660 1961 longus
683 1920 753 1950 vitae

96 1972 255 2002 terminus.
301 1971 368 2002 Cic.
399 1970 437 2001 ad
463 1970 533 2000 Att.
553 1981 582 2000 v.
608 1971 638 2000 2.
653 1972 753 2009 justa,

96 2021 172 2051 satis
197 2020 302 2062 longa,
326 2022 458 2057 itinera;
494 2019 601 2050 Amor.
621 2019 666 2049 ΙΙ.
692 2019 754 2049 xiv.

101 2071 150 2100 14.
169 2072 259 2110 justa
286 2071 429 2109 pondera,
463 2073 602 2098 maturus
635 2073 753 2109 partus.

97 2119 267 2149 Hominum
289 2118 431 2160 opinione
455 2117 562 2159 injusti
586 2122 658 2147 sunt
681 2117 754 2147 anni

96 2177 202 2197 eorum
226 2167 279 2209 qui
304 2167 395 2198 citius
418 2166 456 2197 de
480 2166 545 2196 vita
568 2165 753 2206 demigrant,

97 2215 304 2257 dicunturque
315 2221 386 2246 ante
398 2215 480 2246 diem
493 2215 570 2256 rapi,
581 2225 635 2245 seu
649 2214 754 2246 emori.

100 2266 228 2296 Matura
248 2266 328 2295 bene
347 2275 379 2295 se
400 2264 514 2295 habet:
541 2270 673 2299 matura,
689 2264 756 2294 scil.

97 2314 197 2350 annis,
210 2319 263 2344 aut
273 2324 349 2349 aevo,
360 2313 443 2354 quod
455 2313 608 2344 interdum
622 2312 756 2344 additur.

99 2363 215 2394 Contra
238 2362 428 2405 Propertius,
446 2363 506 2394 IV.
522 2362 564 2392 xi.
582 2363 631 2392 17.
652 2364 754 2392 imma-

100 2419 182 2448 tura,
199 2422 268 2453 quae
285 2410 413 2442 moritur
428 2411 460 2442 in
475 2411 546 2441 flore
564 2410 680 2450 aetatis3
703 2410 755 2440 Ti-

95 2461 213 2496 bullus,
241 2460 287 2491 ΙῘ.
319 2460 362 2490 vi.
397 2461 449 2490 29.
478 2461 639 2489 immatura
677 2469 756 2490 ossa.

98 2510 219 2540 Passim
255 2516 376 2539 matura
405 2516 486 2545 aetus,
514 2511 626 2539 maturi
655 2511 754 2545 anni;

99 2558 168 2589 vide
184 2558 364 2589 Bentleium
379 2558 418 2589 ad
435 2558 610 2593 Horatium,
626 2558 667 2589 A.
687 2558 756 2588 157.

102 2607 229 2638 Matura
249 2608 327 2648 loqui
346 2607 385 2638 de
405 2617 479 2638 sene
502 2606 586 2648 apud
606 2606 755 2638 Claudia—

100 2667 185 2693 num,
215 2656 316 2688 Laud.
344 2656 446 2687 Stilic.
479 2655 511 2687 ii.
547 2657 617 2687 169.
671 2657 757 2686 Juris

101 2708 198 2741 remi,
215 2705 246 2736 in
262 2711 362 2736 vestra
379 2710 543 2746 potestate,
554 2710 588 2735 ut
600 2705 679 2735 infra
697 2714 757 2735 ver.

825 942 908 979 7253
933 941 1001 972 Cic.
1018 941 1100 971 Phil.
1116 941 1156 971 iv.
1173 942 1203 970 4.
1223 942 1274 970 sub
1287 942 1363 980 jure
1386 948 1413 972 et
1431 944 1482 971 im-

822 993 903 1031 perio
918 992 1056 1021 consulis.

868 1041 918 1071 38.
945 1040 1032 1074 Quod
1048 1039 1152 1078 sifatn
1169 1038 1312 1079 negant]
1362 1039 1483 1080 Despe-

823 1090 919 1121 rantis
934 1088 1028 1119 animi
1043 1088 1227 1123 declaratio,
1246 1098 1308 1129 qua
1323 1088 1483 1118 commode

824 1139 917 1169 finem
941 1138 1014 1168 facit
1040 1136 1186 1168 dicendi:
1220 1144 1331 1178 negant
1355 1140 1483 1172 veniam,

824 1199 884 1218 non
906 1186 1082 1217 concedunt
1101 1185 1184 1227 quod
1208 1192 1302 1226 peto;
1326 1196 1387 1216 non
1409 1197 1483 1216 con-

824 1236 940 1267 cedunt
955 1235 1030 1265 mihi
1047 1234 1167 1276 copiam
1184 1235 1334 1276 conjugis.
1359 1234 1481 1270 Cicero,

825 1286 879 1315 Or.
897 1284 919 1314 i.
937 1285 989 1314 21.
1005 1286 1075 1314 date
1094 1284 1174 1313 nobis
1195 1284 1271 1314 hanc
1286 1284 1414 1319 veniam,
1430 1294 1484 1314 an-

825 1333 910 1364 nuite
926 1333 1072 1375 precibus
1090 1333 1212 1368 nostris,
1236 1338 1269 1363 ut
1284 1338 1367 1363 recte
1383 1333 1483 1374 expli-

825 1388 876 1414 cat
888 1382 1012 1413 Harles.
1027 1381 1184 1423 Hyginus,
1197 1381 1262 1412 sab.
1277 1383 1329 1413 45.
1344 1381 1481 1412 Pandion

828 1432 916 1462 Tereo
937 1433 1052 1462 reniam
1071 1433 1167 1468 dedit,
1190 1431 1300 1467 filiam,
1318 1442 1412 1472 quam
1429 1441 1483 1472 pe-

822 1482 919 1517 tebat,
939 1480 1084 1512 comitem
1108 1479 1206 1517 dedit,
1224 1480 1277 1511 ubi
1299 1480 1365 1510 vid.
1385 1481 1482 1511 Mun-

822 1530 923 1560 kerus.
958 1529 1059 1560 Etiam
1073 1531 1203 1570 gaudete
1218 1528 1411 1571 desperantis
1426 1537 1482 1564 est,

821 1585 853 1609 et
867 1580 946 1610 bene
963 1578 1002 1609 de
1019 1578 1191 1608 immitibus
1205 1578 1276 1609 Diis
1287 1584 1481 1620 usurpatum,

822 1628 875 1668 qui
893 1638 998 1658 omnes
1014 1627 1154 1657 homines
1169 1627 1208 1657 ad
1223 1637 1256 1657 se
1272 1626 1406 1668 rapiunt.

866 1677 919 1706 40.
939 1676 1024 1705 Talia
1040 1675 1213 1715 dicentem]
1233 1676 1305 1706 Non
1318 1674 1384 1706 sine
1400 1675 1481 1706 fruc-

823 1730 855 1755 tu
877 1724 934 1754 fuit
956 1724 1022 1755 haec
1046 1724 1116 1754 talis
1136 1723 1244 1754 oratio.
1289 1723 1327 1753 Id
1342 1723 1482 1764 jucunde

821 1772 1009 1803 describitur
1025 1783 1062 1803 ex
1080 1772 1251 1803 imitatione
1268 1772 1393 1813 Virgilii
1409 1773 1440 1804 d.
1458 1773 1479 1802 Ι.

821 1828 852 1853 et
874 1823 983 1852 Horat.
1010 1822 1056 1852 ΙΙ.
1084 1821 1146 1852 Od.
1173 1821 1237 1852 xiii.
1261 1823 1402 1852 21—40.
1429 1823 1481 1853 ubi

824 1871 952 1901 Alcaeus
975 1875 1007 1901 et
1036 1870 1163 1912 Sappho
1189 1869 1329 1900 similiter
1358 1878 1484 1901 movent

822 1920 946 1950 inferos.
970 1920 1062 1951 Conf.
1078 1925 1110 1950 et
1121 1920 1240 1950 Seneca
1256 1919 1288 1950 d.
1305 1919 1326 1949 l.
1341 1925 1372 1950 et
1387 1919 1483 1950 Clau-

822 1969 946 2005 dianus,
965 1969 1006 2000 R.
1023 1970 1059 2000 P.
1079 1968 1112 1999 ii.
1131 1969 1194 1999 330
1213 1979 1282 2009 sqq.
1328 1968 1482 2010 quugvm

815 2020 935 2059 flumen
965 2018 1090 2049 Tantali
1117 2017 1248 2049 Heroid.
1277 2018 1364 2049 xviii.
1401 2019 1457 2048 182
1475 2032 1480 2053 ;

823 2068 926 2110 refugi
950 2070 1052 2099 latices
1074 2067 1241 2099 Claudian.
1266 2067 1298 2098 ii.
1321 2067 1353 2098 in
1377 2068 1483 2098 Rufln.

823 2118 898 2148 509.
925 2118 1021 2153 Orbis,
1037 2123 1113 2153 rota,
1125 2122 1160 2147 ut
1174 2116 1216 2147 ix.
1235 2117 1294 2147 123
1310 2128 1317 2154 3
1334 2116 1484 2158 Virgilius

826 2167 935 2196 Ixionii
961 2173 1027 2196 rota
1051 2168 1186 2197 constitit
1207 2166 1292 2196 orbis.
1338 2165 1398 2196 Sed
1425 2166 1482 2196 hoc

824 2215 891 2246 loco
919 2217 1047 2255 stupuit,
1077 2214 1161 2256 quod
1198 2215 1237 2244 ab
1274 2214 1485 2245 animantibus

824 2264 1009 2295 translatum
1029 2269 1087 2299 est,
1104 2268 1140 2294 ut
1159 2262 1242 2305 apud
1263 2263 1402 2304 Propert.
1425 2264 1483 2294 IV.

825 2312 866 2343 xi.
880 2314 932 2344 23.
950 2319 1071 2343 taceant
1089 2311 1201 2342 Ixionis
1213 2313 1302 2342 orbes.
1341 2312 1484 2350 Carpsere

813 2364 918 2401 jecur,
934 2368 969 2392 ut
984 2361 1026 2393 iv.
1041 2362 1115 2392 217.
1130 2371 1251 2400 carpere
1260 2361 1382 2400 pabula.
1427 2361 1482 2391 Se-

824 2411 961 2441 cundum
985 2411 1136 2441 Senecam
1160 2409 1191 2440 d.
1214 2409 1234 2439 l.
1255 2409 1334 2439 adeo
1358 2411 1480 2440 increvit

827 2460 908 2501 Tityi
917 2462 1023 2500 jecur.
1072 2459 1241 2494 Vaedrunt,
1260 2468 1342 2488 more
1360 2468 1478 2499 aquan-

823 2508 899 2539 tium
917 2508 1112 2543 ancillarum,
1128 2518 1209 2548 quae,
1225 2506 1299 2537 dum
1319 2506 1483 2548 quiescunt

825 2564 877 2588 aut
892 2557 1043 2599 garriunt,
1061 2556 1220 2598 deponunt
1240 2555 1359 2586 interea
1378 2567 1481 2591 urnas.

824 2606 1086 2649 quemadmodum
1098 2605 1249 2647 Sisyphus
1265 2616 1282 2636 a
1293 2605 1396 2636 labore
1412 2607 1481 2647 qui-

824 2666 933 2687 escens
948 2658 1021 2686 sedit
1033 2655 1064 2686 in
1077 2664 1151 2685 saxo
1164 2665 1229 2686 suo.
1253 2654 1330 2685 Haee
1343 2654 1481 2696 placent,

825 2704 899 2745 quia
928 2714 1026 2735 mores
1054 2703 1125 2734 vitae
1164 2702 1351 2744 quotidiana}
1381 2704 1481 2744 expri-
