1779 3130
242 181 327 221 444

250 293 346 339 Hic
372 292 531 338 fontes
557 298 731 337 natura
755 306 906 337 novos
932 289 1111 344 emisit,
1140 296 1192 336 at
1215 288 1317 335 illic

630 176 681 217 P.
715 176 926 217 OVIDII
960 176 1239 217 NASONIS

1533 291 1631 334 270

253 368 463 421 Clausit,
490 374 540 414 et
564 366 755 428 antiqui
781 374 885 412 tam
909 367 1064 412 multa
1086 364 1382 412 tremoribus
1406 363 1538 410 orbis

254 443 484 490 Flumina
508 443 785 506 prosiliunt,
813 449 899 489 aut
924 448 1179 488 excaecata
1202 440 1442 487 residunt.

256 521 339 568 Sic
367 521 450 567 ubi
476 528 670 567 terreno
698 518 862 581 Lycus
889 526 968 566 est
990 526 1166 581 epotus
1192 517 1345 574 hiatu,

254 597 441 644 Existit
465 597 639 659 procul
664 596 796 650 hinc,
825 595 1021 657 alioque
1046 594 1321 641 renascitur
1346 609 1456 640 ore:

254 674 337 720 Sic
359 673 506 720 modo
532 671 844 726 combibitur,
861 678 994 718 tecto
1019 671 1166 717 modo
1193 669 1384 731 gurgite
1410 669 1579 731 lapsus

253 749 500 796 Redditur
527 747 772 810 Argolicis
798 747 972 808 ingens
1000 746 1237 792 Erasinus
1262 746 1311 792 in
1338 745 1494 791 arvis:
1539 747 1636 790 276

253 825 320 872 Et
346 825 551 887 Mysum
577 823 857 886 capitisque
884 822 975 876 sui,
1003 823 1222 885 ripaeque
1247 821 1421 884 prioris

255 900 554 947 poenituisse
580 899 758 954 ferunt,
787 898 881 944 alia
905 914 1035 944 nunc
1061 898 1146 952 ire,
1177 898 1401 944 Caicum.

255 977 361 1024 Nec
388 993 485 1022 non
513 975 736 1022 Sicanias
761 975 960 1021 volvens
987 974 1273 1021 Amenanus
1299 989 1474 1021 arenas

294 1141 367 1171 271.
406 1142 445 1170 Et
474 1141 621 1180 mztiqui]
671 1140 832 1170 Hactenus
856 1140 913 1170 fuit

251 1188 367 1218 clitum
405 1195 432 1218 et
468 1191 599 1228 antiquis
629 1190 802 1218 tremoribus
839 1190 914 1218 orbis

255 1236 397 1266 Flumina
420 1238 579 1276 prosiliunt
603 1237 664 1277 (ita
685 1236 799 1267 habent
820 1236 914 1277 Regii

253 1285 343 1322 cod.)
368 1285 446 1315 Haec
461 1285 738 1326 mendosajudicat
754 1285 913 1321 Heinsius,

255 1340 285 1363 et
317 1333 443 1374 conjicit
472 1341 498 1363 et
527 1342 581 1364 aut
607 1337 739 1374 quadam
758 1336 913 1364 stimulata

253 1384 427 1412 tremoribus
452 1385 533 1412 ortis.
580 1383 687 1413 Lectio
708 1383 833 1423 vulgata
854 1394 914 1413 non

254 1429 375 1460 videtur
390 1430 514 1460 fluxisse
531 1441 549 1460 a
565 1441 659 1460 manu
675 1431 794 1460 Ovidii.
820 1431 916 1461 Lenis

254 1484 285 1508 et
304 1479 384 1508 bona
409 1486 455 1508 est
483 1479 659 1509 emendatio
685 1478 741 1508 viri
773 1479 856 1509 docti
884 1480 916 1510 in

256 1526 392 1557 Miscell.
418 1527 551 1557 Observ.
578 1528 638 1557 vol.
666 1527 721 1557 vii.
744 1538 815 1568 pag.
846 1530 916 1559 123.

253 1578 383 1615 antiqui.
430 1576 581 1606 Eicaecuri
598 1576 759 1616 eleganter
772 1576 916 1608 dicuntur

254 1635 324 1665 quae
341 1624 494 1660 delentur,
506 1625 700 1661 obturantur,
713 1626 917 1656 exsiccantur.

255 1674 306 1703 Sic
329 1674 423 1704 Pont.
442 1673 501 1704 IV.
522 1674 554 1704 ii.
576 1675 623 1704 17.
649 1675 736 1704 limus
759 1685 847 1705 venas
870 1686 916 1705 ez-

259 1729 348 1752 ccfcat
361 1725 391 1752 in
406 1724 505 1752 undis.
528 1722 675 1753 Similiter
691 1722 775 1764 apud
791 1723 918 1754 Graecos

255 1771 474 1811 τυφλοίνμεναι
489 1771 595 1812 πηγαί
609 1783 616 1809 3
641 1771 711 1801 vide
727 1771 902 1802 Heinsium.

299 1820 372 1849 273.
386 1820 493 1850 Sicubi
505 1827 634 1855 terreno,
648 1819 727 1859 Εἰς]
743 1819 825 1850 Plin.
836 1820 918 1851 Hist.

257 1868 335 1898 Nat.
352 1867 385 1898 ii.
401 1869 470 1898 103.
488 1869 621 1899 Subeunt
639 1876 743 1904 terras,
761 1880 921 1909 rursusque

258 1918 444 1952 redduntur,
474 1917 576 1957 Lycus
599 1918 710 1958 (prope
734 1917 920 1948 Laodiceam

259 1975 275 1995 e
292 1965 412 1996 Cadmo
429 1971 532 1996 monte
548 1965 648 2003 ortus)
667 1967 697 1995 in
715 1967 797 2001 Asia,
815 1966 919 1997 Erasi—

261 2025 318 2044 nus
347 2016 377 2044 z'n
406 2015 560 2054 Argolica.
613 2014 728 2044 Confer
755 2015 917 2051 Senecam,

261 2061 337 2092 Nat.
353 2063 472 2098 Quaest.
488 2062 532 2091 iii.
548 2063 602 2092 26.
619 2062 672 2092 ubi
689 2062 743 2092 hos
759 2073 837 2093 vers.
853 2063 920 2094 lau-

260 2109 325 2140 dat.
372 2111 495 2147 Epotus,
514 2111 686 2151 absorptus.
722 2112 798 2142 Mox
824 2123 920 2153 quum

261 2157 313 2188 alii
343 2158 434 2188 MSS.
451 2158 587 2188 habeant
609 2160 723 2198 alioque
744 2161 819 2196 orbe,
835 2171 920 2201 quae-

259 2206 346 2242 fitur,
372 2213 473 2237 utrum
490 2206 601 2237 verius.
639 2208 677 2237 In
703 2218 734 2238 se
756 2216 921 2249 utrumque

261 2262 344 2285 recte
369 2255 504 2293 dieitur;
528 2266 598 2286 nam
615 2263 646 2286 et
666 2258 742 2286 orbis
760 2267 814 2297 pro
835 2264 921 2298 parte

261 2304 354 2339 orbis,
379 2310 457 2334 terra
482 2304 595 2335 dicitur
618 2311 652 2335 ut
674 2305 694 2335 i.
715 2306 779 2335 94:
805 2315 840 2335 ac
864 2316 920 2336 sae-

262 2352 342 2392 pius,
359 2359 389 2383 et
406 2365 433 2382 os
455 2353 634 2383 fluminibus
651 2353 799 2389 tribuere,
817 2354 848 2384 id
864 2361 920 2390 est,

264 2399 391 2436 fontem,
407 2401 556 2437 sollenne,
580 2408 613 2432 ut
629 2401 649 2432 i.
664 2403 737 2432 281.
782 2402 823 2432 H.
835 2403 855 2432 l.
874 2409 920 2433 ta-

264 2459 336 2479 men
351 2449 480 2490 praesero
496 2461 555 2485 ore,
566 2449 648 2491 quod
661 2451 740 2481 bene
755 2450 921 2492 opponitur

262 2498 310 2537 τῷ
325 2498 423 2527 hiatu.
466 2498 550 2528 Tecto
564 2501 697 2539 gurgite,
715 2505 825 2529 tectus.
856 2499 921 2529 Ne—

265 2555 326 2585 que
344 2552 447 2576 tamen
463 2546 697 2577 condemnanda
719 2547 811 2577 lectio
827 2558 920 2588 quam

264 2594 383 2624 Seneca
404 2593 437 2623 d.
455 2594 477 2624 l.
503 2594 641 2630 exhibet,
665 2597 756 2625 tacito
777 2598 918 2637 gurgite.-

265 2651 398 2682 namque
415 2645 524 2673 tacitus
544 2654 627 2684 saepe
643 2644 726 2685 apud
745 2651 851 2685 poetas
867 2656 917 2686 po—

265 2689 346 2720 nitur
362 2701 427 2731 pro,
445 2697 557 2722 tectus,
592 2693 641 2724 Sic
659 2695 780 2723 incitam
800 2696 919 2730 vulnus,

983 1143 1080 1170 tacitae
1109 1140 1256 1174 medullae,
1284 1141 1381 1170 tacitae
1400 1138 1546 1179 flammae,
1573 1143 1638 1168 etc.

982 1190 1094 1230 Itaque
1118 1199 1155 1219 ex
1182 1189 1284 1229 glossa
1307 1187 1401 1218 facile
1420 1187 1451 1217 h.
1467 1187 1490 1217 l.
1508 1187 1639 1229 irrepere

981 1237 1083 1278 potuit
1103 1243 1188 1272 tecto,
1205 1236 1300 1277 quod,
1319 1242 1353 1266 ut
1374 1236 1485 1271 notius,
1503 1235 1639 1276 arripue-

981 1291 1053 1315 runt
1068 1284 1195 1316 librarii.
1232 1284 1349 1314 Eadem
1366 1284 1498 1314 varietas
1517 1289 1548 1313 et
1563 1283 1638 1313 alibi

982 1334 1142 1375 reperitur,
1169 1340 1202 1364 ut
1227 1333 1334 1364 Amor.
1365 1333 1391 1363 Ι.
1414 1332 1447 1362 ii.
1475 1333 1517 1370 63
1547 1332 1640 1362 Trist‚

982 1383 1046 1413 ΙΙΙ,
1064 1394 1093 1413 x.
1110 1383 1162 1413 30.

1025 1432 1101 1461 277.
1129 1432 1228 1470 Caput
1251 1430 1342 1460 modo
1371 1430 1438 1460 fons
1462 1429 1549 1460 fluvii
1572 1436 1642 1468 est3

984 1479 1097 1521 Virgil.
1115 1481 1230 1520 Georg.
1246 1479 1287 1509 iv.
1305 1480 1365 1510 368
1380 1490 1387 1516 3
1411 1489 1502 1520 supra
1518 1478 1550 1508 ii.
1565 1480 1640 1510 255.

983 1536 1014 1559 et
1029 1529 1062 1558 h.
1077 1528 1099 1558 i.
1115 1528 1206 1559 modo
1222 1528 1333 1558 ostium
1347 1540 1354 1565 3
1380 1527 1467 1568 Virg.
1483 1527 1513 1557 d.
1529 1527 1550 1558 l.
1567 1527 1640 1557 319.

987 1579 1109 1613 Caicus,
1128 1578 1239 1620 Mysiae
1264 1577 1386 1613 fluvius,
1405 1587 1528 1607 cursum
1549 1586 1639 1606 suum

984 1627 1127 1657 mutavit.
1173 1627 1243 1662 Quo
1272 1632 1395 1656 auctore
1422 1624 1554 1656 Ovidius
1582 1623 1642 1655 hoc

985 1674 1158 1710 tradiderit,
1172 1685 1232 1704 non
1248 1679 1379 1704 constat.

1028 1725 1101 1754 279.
1117 1723 1316 1762 Amenanus]
1335 1722 1402 1752 Hoc
1416 1731 1530 1752 nomen
1539 1721 1643 1752 nullus

985 1772 1080 1802 habet
1096 1772 1212 1810 codex3
1230 1773 1424 1813 plerumque,
1438 1776 1471 1801 ut
1487 1770 1518 1800 in
1534 1770 1641 1800 codice

985 1821 1086 1862 Regio
1102 1821 1142 1851 A.
1157 1821 1269 1862 legitur
1285 1822 1470 1856 Amasenus5
1487 1819 1517 1849 in
1533 1819 1641 1850 codiee

987 1870 1028 1900 B.
1054 1871 1230 1905 Amasenos,·
1255 1869 1287 1899 in
1313 1875 1377 1899 tota
1404 1867 1511 1898 Sicilia
1539 1867 1645 1897 nullus

987 1919 1079 1960 hujus
1107 1919 1240 1948 nominis
1261 1918 1373 1949 fluvius
1395 1917 1565 1959 reperitur3
1598 1916 1643 1946 lo-

987 1978 1058 1998 cum
1082 1967 1165 1997 hunc
1188 1967 1318 1998 Fulvius
1340 1966 1482 2002 Ursinus,
1506 1965 1538 1996 in
1562 1965 1646 1996 notis

987 2017 1027 2046 ad
1049 2017 1226 2047 Comment.
1242 2015 1386 2050 Caesaris,
1403 2015 1519 2056 primus
1537 2025 1643 2045 emen-

987 2065 1074 2094 davit
1094 2075 1131 2094 ex
1148 2064 1242 2095 veteri
1258 2074 1396 2099 nummo,
1410 2064 1499 2104 eujus
1525 2064 1564 2093 ab
1580 2074 1643 2094 una

987 2112 1067 2143 facie
1090 2120 1156 2144 erat
1175 2117 1370 2148 AMENOE,
1388 2113 1426 2143 ab
1448 2113 1545 2143 altera
1564 2117 1642 2144 KA-

988 2164 1211 2199 TANAIQN5
1237 2168 1268 2191 et
1294 2161 1407 2192 deinde
1430 2161 1578 2192 Heinsius
1604 2173 1642 2192 ex

988 2209 1146 2239 Strabonis
1160 2210 1342 2250 loco,que1n
1358 2209 1438 2239 infra
1453 2210 1490 2239 ab
1505 2210 1644 2250 Gierigio

987 2257 1119 2287 relatum
1134 2257 1231 2298 leges.
1269 2258 1440 2287 Amenanus
1455 2257 1594 2288 Cataniae
1610 2257 1642 2288 in

988 2304 1094 2336 Sicilia
1109 2305 1234 2336 fluvius.
1258 2306 1378 2341 Strabo,
1393 2306 1450 2336 lib.
1466 2317 1494 2335 v.
1510 2317 1540 2347 p.
1556 2307 1618 2336 360
1633 2318 1640 2335 z

988 2353 1147 2395 Καθάπερ
1176 2356 1251 2395 περὶ
1274 2355 1331 2385 τοῦ
1358 2354 1543 2394 Ἀμενάνου
1565 2366 1644 2396 συμ-

987 2401 1117 2440 βαίνειν
1137 2404 1213 2443 φασὶ
1236 2404 1292 2433 τοῦ
1316 2401 1368 2432 διὰ
1383 2402 1539 2441 Κατάνης
1553 2402 1644 2443 ῥέον-

987 2460 1051 2486 τος·
1066 2450 1200 2482 ἐκλείπει
1226 2452 1287 2492 γὰρ
1310 2451 1362 2481 ἐπὶ
1388 2452 1497 2482 πολλὰ
1512 2452 1566 2490 ἔτη
1589 2454 1642 2483 καὶ

989 2499 1093 2530 πάλιν
1115 2499 1172 2540 ῥεῖ.
1210 2501 1406 2531 Burmannus
1426 2511 1442 2531 e
1461 2501 1576 2531 Fazelli
1595 2513 1642 2532 re-

989 2547 1046 2578 bus
1069 2548 1132 2578 Sic.
1148 2549 1206 2579 lib.
1222 2549 1265 2580 iii.
1281 2559 1349 2590 cap.
1368 2551 1396 2579 1.
1412 2556 1508 2585 notat,
1525 2549 1641 2581 fontem

988 2597 1079 2638 hujus
1104 2597 1188 2627 fluvii
1211 2598 1346 2628 nondum
1370 2598 1568 2639 pervestigari
1589 2611 1643 2640 po-

988 2646 1092 2681 tuisse,
1131 2653 1161 2677 et
1196 2657 1289 2687 saepe,
1326 2646 1476 2677 obturatis
1509 2648 1640 2678 fontium

987 2694 1083 2729 venis,
1096 2704 1147 2736 per
1163 2694 1281 2735 aliquot
1292 2706 1387 2726 annos
1400 2701 1495 2725 totum
1512 2706 1641 2726 evanes-
