1779 3130
198 180 284 221 324

572 177 623 217 Ρ.
659 174 872 217 OVIDII
906 175 1185 216 NASONIS

202 293 326 347 Quis
352 291 474 338 fuit?
514 289 701 337 Hector
727 290 831 337 abit
853 290 1061 336 violatus
1085 289 1288 335 vulnere
1313 289 1463 335 nullo.

201 369 289 415 Me
314 367 566 414 miserum!
595 374 782 429 quanto
808 383 956 427 cogor
980 365 1267 412 meminisse
1287 365 1454 411 dolore
1490 368 1587 411 280

199 444 457 506 Temporis
482 443 629 499 illius,
658 459 774 505 quo,
804 443 1010 489 Graium
1036 459 1222 496 murus,
1249 440 1470 488 Achilles

199 519 498 566 Procubuit!
537 535 628 565 nec
654 535 733 565 me
757 518 988 574 lacrimae,
1017 519 1300 580 luctusque,
1328 517 1534 563 timorve

201 596 496 651 Tardarunt,
526 596 646 658 quin
672 612 852 659 corpus
877 595 1027 641 humo
1053 594 1265 640 sublime
1291 593 1539 641 referrem.

200 672 295 719 His
342 673 577 728 humeris,
617 673 709 728 his,
748 673 970 735 inquam,
1009 671 1225 718 humeris
1273 686 1365 732 ego
1408 686 1588 733 corpus

399 748 607 795 Achillis

1492 751 1586 794 284

202 824 268 872 Et
292 825 437 871 simul
463 841 598 871 arma
621 825 728 879 tuli,
747 840 857 886 quae
878 841 1010 871 nunc
1033 840 1233 887 quoque
1257 823 1381 870 ferre
1400 824 1585 870 laboro.

203 901 330 947 Sunt
354 901 489 957 mihi,
518 917 628 963 quae
653 902 852 948 valeant
876 902 925 947 in
949 902 1066 948 talia
1092 900 1327 964 pondera,
1354 901 1507 948 vires:

200 976 293 1024 Est
319 978 510 1024 animus
534 985 724 1025 vestros
750 985 884 1025 certe
910 994 1144 1025 sensurus
1170 978 1398 1023 honores.

202 1053 404 1101 Scilicet
429 1055 610 1101 idcirco
637 1071 725 1117 pro
752 1062 901 1116 gnato
927 1056 1110 1101 caerula
1135 1061 1291 1101 mater

197 1130 477 1177 Ambitiosa
501 1147 590 1177 suo
616 1130 723 1186 fuit,
751 1138 805 1177 ut
829 1132 1052 1178 coelestia
1076 1131 1221 1185 dona,

198 1206 333 1253 Artis
359 1223 484 1270 opus
509 1215 675 1262 tantae,
703 1207 839 1253 rudis
865 1214 916 1254 et
940 1207 1044 1254 sine
1071 1215 1272 1270 pectore
1297 1207 1437 1253 miles
1491 1209 1587 1253 290

202 1282 472 1330 Indueret?
511 1299 673 1346 neque
699 1283 830 1330 enim
855 1283 1020 1346 clypei
1046 1283 1303 1330 caelamina
1327 1283 1468 1338 norit,

240 1442 312 1472 281.
352 1443 474 1477 Murus,
511 1442 620 1476 tulela,
660 1441 856 1484 praesidium:

194 1490 321 1521 solenne
345 1491 426 1520 enim
448 1490 560 1532 poetis,
585 1491 677 1521 heroa
696 1491 859 1531 virumque

194 1539 303 1569 fortem
327 1551 455 1574 murum,
481 1546 607 1574 turrem,
631 1540 777 1579 clypeum,
800 1546 859 1569 etc.

196 1598 318 1618 vocare.
364 1588 506 1619 Achilles
541 1587 629 1629 ’ἕρκος
668 1588 859 1624 Graecorum,

197 1636 237 1667 11.
253 1641 293 1667 A.
312 1638 395 1674 2843
418 1637 500 1678 Ajax
528 1636 655 1678 πύργος
681 1637 859 1671 eorundem,

200 1685 264 1716 Od.
284 1690 324 1716 A.
341 1688 422 1717 555:
457 1686 528 1716 vide
554 1686 716 1716 Drakenb.
739 1685 780 1716 ad
806 1685 861 1717 Sil.

195 1734 259 1764 xvi.
288 1735 339 1764 68.
386 1735 527 1770 Sublime,
560 1734 719 1764 sublatum
751 1733 859 1764 humo.

202 1782 316 1822 Corpus
338 1790 366 1813 et
390 1794 495 1819 αττηις
524 1783 567 1813 sic
591 1790 622 1813 et
645 1782 727 1823 apud
751 1782 860 1819 Quint.

199 1831 379 1867 Calabrum,
409 1832 490 1862 286:
529 1830 680 1862 Ἐσάωσα
718 1830 744 1862 δ’
776 1831 860 1873 ὁμῶς

197 1880 344 1921 τεύχεσσι
355 1880 517 1911 θανόντα.
562 1880 619 1910 His
633 1881 761 1910 humeris
772 1891 860 1921 repe-

199 1929 249 1964 tit,
269 1929 343 1970 quia
365 1934 536 1969 negaverat
552 1929 648 1970 Ajax,
663 1939 769 1970 parem
788 1939 858 1959 eum

197 1988 263 2008 esse
274 1977 408 2008 ferendis
423 1977 491 2007 istis
508 1977 614 2008 armis:
641 1977 694 2008 sed
710 1978 776 2018 ipse
793 1988 858 2008 rur-

197 2037 259 2062 sus,
276 2026 359 2067 quod
374 2026 467 2067 paulo
484 2031 556 2056 ante
572 2025 604 2056 in
620 2026 719 2067 Ajace
737 2026 859 2067 vitupe-

196 2079 330 2109 raverat,
340 2074 423 2104 solus
433 2074 609 2104 communia
621 2080 770 2115 occupat:
788 2074 859 2105 vide

200 2125 242 2160 Q.
261 2123 440 2158 Calabrum,
456 2123 487 2153 ii.
505 2124 578 2153 384.
594 2123 647 2153 ubi
663 2122 760 2153 duces
775 2134 859 2153 com-

198 2172 333 2202 muniter
356 2172 512 2202 Achillem
538 2182 554 2201 e
578 2171 684 2213 praelio
708 2172 857 2203 referunt.

199 2220 296 2262 Apud
310 2221 449 2251 Antisth.
462 2232 494 2262 p.
512 2222 563 2251 53.
580 2221 661 2262 Ajax
684 2232 787 2259 corpus
803 2221 861 2251 fert

198 2269 342 2304 Achillis,
360 2269 488 2310 Ulysses
503 2281 600 2299 arma.
648 2269 772 2305 Laboro,
787 2280 860 2300 con-

200 2318 305 2355 tendo,
323 2329 449 2360 operam
473 2318 523 2348 do.
570 2319 623 2348 Est
647 2320 787 2354 animu55
812 2318 860 2348 hic

200 2368 399 2408 expectasses
419 2366 556 2397 animum
571 2366 780 2408 intrepidum3
805 2366 860 2397 sed

199 2427 239 2446 en
254 2416 488 2446 conversionem
504 2415 675 2446 modestam
698 2422 728 2446 et
747 2416 860 2456 gratio-

198 2475 266 2494 sam
278 2465 283 2494 !
301 2464 435 2506 Subjicit
448 2464 542 2500 enirn,
554 2471 661 2494 vestros
673 2471 751 2495 certe
761 2476 860 2495 sensu-

198 2524 251 2542 rus
274 2514 405 2548 honores,
422 2513 475 2554 qui
499 2512 536 2543 iis
559 2513 706 2552 tangitur,
723 2524 858 2544 commo-

201 2566 298 2595 vetur,
335 2568 517 2602 gratumque
555 2561 682 2592 exhibet
720 2562 857 2592 animum

199 2618 271 2648 erga
289 2619 370 2644 eum,
387 2610 439 2650 qui
457 2610 575 2640 tribuit.

239 2658 313 2687 289.
338 2659 498 2688 Ambitiosa
512 2659 682 2699 eleganter,
699 2670 769 2701 quae
787 2670 853 2690 am-

197 2705 293 2736 bierat
334 2707 523 2743 Vulcanum,
564 2707 683 2738 blanda
719 2709 853 2739 oratione

928 1453 998 1472 eum
1019 1448 1191 1482 rogaverat.
1212 1448 1247 1472 ut
1269 1441 1330 1472 filio
1351 1441 1516 1471 fabricaret
1537 1451 1585 1470 ar-

927 1501 996 1526 ma;
1020 1490 1061 1520 11.
1079 1494 1114 1521 Σ.
1132 1491 1193 1520 369
1218 1501 1264 1530 sq.
1312 1490 1459 1524 Caelestia,
1476 1499 1495 1519 a
1518 1489 1588 1519 Deo

928 1539 1094 1570 fabricata:
1143 1538 1338 1573 Graevianus,
1375 1549 1429 1579 pro
1466 1537 1590 1568 diversa

928 1587 1073 1622 lectione,
1107 1587 1253 1617 Vulcania
1284 1589 1373 1617 (lona.
1418 1587 1464 1617 Ea
1493 1587 1588 1627 Ajax,

927 1646 993 1666 ver.
1027 1637 1097 1666 110.
1128 1642 1221 1676 negat
1257 1635 1366 1665 timido
1405 1635 1589 1673 convenire;

929 1684 1069 1725 Ulysses,
1085 1684 1154 1714 rudi
1165 1684 1266 1714 militi.
1312 1684 1401 1713 Miles
1417 1694 1499 1714 nunc
1515 1694 1589 1714 con-

929 1733 1084 1774 temptim,
1100 1733 1167 1763 sola
1181 1743 1277 1763 manu
1297 1733 1393 1768 fortis,
1409 1743 1505 1773 quum
1524 1732 1587 1763 dux

928 1781 1022 1812 etiam
1038 1782 1172 1813 consiliis
1184 1781 1338 1812 excellere
1356 1781 1488 1819 debeat;
1513 1781 1589 1812 Vel-

927 1829 1018 1866 leius,
1040 1830 1071 1861 ii.
1100 1832 1148 1861 18.
1173 1830 1212 1861 de
1237 1830 1434 1866 Mithridate,
1461 1832 1592 1861 consiliis

927 1881 998 1915 dur,
1024 1882 1106 1910 miles
1130 1891 1231 1909 manu.
1277 1879 1380 1909 Etiam
1409 1878 1483 1910 alibi
1510 1880 1591 1910 miles

927 1939 997 1959 eum
1019 1935 1199 1969 contemptu
1214 1928 1344 1966 dicitur3
1367 1929 1492 1959 Terent.
1507 1929 1589 1960 Eun.

927 1977 972 2008 ΙΙ.
989 1978 1020 2008 ii.
1035 1979 1087 2009 57.
1125 1979 1234 2013 Rudis,
1251 1988 1311 2007 non
1325 1978 1462 2008 imbutus
1478 1977 1592 2008 literis.

928 2027 998 2057 Sine
1009 2034 1136 2066 pectore,
1153 2027 1217 2057 sine
1233 2026 1368 2067 ingenio.
1415 2027 1587 2061 Calamina,

927 2082 1111 2115 argumenta
1135 2075 1257 2109 caelata,
1278 2081 1312 2105 ut
1335 2085 1419 2110 mox,
1442 2086 1503 2115 qttae
1528 2087 1587 2106 non

928 2125 1084 2165 intelligit,
1122 2134 1251 2164 quorum
1297 2130 1481 2164 argumenta
1526 2135 1586 2154 non

927 2173 1055 2203 edoctus
1071 2179 1130 2203 est.
1178 2173 1332 2207 Ple'imlas,
1349 2177 1409 2202 etc.
1455 2173 1501 2202 Ea
1520 2172 1589 2213 ipsa

928 2221 1029 2251 sidera
1051 2223 1205 2251 Homerus
1229 2220 1386 2251 nominat:
1417 2220 1510 2251 etiam
1534 2223 1589 2252 im-

930 2281 1046 2300 munem
1069 2272 1190 2311 ffquom‘s
1214 2280 1251 2300 ex
1275 2269 1397 2304 eodem,
1417 2280 1481 2300 ver.
1504 2271 1586 2301 489:

927 2317 1072 2360 ἄμμορος
1099 2320 1239 2360 λοετρῶν
1264 2319 1428 2349 ὠκεανοῖο·
1452 2318 1524 2348 vide
1553 2318 1588 2348 ii.

933 2368 1003 2397 172.
1050 2368 1190 2397 Dim—sas
1218 2369 1316 2402 urbes,
1344 2367 1376 2397 in
1403 2367 1516 2408 quibus
1541 2367 1588 2397 di-

929 2426 1018 2446 versa
1038 2416 1173 2455 negotia,
1189 2415 1264 2446 belli
1288 2422 1318 2446 et
1337 2415 1435 2456 pacis,
1452 2421 1587 2445 tractan-

929 2470 994 2502 tur;
1029 2465 1067 2494 11.
1099 2468 1134 2495 Σ.
1164 2466 1226 2494 490
1252 2475 1322 2505 sqq.
1367 2463 1429 2494 Sed
1455 2463 1589 2494 Lenzius

927 2513 1098 2554 disjunctas
1135 2512 1293 2553 intelligit,
1330 2518 1364 2543 ut
1399 2513 1584 2553 magnitudo

925 2561 1027 2603 clypei
1064 2561 1228 2591 indicetur.
1284 2560 1487 2591 Bononiensis
1522 2561 1584 2602 pri-

924 2620 1003 2645 mus,
1024 2612 1205 2650 diversusque
1230 2612 1319 2645 orbes,
1342 2617 1376 2640 ut
1401 2609 1507 2640 stellas
1536 2610 1584 2640 in-

924 2665 1010 2689 nuat.
1055 2658 1150 2699 Regii
1172 2659 1262 2689 ambo
1281 2660 1466 2698 diversasque
1486 2659 1586 2689 urbes.

924 2708 1054 2738 Versum
1070 2708 1133 2739 295
1151 2707 1237 2738 uncis
1252 2707 1379 2739 inclusit
1393 2707 1522 2738 Mitsch.
