1779 3130
351 160 969 204 METAMORPHOSEON
1001 163 1117 204 LIB.
1143 163 1278 205 XIV.

1420 165 1505 206 413

122 272 261 335 Iphis
286 273 622 331 Anaxareten,
649 276 822 322 humili
848 277 911 324 de
936 277 1090 340 stirpe
1115 284 1338 335 creatus3

120 348 340 407 Viderat,
367 358 418 398 ct
441 352 555 399 totis
580 361 872 415 perceperat
896 354 1092 400 ossibus
1118 361 1323 402 aestum:

1409 357 1505 401 700

121 425 461 491 Luctatusque
487 430 588 485 diu,
617 437 883 493 postquam
909 431 1096 478 ratione
1120 431 1334 480 furorem

120 501 332 551 Vincere
358 521 454 552 non
480 506 657 569 potuit,
686 508 900 569 supplex
924 507 986 553 ad
1012 507 1183 554 limina
1206 507 1368 560 venitz

121 576 187 624 Et
211 579 357 626 modo
382 581 559 628 nutrici
585 582 819 628 miserum
844 578 1099 628 confessus
1126 599 1359 638 amorem,

121 652 201 701 Ne
226 655 320 702 sibi
346 657 470 704 dura
493 658 632 713 foret,
661 674 748 721 per
773 675 888 721 spes
912 659 1067 705 oravit
1091 660 1329 706 alumnae:

121 729 188 777 Et
211 733 357 780 modo
382 734 443 781 de
469 735 635 781 multis
660 735 912 782 blanditus
939 735 1121 797 cuique
1146 735 1382 782 ministris
1410 740 1505 783 705

123 805 351 855 Sollicita
374 810 517 872 petiit
541 826 843 873 propensum
867 827 988 858 voce
1012 810 1244 859 favorem.

122 883 269 947 Saepe
294 884 495 934 ferenda
519 888 657 935 dedit
680 888 876 935 blandis
903 904 992 935 sua
1014 889 1166 935 verba
1189 889 1385 937 tabellis
1405 907 1416 937 :

122 959 380 1009 Interdum
405 965 629 1012 madidas
654 965 965 1012 lacrimarum
991 981 1099 1012 rore
1123 981 1329 1012 coronas

122 1035 360 1086 Postibus
384 1040 615 1098 intendit,
642 1041 907 1105 posuitque
932 1040 981 1087 in
1004 1041 1172 1088 limine
1193 1041 1316 1088 duro

122 1111 277 1162 Molle
302 1117 448 1173 latus,
474 1118 704 1181 tristique
730 1133 850 1164 serae
875 1117 1098 1164 convicia
1120 1117 1255 1164 fecit.

1413 1122 1508 1165 710

123 1189 329 1238 Surdior
354 1193 436 1240 illa
460 1193 583 1240 freto
610 1200 859 1255 surgente,
886 1194 1181 1240 cadentibus
1209 1193 1397 1248 Haedis,

122 1265 304 1314 Durior
327 1276 377 1315 et
400 1269 542 1325 ferro,
570 1270 705 1332 quod
732 1269 944 1315 Noricus
970 1269 1207 1331 excoquit
1230 1270 1374 1330 ignis,

123 1408 298 1440 nominibus
334 1410 426 1442 refert
461 1411 581 1442 Anton.
616 1411 782 1449 Liberalis,

121 1458 202 1488 Met.
219 1460 273 1489 39.
293 1465 364 1500 apte
389 1460 419 1490 li.
435 1460 455 1490 l.
476 1460 628 1495 adhibita,
653 1461 727 1501 quia
751 1468 782 1491 et

121 1506 184 1536 vim
201 1508 343 1537 morendi
356 1514 387 1539 et
402 1509 665 1550 metamorphosin
679 1509 783 1541 habet.

123 1555 227 1596 Reges
244 1556 339 1597 Cypri
355 1557 503 1598 originem
520 1558 676 1588 ducebant
692 1569 709 1589 a
723 1559 782 1590 Te·

123 1604 257 1634 lamonio
282 1605 406 1641 Teucro,
433 1606 486 1647 qui
511 1606 616 1637 exciso
640 1607 698 1637 Ilio
723 1608 782 1639 huc

123 1652 268 1695 migravit
284 1660 377 1696 atque
394 1655 554 1686 Salamina
572 1656 689 1692 urbem,
709 1657 782 1697 (ubi

123 1702 190 1733 haec
205 1714 253 1734 res
267 1710 355 1744 gesta
370 1716 377 1742 ;
404 1704 473 1735 vide
491 1716 553 1735 ver.
567 1705 658 1744 760.)
677 1707 782 1736 condi-

123 1751 182 1782 dit.
229 1752 411 1783 Conditores
428 1759 530 1783 autem
549 1754 668 1785 urbium
682 1755 782 1795 genti<

125 1811 218 1831 umve
237 1802 336 1832 solent
356 1802 418 1833 sere
439 1813 454 1833 a
477 1802 576 1843 poetis
596 1809 713 1839 referes,
729 1815 784 1833 (111-

125 1851 210 1889 tiqui,
225 1853 316 1889 prisci
332 1851 444 1882 vocari.
468 1852 493 1881 Α
510 1854 667 1892 sanguine,
681 1852 783 1892 quoad

124 1899 317 1939 sanguinem.
343 1900 533 1940 Pei-ceperat.
558 1901 648 1931 Unus
663 1900 783 1931 Ileinsii

122 1957 323 1987 praeceperat;
353 1949 407 1979 sed
434 1950 513 1980 mira
542 1959 602 1980 non
628 1949 783 1980 videbitur

124 1995 269 2033 varietas,
286 2008 381 2038 quum
404 1998 523 2028 noveris
541 2008 633 2038 quani
654 2008 782 2038 parvum

124 2045 164 2076 sit
178 2044 343 2076 discrimen
358 2046 437 2076 inter
452 2046 588 2087 syllabas
600 2057 654 2085 per
668 2052 699 2076 et
712 2057 783 2085 pne,

125 2094 158 2125 in
173 2094 295 2136 scriptis
310 2095 405 2125 libris.
430 2095 636 2134 Luctatusque
648 2096 711 2131 clia,
725 2101 785 2125 ete.

127 2143 260 2174 Versum
276 2143 409 2174 similem
422 2144 531 2180 habes,
546 2143 602 2175 lib.
616 2143 669 2174 vii.
687 2145 736 2174 10.

171 2193 246 2223 704.
272 2193 333 2223 Per
355 2193 614 2233 spes—alumnas]
639 2192 786 2223 Heinsius

129 2303 189 2331 spes
203 2294 304 2323 socias.

172 2342 245 2372 708.
263 2341 423 2371 Interdum
437 2341 582 2375 madidas,
598 2339 676 2379 etc.]
697 2337 786 2369 Facit

127 2389 196 2420 haec
225 2400 263 2420 ex
293 2388 407 2430 ineptis
438 2389 574 2419 moribus
603 2387 785 2423 amantium,

129 2438 244 2469 foribus
265 2437 471 2468 exclusorum.
517 2436 546 2466 Ii
566 2436 649 2467 enim
667 2446 787 2466 coronas

130 2487 168 2518 de
182 2487 285 2529 capite
296 2486 437 2528 demptas
447 2485 584 2528 postibus
596 2485 787 2516 intendebant

130 2537 202 2579 (pro
228 2535 359 2577 vulgari,
387 2537 557 2571 innectere,
587 2533 788 2576 suspendere.

131 2585 294 2628 Exquisite
310 2585 398 2626 Virg.
413 2585 487 2615 AEn.
504 2584 547 2615 iv.
563 2584 637 2615 506.
652 2582 788 2613 Intendit

132 2637 228 2666 locum
255 2632 382 2673 sertis·‚)
418 2632 594 2667 Lucretius,
617 2631 660 2661 iv.
689 2630 790 2669 11713

132 2683 321 2725 Propertius,
335 2683 362 2713 I.
379 2682 442 2713 xvi.
460 2683 489 2712 7.
534 2682 606 2712 Non
624 2680 715 2710 modo
738 2690 788 2710 co-

849 1424 950 1447 ronas,
963 1412 1016 1442 sed
1029 1412 1143 1452 januas
1159 1411 1253 1441 etiam
1269 1411 1353 1452 ipsas
1368 1413 1507 1442 lacrima-

848 1473 916 1491 rum
931 1473 995 1490 rore
1006 1461 1194 1500 irrigabant;
1210 1460 1350 1490 Martial.
1360 1472 1390 1491 x.
1402 1461 1508 1502 Epigr.

852 1512 901 1541 13.
946 1511 984 1540 In
1007 1509 1092 1539 nuda
1115 1509 1208 1540 humo
1233 1514 1287 1538 aut
1309 1510 1385 1539 (Iuro
1407 1511 1509 1540 limine

849 1560 916 1600 (cui
945 1559 1079 1589 suaviter
1108 1558 1273 1599 opponitur
1298 1559 1383 1588 molle
1413 1559 1509 1598 latus)

845 1608 1017 1649 jacebant;
1052 1606 1241 1647 PropertiuS,
1268 1606 1333 1636 III.
1357 1606 1423 1636 xiii.
1453 1609 1508 1645 163

851 1657 965 1686 Noster
983 1656 1050 1686 Art.
1066 1655 1139 1685 Ani.
1155 1654 1187 1685 ii.
1202 1657 1276 1685 238.
1299 1655 1400 1685 Stulte
1415 1655 1510 1686 etiam

847 1705 952 1746 januis
968 1706 1017 1735 vel
1035 1715 1140 1746 preces
1157 1703 1358 1740 adhibebant,
1377 1704 1425 1734 vel
1441 1715 1510 1734 con-

853 1756 926 1784 vicia
934 1754 1104 1796 jaciebant,
1120 1753 1211 1794 eique
1226 1753 1369 1783 imbrium
1385 1754 1512 1784 verbera

851 1804 1000 1844 ,Iovisque
1021 1803 1151 1833 fulmina
1166 1802 1434 1844 imprecabantur3
1457 1803 1510 1833 Ti-

851 1853 916 1883 bul.
934 1853 962 1882 I.
979 1852 1011 1882 ii.
1027 1854 1047 1882 (3
1061 1863 1130 1892 sqq.
1157 1850 1263 1880 Tristis
1276 1862 1352 1887 sera,
1368 1854 1510 1890 utjaiiua

852 1901 985 1941 difficilis
1000 1899 1083 1941 apud
1096 1899 1268 1935 Tibullum,
1283 1900 1312 1929 d.
1328 1900 1350 1929 1.

895 1951 967 1980 711.
989 1949 1219 1990 Surdiorsrelo.
1249 1948 1299 1978 De
1315 1948 1373 1978 hoc
1387 1959 1510 1989 prover-

850 1998 901 2029 bio
924 1998 995 2028 vide
1018 1997 1181 2027 Heinsium
1202 1996 1241 2026 ad
1260 1996 1293 2025 h.
1314 1995 1335 2026 1.
1381 1996 1511 2037 Surgens

852 2047 1008 2078 fluctibus.
1056 2046 1169 2075 Cadere
1184 2045 1222 2075 de
1238 2055 1350 2076 occasu
1365 2044 1512 2076 siderum.

854 2097 943 2126 Hoedi
971 2095 1041 2125 duae
1066 2094 1180 2129 stellae,
1207 2104 1285 2134 quas
1310 2104 1403 2123 manu
1428 2099 1513 2125 tenet

853 2144 974 2186 Auriga
986 2153 1079 2185 supra
1091 2142 1186 2173 Tauri
1201 2152 1326 2178 cornua,
1336 2153 1465 2183 quarum
1481 2150 1513 2174 et

853 2199 938 2224 ortus
959 2199 990 2224 et
1009 2202 1139 2223 occasus
1156 2191 1354 2232 gravissimas
1373 2191 1513 2222 excitant.

852 2246 1071 2283 tempestates3
1106 2239 1265 2270 Theocrit.
1297 2239 1346 2269 Id.
1377 2238 1430 2269 vii.
1459 2241 1512 2270 53.

854 2290 982 2320 Ferrum
1012 2289 1157 2318 Noricum
1194 2293 1261 2318 erat
1292 2286 1510 2328 praestantissi-

852 2349 955 2375 mum3
979 2336 1111 2372 Plinius,
1122 2335 1230 2367 xxxiv.
1250 2336 1309 2372 143
1332 2335 1405 2365 hine
1419 2335 1511 2365 Nori-

852 2398 904 2418 cus
926 2388 1001 2417 ensis
1021 2387 1130 2416 Horat.
1156 2385 1183 2415 Ι.
1210 2384 1273 2415 Od.
1296 2384 1359 2415 xvi.
1382 2384 1417 2414 9:
1446 2389 1512 2414 erat

853 2441 959 2466 autem
990 2434 1135 2465 Noricum
1164 2432 1282 2474 Illyrici
1310 2443 1391 2473 pars.
1441 2432 1512 2463 Saxi

853 2485 966 2514 radices
980 2493 1016 2514 ex
1033 2482 1187 2515 Lucretio,
1203 2481 1234 2511 ii.
1253 2482 1322 2510 102.
1368 2481 1428 2511 Pro
1443 2482 1511 2511 viva

856 2534 956 2563 radice
977 2538 1106 2567 tenetur,
1121 2530 1194 2560 olim
1214 2531 1265 2571 (ut
1285 2534 1332 2560 est
1349 2529 1381 2559 in
1401 2529 1513 2560 nostris

855 2581 1017 2611 codicibus
1038 2579 1163 2621 Regiis)
1179 2579 1330 2610 edebatur
1348 2580 1447 2608 vivum
1464 2589 1512 2608 ra-

857 2632 921 2661 dice
946 2636 1082 2660 tenetur:
1119 2634 1149 2659 et
1175 2638 1257 2669 saepe
1283 2629 1351 2657 viva
1374 2637 1455 2664 saxa,
1478 2633 1512 2657 ut

858 2678 910 2708 vii.
924 2679 996 2709 204.
