1779 3130
240 161 324 201 474

623 158 673 198 P.
707 156 915 197 OVIDII
950 155 1228 196 NASONIS

244 274 415 320 Ullum
432 273 591 334 majus
612 287 753 333 opus,
771 285 922 332 quam
940 270 1073 332 quod
1095 276 1235 332 pater
1252 268 1419 315 extitit
1436 269 1600 330 hujus

245 349 451 397 Scilicet
476 364 733 411 aequoreos
759 349 872 410 plus
894 354 971 394 est
994 347 1246 392 domuisse
1273 345 1558 399 Britannos,

242 425 441 488 Perque
467 424 735 488 papyriferi
761 425 1060 487 septemflua
1082 424 1288 469 flumina
1314 422 1416 468 Nili

241 502 486 550 Victrices
512 503 674 564 egisse
700 510 847 558 rates,
877 501 1226 563 Numidasque
1250 500 1478 554 rebelles,

245 579 654 642 Cinyphiumque
670 579 698 625 J
705 580 869 635 ubam,
893 578 1331 639 Mithridate'iSque
1352 584 1627 623 tumentem

244 654 542 702 Nominibus
565 655 798 709 Pontum,
816 655 1000 718 populo
1026 654 1271 717 adjecisse
1298 652 1505 708 Quirini,
1535 654 1629 698 756

244 730 311 778 Et
336 733 516 779 multos
543 734 797 787 meruisse,
827 733 1021 795 aliquos
1047 731 1209 793 egisse
1235 730 1528 792 triumphos,

243 808 405 863 Quam
432 817 624 856 tantum
650 810 881 870 genuisse
907 808 1078 863 virum,
1108 824 1206 870 quo
1232 806 1442 869 praeside
1467 819 1631 850 rerum

243 884 476 933 Humano
501 886 684 949 generi,
709 885 903 949 Superi,
931 884 1132 931 cavistis
1154 883 1372 930 abunde.

243 961 322 1009 Ne
346 962 472 1010 foret
494 963 574 1010 hic
600 962 747 1025 igitur
765 962 959 1009 mortali
985 961 1172 1008 semine
1198 967 1378 1014 cretus,

1533 959 1629 1003 760

241 1037 334 1086 Ille
361 1039 500 1086 Deus
524 1039 783 1086 faciendus
805 1045 938 1086 erat:
975 1038 1110 1100 quod
1132 1044 1188 1083 ut
1212 1052 1361 1084 aurea
1384 1035 1507 1081 vidit

243 1115 413 1164 AEneae
439 1116 655 1178 genitrix
676 1135 686 1171 ;
728 1116 848 1163 vidit
873 1132 1073 1179 quoque
1099 1115 1237 1162 triste
1263 1113 1424 1177 parari

246 1193 479 1240 Pontifici
503 1194 676 1249 letum,
705 1202 755 1242 et
779 1196 1036 1257 conjurata
1061 1209 1197 1241 arma
1221 1192 1422 1238 moveri.

246 1268 449 1325 Palluit,
470 1278 519 1317 et
543 1271 752 1326 cunctis,
775 1277 829 1317 ut
844 1271 1025 1334 cuique
1041 1278 1147 1318 erat
1171 1270 1330 1324 obvia,
1359 1268 1516 1323 Divis,

247 1351 279 1369 “
304 1346 539 1410 Aspice‚”
559 1348 774 1403 dicebat,
805 1355 834 1372 “
852 1356 1039 1411 quanta
1064 1348 1183 1396 mihi
1209 1348 1336 1394 mole
1362 1352 1597 1410 parentur

245 1422 464 1479 Insidiae,
483 1432 771 1487 quantaque
793 1433 945 1489 caput
965 1443 1079 1473 cum
1094 1425 1265 1472 fraude
1282 1431 1494 1487 petatur,
1533 1423 1628 1468 766

247 1499 392 1554 Quod
412 1501 474 1548 de
502 1501 753 1549 Dardanio
780 1503 939 1549 solum
966 1502 1084 1549 mihi
1110 1509 1265 1549 restat
1290 1501 1415 1547 Iulo.

248 1576 429 1624 Solane
456 1593 652 1641 semper
677 1595 759 1625 ero
784 1579 933 1641 justis
959 1579 1182 1626 exercita
1205 1578 1364 1625 curis?

247 1652 408 1707 Quam
434 1655 579 1701 modo
605 1654 814 1718 Tydidae
842 1656 1128 1720 Calydonia
1151 1657 1377 1703 vulneret
1402 1656 1571 1711 hasta3

247 1729 295 1777 N
299 1747 395 1778 unc
414 1732 543 1779 male
562 1732 778 1780 defensae
795 1733 1102 1781 confundant
1126 1733 1306 1780 moenia
1324 1731 1507 1794 Trojae:
1538 1734 1633 1778 770

247 1804 371 1860 Quae
396 1808 591 1856 videam
617 1817 788 1856 natum
812 1811 973 1871 longis
999 1810 1244 1857 erroribus
1266 1817 1431 1856 actum

245 1963 396 1992 domuisse.
427 1962 558 1993 Lenzius
570 1968 667 1994 totum
685 1963 787 1994 locum
806 1975 903 2005 usque

247 2009 286 2039 ad
301 2011 418 2040 cavistts
438 2012 554 2041 abunde
575 2010 794 2052 interrogative
809 2013 903 2054 capit.

246 2058 308 2089 Sed
329 2058 386 2090 hoc
409 2070 468 2090 non
488 2059 613 2102 patitur,
634 2061 750 2102 opinor,
767 2062 803 2092 τὸ
823 2063 902 2092 scili<

246 2114 301 2137 cet.
338 2110 440 2140 Vertit
455 2116 558 2140 tamen
574 2109 618 2140 sic
634 2116 665 2140 et
681 2109 814 2141 Rodius.
850 2111 905 2141 AE-

245 2168 372 2197 quoreos,
403 2169 526 2200 aequore
551 2158 683 2189 cinctos.
742 2159 906 2200 Papyrffer

249 2207 342 2238 Nilus
360 2209 454 2239 etiam
469 2208 561 2239 Trist.
576 2208 639 2238 Ill.
652 2219 682 2238 x.
695 2209 748 2239 ⁴27.
795 2209 904 2239 Numi-

246 2258 298 2286 das
316 2259 446 2293 rebelles,
463 2257 516 2299 qui
532 2258 644 2298 jugum
667 2257 803 2298 recipere
819 2258 903 2288 nole-

245 2306 332 2341 bant,
348 2307 403 2337 sed
424 2317 545 2349 semper
565 2307 778 2341 excutiebant,
795 2313 825 2337 et
841 2307 905 2348 qui,

246 2354 327 2385 ana
364 2356 456 2391 duce,
485 2366 570 2386 arma
606 2362 714 2386 contra
751 2356 905 2387 Caesarem

244 2411 455 2446 sumpserunt.
503 2405 695 2445 Cinyphiam,
713 2404 906 2440 Africanum,

236 2467 258 2499 a*
295 2454 417 2497 Cinype
447 2454 561 2485 Africae
596 2454 710 2491 fluvio;
747 2454 801 2484 vii.
832 2456 904 2484 272.

239 2505 433 2547 Nmff-inilflfflr
463 2503 560 2545 gloria
588 2509 619 2533 et
646 2503 739 2533 sama.
786 2504 907 2544 Aliquos

237 2567 338 2607 egisse·
364 2552 546 2600 Quinquies
555 2551 756 2593 triumphavit
771 2564 778 2589 3
793 2562 905 2604 nempe

239 2618 350 2654 quater
372 2602 489 2642 eou'gm
518 2610 622 2632 mense
651 2606 721 2641 post
748 2600 905 2631 devictum

240 2661 425 2703 Scipionem,
448 2664 479 2689 et
510 2660 615 2684 rursus
642 2649 737 2679 semel
762 2655 831 2690 post
853 2661 901 2680 su-

241 2715 361 2752 peratos
390 2704 528 2748 Pompeii
560 2698 695 2731 liberos3
727 2698 903 2732 Suetonius.

972 1967 1055 1997 Caes.
1072 1965 1124 1995 37.
1171 1965 1308 1998 Cavistis,
1329 1962 1542 2004 prospexistiS,
1560 1972 1634 1992 con-

972 2013 1121 2046 suluistis,
1166 2013 1270 2053 Vulgo
1296 2011 1393 2053 (etin
1415 2011 1526 2052 Regiis
1547 2010 1632 2041 codi-

973 2061 1077 2099 cibus)
1088 2062 1215 2103 juvistis
1233 2062 1360 2096 abunde,
1377 2060 1459 2102 quod
1482 2059 1572 2090 fluxit
1594 2070 1631 2090 ex

973 2110 1224 2152 interpretatione
1239 2111 1295 2140 τοῦ
1309 2111 1436 2140 cat-istis.
1464 2108 1634 2140 Mitscher-

973 2159 1084 2190 lichius
1116 2160 1209 2190 verba
1246 2161 1322 2189 vidit
1355 2162 1633 2198 quoque—moveri

973 2208 1068 2249 signis
1089 2208 1309 2249 parentheseos
1332 2206 1469 2243 inclusit,
1493 2207 1576 2249 quod
1604 2215 1634 2239 et

974 2257 1026 2287 alii
1041 2257 1161 2288 fecere:
1185 2258 1278 2292 male,
1295 2267 1365 2288 nam
1384 2258 1497 2296 palluit
1520 2257 1558 2288 ad
1575 2257 1631 2288 hoc

974 2307 1144 2336 membrum
1160 2306 1306 2347 pertinet.

1018 2356 1091 2385 769.
1109 2356 1203 2389 Quam
1221 2358 1302 2386 modo
1320 2355 1452 2396 Tydidoe,
1467 2356 1545 2396 etc.]
1570 2357 1634 2388 Ve-

975 2415 1032 2434 nus
1047 2404 1210 2435 vulnerata
1237 2404 1402 2434 Diomedis
1423 2405 1522 2434 hasta.
1568 2405 1634 2435 Ho-

974 2463 1086 2488 merus,
1100 2452 1141 2483 ΙΙ.
1160 2457 1195 2484 Ε.
1209 2454 1283 2484 335.
1311 2453 1404 2483 Bothe
1416 2452 1512 2483 dabat
1527 2452 1631 2494 legen-

973 2502 1060 2538 dum,
1086 2504 1240 2533 vulnerat.
1282 2503 1471 2543 Calydonia;
1496 2502 1566 2534 vide
1593 2504 1632 2533 ad

974 2551 1036 2581 xiv.
1047 2552 1120 2582 513.
1157 2551 1365 2592 Corgfundant,
1380 2551 1497 2592 pudore
1512 2551 1631 2582 suffun-

973 2600 1060 2632 dant.
1109 2600 1185 2630 Cum
1202 2601 1342 2637 Junane3
1369 2610 1406 2630 ea
1420 2600 1501 2631 enim
1518 2600 1631 2642 impul-

973 2660 1024 2679 sus
1038 2649 1160 2679 Turnus
1173 2659 1257 2679 arma
1272 2655 1422 2679 moverat.
