1779 3130
230 186 314 227 3:32

214 299 587 350 ‚Combiberan
629 307 841 347 tractata
865 301 1018 347 comis
1044 301 1268 348 antistita
1292 301 1469 347 Phoebi

603 187 653 226 P.
685 185 899 227 OVIDII
931 186 1210 229 NASONIS

1522 303 1619 347 410

234 375 348 422 Non
375 376 679 438 profecturas
705 378 945 424 tendebat
969 378 1032 424 ad
1058 379 1243 425 aethera
1266 379 1474 441 palmaS.

237 451 549 499 Dardanidas
575 459 757 500 matres
783 453 1053 516 patriorum
1080 454 1221 516 signa
1248 454 1484 510 Deorum,

236 527 369 574 Dum
387 529 519 584 licet,
537 530 813 592 amplexas,
832 546 1175 593 succensaque
1191 531 1378 594 templa
1393 538 1619 578 tenentes

233 603 482 651 Invidiosa
506 606 709 652 trahunt
732 606 941 652 victores
967 607 1172 669 praemia
1197 607 1350 654 Graii.

233 679 453 727 Mittitur
479 681 741 745 Astyanax
765 682 861 728 illis
887 683 949 730 de
975 683 1208 739 turribus,
1235 684 1365 730 unde

1521 686 1619 730 415

231 756 547 819 Pugnantem
574 774 662 821 pro
689 774 758 812 se,
786 759 1109 822 proavitaque
1137 776 1287 821 regna
1311 767 1535 807 tuentem

235 833 379 897 Saepe
403 834 569 881 videre
596 842 788 898 patrem
817 843 1149 883 monstratum
1175 853 1203 883 a
1227 844 1384 883 matre
1411 837 1617 883 solebat.

231 909 446 973 Jamque
472 912 601 958 viam
626 913 804 959 suadet
830 913 1043 970 Boreas3
1085 914 1308 977 flatuque
1334 913 1552 960 secundo

274 1066 348 1096 410.
375 1066 519 1097 Traclala
543 1067 671 1108 antique
694 1078 760 1109 pr0,
778 1073 890 1104 tracta,

230 1120 332 1155 rapta.
379 1116 532 1157 Exempla
550 1127 567 1147 e
586 1117 704 1147 Pacuv.
721 1117 844 1147 Lucret.
860 1124 891 1147 et

230 1163 330 1194 Ennio
349 1164 444 1195 habet
468 1165 625 1196 Heinsius.
671 1166 775 1196 Etiam
797 1168 890 1196 antis-

231 1215 287 1242 tita
304 1213 431 1254 antique
448 1225 513 1255 pro,
530 1215 670 1250 antistes,
687 1215 832 1246 sacerdos
847 1216 891 1246 fe-

229 1260 333 1299 mina3
357 1268 388 1292 et
407 1262 535 1293 miratur
556 1264 690 1299 Gellius,
708 1264 803 1294 Noct.
821 1264 891 1296 Att.

229 1309 294 1340 xiii.
309 1311 361 1341 20.
385 1310 486 1352 ipsum
511 1313 708 1349 Ciceronem,
733 1313 785 1354 qui
808 1313 890 1344 inso-

228 1358 340 1389 lentias
357 1361 517 1390 verborum
535 1371 552 1391 a
568 1361 723 1392 veteribus
738 1362 890 1392 dictorum

228 1407 336 1438 sedulo
365 1409 529 1450 respuerit,
557 1410 647 1450 hujus
673 1416 778 1440 tamen
804 1411 890 1441 verbi

228 1456 330 1486 sonitu
356 1456 546 1487 delectatum
569 1467 635 1488 esse
661 1458 751 1488 Verr.
774 1459 815 1488 iv.
835 1460 888 1489 45.

228 1504 418 1545 Intelligitnr
434 1512 536 1536 autem
552 1506 584 1535 h.
603 1506 624 1536 l.
659 1507 836 1537 Cassandra
851 1508 889 1537 ab

228 1552 338 1593 Ajace,
355 1553 437 1584 Oilei
461 1554 534 1589 filio,
556 1565 571 1584 e
596 1555 748 1585 Minervae
775 1556 889 1597 templo

228 1601 403 1640 abstracta3
437 1603 508 1633 vide
539 1603 680 1645 Euripid.
709 1604 822 1634 Troad.
849 1605 888 1636 69

227 1660 303 1690 sqq;
319 1650 431 1691 virgil.
446 1652 519 1681 AEn.
534 1651 565 1682 ii.
580 1653 651 1682 403.
667 1663 759 1694 quem
776 1653 889 1684 Noster

226 1704 298 1729 ante
315 1700 420 1729 oculos
433 1699 561 1730 habuit:
580 1705 600 1717 “
613 1701 696 1731 Ecce
708 1701 889 1732 trahebatur

226 1747 324 1788 passis
340 1748 495 1779 Priameia
511 1749 595 1790 virgo
613 1749 759 1780 Crinibus
779 1760 797 1779 a
811 1756 888 1780 tem-

227 1796 278 1836 plo
308 1797 496 1834 Cassandra,
527 1799 692 1840 adytisque
722 1799 887 1835 Minervae,

225 1844 278 1874 Ad
303 1845 419 1876 coelum
446 1846 577 1877 tendens
603 1847 745 1877 ardentia
769 1847 889 1878 lumina

226 1893 358 1924 frustra:
384 1895 539 1928 Luminaz
563 1906 635 1926 nam
659 1902 781 1926 teneras
803 1907 887 1927 arce-

226 1941 304 1972 bant
327 1943 453 1974 vincula
479 1944 635 1985 palmas.'’
682 1944 756 1974 Erat
782 1952 887 1975 autern

225 1991 396 2022 secundum
413 1992 533 2024 Arctin.
566 1993 718 2023 Minervae
736 1994 889 2029 antistita,

226 2039 280 2069 sed
293 2050 311 2069 a
326 2039 431 2071 Pltoebo
445 2040 636 2071 vaticinandi
653 2046 750 2071 artem
767 2041 887 2073 edocta.

269 2089 344 2118 412.
364 2089 561 2119 Dardanidas
576 2096 693 2124 mati-es,
705 2090 782 2129 eta]
803 2090 885 2132 Cap-

225 2135 303 2167 tivas
320 2137 465 2168 mulieres
480 2138 520 2168 ad
541 2137 766 2168 Scamandrum
788 2139 883 2169 duce-

225 2185 314 2220 bant,
346 2186 388 2216 ibi
418 2186 665 2217 distribuendas:
697 2187 884 2218 desiderium

224 2236 332 2275 patriae
352 2235 496 2276 religiose
517 2235 733 2271 declarabant,
749 2237 886 2277 amplec-

224 2283 327 2313 tendis
344 2294 381 2314 ex
407 2295 489 2314 more
508 2291 646 2315 veterum
669 2285 723 2315 tali
748 2291 884 2326 tempore

224 2331 320 2372 signis
346 2332 496 2368 Deorum,
521 2339 581 2363 etc.
636 2334 691 2363 1.)ιὶ
715 2336 810 2373 patrii
836 2335 884 2364 vel

224 2382 370 2414 Penates,
388 2381 436 2411 vel
454 2382 506 2411 Dii
524 2381 684 2423 ἐγχώριοι.
731 2382 883 2412 Inricliosa

223 2429 307 2459 varie
326 2429 425 2471 accipi
438 2436 549 2471 potest,
562 2430 611 2460 vel
625 2441 755 2471 quorum
767 2431 885 2472 species

224 2477 347 2518 ingrata
368 2484 398 2508 et
418 2478 525 2513 tristis,
543 2484 577 2509 ut
592 2490 622 2509 v.
639 2479 722 2515 5733
747 2479 795 2509 vel
814 2490 882 2520 quae

224 2526 374 2556 invidiam
391 2527 549 2558 faciebant
565 2528 644 2558 inter
659 2538 722 2563 eos,
739 2539 756 2558 a
771 2528 884 2569 quibus

222 2576 458 2615 expetebantur,
471 2582 505 2606 ut
517 2575 559 2606 ix.
571 2576 639 2606 init.
651 2587 711 2616 spes
724 2578 753 2606 in
760 2578 882 2614 vidiosr1;

223 2623 272 2652 vel
290 2623 423 2664 denique
440 2636 508 2666 qure
529 2625 599 2655 odio
617 2626 881 2666 prosequebantur

222 2678 366 2701 victores.

266 2720 337 2750 415.
355 2722 519 2761 Astyanax,
533 2722 680 2762 parvulus
698 2723 779 2753 filius
795 2723 877 2754 Hec-

959 1068 1045 1104 toris,
1064 1068 1193 1099 consilio
1211 1074 1242 1100 et
1262 1079 1355 1100 manu
1380 1067 1502 1109 L‘lyssis
1526 1070 1620 1098 mitti-

960 1125 1021 1153 tur,
1044 1118 1267 1160 praecipitatur,
1291 1118 1329 1148 de
1354 1118 1488 1148 turribus
1510 1118 1619 1158 Troja-

959 1166 1018 1202 nis,
1032 1167 1106 1207 quia
1121 1167 1302 1197 metuebant
1315 1166 1430 1202 Graeci,
1444 1176 1482 1196 ne
1494 1165 1620 1207 quando

959 1225 1088 1256 regnum
1104 1215 1270 1256 Trojanum
1288 1215 1483 1252 restitueret3
1499 1213 1621 1245 Arctin.

959 1275 990 1305 p.
1021 1265 1081 1301 383
1126 1264 1262 1294 Lesclies
1300 1263 1383 1304 apud
1421 1263 1620 1299 Pausaniam,

959 1324 989 1354 p.
1003 1313 1062 1342 861
1077 1324 1084 1349 3
1102 1312 1243 1354 Euripid.
1254 1311 1367 1342 Troad.
1378 1312 1451 1342 720.
1462 1317 1493 1342 et
1504 1311 1577 1342 Act.
1591 1323 1620 1342 v.

964 1360 1050 1391 Unde
1074 1363 1172 1391 ridere
1191 1362 1310 1396 solebat,
1326 1366 1386 1391 etc.
1403 1360 1473 1390 vide
1495 1360 1535 1390 ad
1556 1360 1621 1392 viii.

959 1411 1010 1440 21.
1057 1409 1257 1440 Consuetudo
1277 1410 1320 1440 ibi
1339 1416 1446 1440 notata
1465 1410 1619 1450 suggessit

958 1464 1057 1499 poetae
1085 1459 1280 1489 commodam
1307 1459 1387 1488 lianc
1412 1458 1618 1488 circumlocu-

958 1506 1083 1538 tionem.
1131 1506 1291 1548 Expressit
1313 1507 1462 1537 Nostrum
1485 1507 1618 1542 Seneca,

957 1557 1072 1586 Troad.
1090 1567 1167 1586 vers.
1186 1557 1407 1586 1066-1072.
1454 1556 1515 1585 Pro
1537 1566 1566 1585 se
1589 1561 1620 1586 et

958 1604 997 1635 ad
1015 1605 1182 1635 Hectorem
1201 1610 1232 1635 et
1249 1604 1289 1634 ad
1301 1604 1498 1645 Astyanacta
1512 1604 1619 1635 referri

957 1660 1068 1695 potest.
1115 1655 1270 1689 Ρνοαιτιέα,
1287 1663 1356 1694 quae
1373 1653 1425 1683 diu
1447 1654 1503 1683 sub
1521 1653 1617 1695 majo-

956 1703 1040 1733 ribus
1052 1703 1114 1734 suis
1125 1703 1301 1738 floruerant,
1311 1701 1450 1743 adeoque
1461 1702 1619 1733 carissima

956 1760 1023 1781 esse
1038 1750 1196 1781 debebant
1207 1751 1353 1781 Hectori:
1371 1750 1450 1780 bene
1466 1749 1560 1780 etiam
1577 1750 1617 1781 ad

956 1800 1115 1836 affectum,
1139 1806 1334 1830 monstratum
1358 1811 1376 1829 a
1398 1806 1516 1835 matre,·
1540 1799 1618 1830 talia

956 1860 1020 1880 non
1040 1849 1131 1880 facile
1155 1849 1285 1890 negligit
1303 1848 1463 1889 ingenium
1486 1848 1614 1879 Ovidii:

955 1898 1197 1929 Andromachen
1214 1904 1319 1928 autem
1336 1907 1406 1928 cum
1422 1897 1616 1938 Astyanacte

954 1948 1110 1989 spectasse
1134 1953 1309 1988 pugnantes
1332 1957 1348 1977 e
1373 1946 1460 1982 turri,
1485 1952 1616 1977 testatur

955 1996 1121 2030 Homerus,
1136 1996 1176 2027 Il.
1193 2000 1227 2026 Z.
1242 1997 1317 2026 372.
1334 2001 1365 2025 et
1380 1995 1453 2025 386.

997 2046 1069 2075 418.
1098 2045 1193 2080 Viam,
1210 2044 1453 2085 navigationem.
1490 2045 1614 2081 Suadet,

954 2100 1068 2129 monet,
1080 2100 1114 2124 ut
1131 2104 1225 2124 naves
1240 2093 1361 2124 solvant
1374 2105 1379 2122 :
1398 2093 1441 2123 sic
1455 2093 1615 2134 Virgilius,

954 2144 1030 2173 AEn.
1054 2143 1088 2173 ii.
1105 2144 1135 2173 9.
1150 2144 1332 2182 suadentque
1355 2143 1493 2172 cadentia
1517 2145 1615 2173 sidera

951 2203 1078 2222 sommus
1103 2192 1156 2221 sed
1172 2192 1353 2222 Burmanno
1369 2190 1543 2231 elegantior
1558 2191 1615 2222 eti-

953 2251 1003 2271 am
1020 2241 1142 2271 videtur
1165 2240 1258 2270 unius
1273 2239 1342 2270 cod.
1366 2239 1527 2270 Leidensis
1550 2240 1613 2271 lec-

953 2291 1007 2326 tio,
1025 2293 1101 2321 tiam
1126 2289 1420 2331 spondet,promittit
1435 2299 1614 2331 prosperum

953 2350 1089 2369 cursum.
1138 2339 1251 2369 Nat-ita
1274 2349 1328 2380 pro
1351 2338 1465 2379 plural.
1487 2337 1613 2375 navitae,

951 2394 1085 2418 rectores
1100 2388 1239 2418 navium.
1270 2388 1307 2418 In
1324 2386 1526 2428 sequentibus
1541 2397 1613 2417 cum

950 2437 1049 2466 multa
1060 2437 1212 2467 brevitate
1228 2436 1329 2466 multa
1341 2436 1432 2466 etiarn
1448 2435 1511 2466 vis:
1529 2447 1610 2466 oscu-

952 2486 1095 2515 labantur
1115 2493 1145 2516 et
1166 2496 1276 2516 novam
1294 2485 1436 2526 patriam,
1453 2494 1548 2525 quarn
1564 2484 1612 2515 in—

951 2534 1171 2574 grediebantur
1205 2533 1266 2573 (iii.
1293 2533 1363 2571 24.)
1401 2538 1433 2563 et
1463 2538 1609 2569 veterem,

951 2593 1044 2622 quam
1061 2582 1289 2623 relinquebant.
1326 2581 1429 2612 Etiam
1446 2581 1530 2622 apud
1545 2582 1608 2612 Eu-

949 2630 1091 2672 ripidem,
1116 2630 1230 2661 'l‘romL
1255 2630 1287 2660 in
1314 2630 1400 2660 abitu
1428 2629 1607 2660 Graecorum

937 2679 1069 2718 firmans
1083 2679 1177 2710 Ilium
1193 2678 1393 2709 describitur:
1417 2689 1482 2709 ver.
1499 2679 1529 2708 8.
1546 2680 1608 2710 νῦν

946 2730 1141 2759 καπνοῦται·
1167 2738 1229 2758 ver.
1253 2728 1323 2758 146.
1344 2726 1475 2768 τύφεται
1493 2725 1607 2757 Ἴλιον·
