1779 3130
224 164 309 206 216

619 164 669 205 P.
703 162 917 204 OVIDII
950 162 1233 204 NASONIS

224 277 318 325 Illa
342 285 488 325 novat
512 277 721 334 formas3
763 278 922 325 donec
949 293 1039 324 sua
1061 278 1285 324 membra
1309 277 1464 324 teneri

225 354 406 408 Sentit,
434 361 484 401 et
507 354 556 399 in
581 361 748 417 partes
774 354 993 402 diversas
1018 354 1221 401 brachia
1244 354 1398 401 tendi.

222 429 350 476 Tum
386 430 585 476 demum
616 430 886 491 ingemuit:
927 431 1186 494 “neque,”
1221 431 1304 488 ait,
1336 429 1491 476 “sine
1523 446 1611 476 nu—

421 506 555 553 mine
579 506 734 553 vincis
754 507 798 554 :”

1426 506 1611 567 [he1·os‚

222 581 463 629 Exhibita
499 590 675 645 estque
717 582 917 630 Thetis:
973 583 1255 631 confessam
1294 582 1612 645 amplectitur

223 657 290 705 Et
315 659 500 721 potitur
523 659 666 715 votis,
693 659 985 721 ingentique
1010 659 1187 723 implet
1214 659 1423 705 Achille.

1513 660 1609 704 265

288 734 408 781 VII.
449 734 591 782 Felix
616 743 665 781 et
690 742 833 791 nato;
874 735 994 782 felix
1019 743 1070 782 et
1095 737 1308 798 conjuge
1334 734 1541 790 Peleus3

223 810 290 856 Et
314 811 409 866 cui,
439 811 479 856 si
504 811 674 857 demas
695 811 910 873 jugulati
936 812 1142 858 crimina
1167 812 1342 865 Phoci,

225 887 408 933 Omnia
432 887 767 948 contigerant!
809 887 1047 935 Fraterno
1074 888 1314 949 sanguine
1341 895 1551 943 sontem,

224 963 610 1027 Expulsumque
634 964 781 1010 domo
807 964 968 1027 patria
991 964 1256 1011 Trachinia
1278 965 1428 1011 tellus

266 1093 342 1123 264.
369 1092 509 1123 Eihibita
521 1100 573 1128 est,
584 1098 617 1123 ut
628 1093 669 1122 vi.
685 1094 738 1123 44.
753 1092 882 1123 Pallada

223 1142 367 1177 exhibuit,
386 1141 527 1183 deposita
546 1141 677 1172 mentita
695 1142 794 1182 figura
810 1143 883 1173 Pal-

222 1191 303 1222 ladis
313 1191 439 1222 sormam
448 1202 550 1222 rursus
560 1191 702 1232 sumpsit.
717 1191 884 1233 Confessam

223 1240 333 1271 eodem
363 1240 464 1277 redit;
497 1240 539 1270 iii.
563 1242 594 1270 2.
620 1241 742 1282 Jupiter
768 1252 795 1272 se
816 1254 883 1272 con-

214 1289 315 1330 fessus
339 1296 416 1319 erut.
474 1289 585 1330 Ingens
605 1289 732 1320 solenne
759 1289 885 1321 heroum

224 1337 383 1379 epitheton
398 1344 522 1379 propter
538 1337 674 1379 corporis
695 1338 884 1379 magnitudi-

224 1396 307 1421 nem,
335 1396 429 1427 quam
457 1385 494 1416 iis
531 1386 635 1427 prisca
662 1393 737 1416 aetas
768 1387 886 1418 tribuit.

223 1436 307 1466 Hinc
329 1439 433 1477 ingens
455 1436 563 1466 AEneas
579 1435 723 1476 Virgilio,
738 1436 782 1466 vi.
800 1437 861 1467 413
877 1448 884 1474 3

224 1486 331 1525 ingens
348 1484 520 1514 Idomeneus
536 1484 729 1514 Sthenelusve
745 1485 885 1520 Horatio,

223 1532 284 1564 IV.
301 1533 361 1563 Od.
377 1532 422 1563 ix.
442 1534 492 1563 19.
539 1532 600 1563 Sed
621 1532 678 1563 hoc
694 1533 762 1563 loco
778 1533 884 1564 malim

225 1581 263 1612 ad
279 1581 431 1622 insignem
450 1581 661 1612 fortitudinem
680 1581 804 1617 referre,
823 1593 886 1623 qua

224 1630 338 1661 enituit
360 1629 514 1660 Achilles.
558 1630 608 1660 Sic
636 1629 795 1667 Horatius,
818 1631 884 1661 III.

225 1678 289 1709 Od.
313 1679 355 1709 vi.
381 1679 435 1709 35.
453 1681 558 1719 ingens
580 1679 744 1709 Antiochus
762 1685 887 1721 propter

225 1739 298 1769 opes
313 1728 474 1770 ingentes3
498 1738 591 1768 supra
607 1727 671 1758 viii.
687 1728 761 1758 309.
783 1732 886 1770 magni

226 1784 342 1808 creator
361 1778 498 1808 Achillis.
545 1776 662 1816 Implet.
678 1777 720 1807 ix.
735 1778 807 1808 280.
825 1778 886 1808 Im-

223 1827 324 1866 plemt
341 1833 459 1857 uterum
471 1837 608 1867 generoso
621 1828 766 1867 germine.
802 1826 886 1857 Hine

226 1877 373 1907 mulieres
398 1875 534 1915 gravidae
562 1877 666 1915 plemr,
696 1882 731 1906 ut
756 1887 787 1905 x.
813 1877 887 1906 469.

228 1926 355 1966 Myrrha
374 1926 462 1964 plena
482 1926 590 1964 patris.
638 1924 793 1954 Caeterum
814 1925 886 1955 Cle-

227 1976 309 2006 ricus
325 1975 364 2005 ad
381 1973 553 2004 Hesiodum
571 1973 692 2013 Theog.
709 1984 775 2003 ver.
795 1974 886 2005 1004.

227 2025 413 2066 suspicatur,
437 2023 533 2053 Pelea
557 2022 714 2053 Achillem
738 2032 776 2052 ex
800 2033 832 2053 se
857 2029 888 2053 et

227 2073 334 2114 ignota
351 2073 444 2113 vulgo
466 2078 562 2102 matre
588 2077 695 2101 natum
715 2071 887 2108 sustulisse,

229 2128 283 2152 aut
299 2133 316 2152 e
339 2121 410 2151 fano
432 2121 574 2161 Neptuni
592 2119 814 2156 Nereidumve,
834 2128 888 2151 aut

229 2181 267 2201 ex
283 2170 349 2211 ipso
365 2169 454 2200 litore
472 2169 575 2199 maris.

272 2219 453 2250 266—409.
478 2218 585 2248 Peleus
609 2217 680 2248 exul
699 2216 739 2247 ad
767 2217 889 2258 Ceycem

228 2268 321 2309 fugit.
367 2267 417 2297 De
436 2267 511 2308 lupo
534 2272 654 2296 mutato
676 2265 757 2296 conf.
781 2266 887 2297 Schol.

230 2315 440 2358 Lycophronis
469 2315 509 2345 ad
541 2325 603 2345 ver.
636 2316 706 2345 175.
735 2314 787 2355 qui
817 2324 888 2344 cum

229 2366 344 2396 Nostro
360 2363 525 2398 consentit,
541 2369 573 2393 et
584 2362 887 2393 Anton.Liberalem

230 2415 284 2444 38.
302 2413 355 2454 qui
375 2411 529 2442 dissentit.
574 2410 692 2442 Eadem
712 2417 889 2441 narraverat

229 2468 261 2492 et
287 2460 464 2491 Dorotheus
487 2460 519 2490 in
542 2460 677 2490 Metam.
696 2465 730 2489 ut
752 2470 789 2489 ex
813 2459 887 2489 Plu-

230 2510 330 2540 tarch.
357 2508 460 2550 paral.
485 2508 559 2538 min.
587 2519 618 2549 p.
645 2509 718 2538 311.
748 2513 888 2549 apparet.

229 2558 396 2599 Euripides
414 2557 502 2588 Pelei
523 2557 650 2588 exilium
672 2562 889 2597 argumentum

229 2607 343 2637 fabulae
364 2605 489 2637 fecerat.
533 2606 583 2635 De
604 2616 640 2636 eo
655 2605 727 2636 vide
743 2610 774 2635 et
788 2603 886 2646 Apol-

231 2655 330 2686 lodor.
344 2654 407 2684 ΠΙ.
423 2653 488 2683 xiii.
509 2655 519 2683 l
538 2664 587 2694 sq.

274 2704 349 2735 267.
373 2702 517 2744 Jugulum·
532 2704 659 2733 crimina
679 2701 802 2741 Phoci]
817 2701 886 2732 Cae-

949 1093 1020 1124 dem
1036 1094 1117 1125 hanc
1132 1093 1186 1124 diu
1200 1101 1271 1124 ante
1284 1104 1350 1124 esse
1368 1093 1495 1126 factam,
1513 1104 1606 1134 quam

949 1143 1085 1174 Thetida
1110 1143 1247 1178 duceret,
1271 1153 1364 1183 supra
1387 1143 1453 1184 jam
1482 1142 1522 1172 ad
1550 1152 1613 1172 ver.

951 1194 1025 1223 229.
1045 1192 1235 1222 monuimus.
1281 1193 1431 1222 Telamon
1451 1199 1483 1221 et
1508 1192 1614 1221 Peleus

952 1242 1052 1271 fflaco
1077 1241 1142 1270 nati
1168 1247 1254 1271 erant
1277 1252 1314 1270 ex
1342 1240 1493 1275 Endeide‚
1519 1251 1613 1281 quam

958 1289 1130 1320 Pausanias
1157 1289 1303 1324 Scironis,
1331 1289 1539 1330 Apollodorus
1561 1299 1614 1319 au-

955 1343 1017 1367 tem
1049 1337 1190 1368 Chironis
1219 1337 1314 1367 filiam
1348 1337 1449 1374 dicit3
1498 1338 1615 1367 Phocus

954 1396 1024 1416 vero
1037 1397 1075 1416 ex
1091 1386 1271 1421 Psamatbe,
1283 1386 1376 1416 Nerei
1389 1385 1464 1421 filia,
1474 1385 1615 1416 Thetidis

954 1445 1065 1465 sorore.
1117 1435 1148 1464 Is
1178 1435 1314 1470 Phocus,
1344 1435 1452 1465 relicta
1484 1434 1614 1475 ngina,

955 1490 1042 1514 terrae
1066 1484 1132 1525 ejus
1161 1483 1200 1515 ad.
1230 1484 1430 1519 Parnassum,
1458 1494 1527 1524 quae
1547 1484 1614 1524 jam

956 1533 995 1563 ab
1018 1533 1192 1574 antiquiore
1215 1533 1351 1574 quodam
1373 1533 1490 1568 Phoco,
1512 1533 1615 1572 Orny-

954 1581 1045 1611 tionis
1063 1581 1137 1617 filio,
1159 1581 1306 1612 Phocidis
1330 1592 1441 1612 nomen
1465 1581 1616 1617 habebat,

953 1640 1083 1671 regnum
1099 1630 1241 1672 adeptus,
1260 1630 1344 1666 fecit,
1360 1636 1395 1661 ut
1414 1630 1505 1661 etiam
1524 1641 1614 1671 prox-

954 1680 1017 1710 ima
1045 1680 1115 1711 loca
1144 1680 1291 1710 Phocidis
1319 1680 1442 1710 nomine
1477 1689 1614 1721 compre-

954 1728 1174 1759 henderentur.
1197 1728 1258 1759 Sed
1275 1729 1394 1764 fratres,
1404 1729 1468 1759 sive
1485 1738 1503 1758 a
1516 1733 1615 1758 matre

955 1776 1096 1808 Endeide
1118 1776 1288 1812 sollicitati,
1313 1776 1378 1807 sive
1400 1787 1455 1807 suo
1479 1776 1615 1818 ipsorum

954 1826 1025 1857 odio
1040 1826 1176 1868 impulsi,
1187 1837 1285 1867 quum
1302 1826 1454 1861 viderent,
1465 1835 1535 1856 eum
1550 1835 1613 1866 prae

954 1875 1029 1917 ipsis
1056 1875 1153 1906 amari
1178 1886 1196 1905 a
1220 1882 1317 1917 patre,
1347 1875 1519 1905 invitarunt
1543 1884 1615 1904 eum

955 1924 1123 1964 aliquando
1140 1924 1298 1965 EEginam,
1315 1930 1349 1954 ut
1367 1923 1450 1954 ludis
1469 1930 1500 1953 et
1516 1929 1614 1953 certa-

954 1973 1099 2008 minibus,
1127 1972 1239 2014 quibus
1267 1973 1321 2003 ille
1353 1972 1539 2007 excellebat,
1569 1971 1615 2001 in-

955 2026 1103 2059 teresset3
1132 2021 1232 2062 iisque
1259 2020 1430 2051 commissis
1453 2020 1539 2050 disco
1562 2027 1616 2050 aut

955 2070 1023 2100 rudi
1039 2080 1113 2101 saxo
1129 2070 1253 2100 fratrem
1270 2075 1496 2111 percusserunt.
1530 2069 1613 2099 Prae-

955 2119 1062 2160 cipuas
1085 2118 1117 2149 iu
1140 2129 1177 2149 ea
1202 2118 1288 2149 caede
1312 2125 1415 2160 partes
1437 2118 1614 2149 Telamonis

956 2167 1050 2198 fuisse
1066 2168 1273 2209 Apollodorus
1291 2174 1407 2201 narrat,
1427 2167 1513 2198 Pelei
1531 2168 1615 2197 Pau-

955 2217 1068 2247 sanias.
1112 2217 1215 2247 Ambo
1231 2217 1326 2257 igitur
1345 2216 1466 2258 expulsi
1487 2221 1559 2246 sunt
1575 2217 1614 2246 ab

956 2266 1068 2296 AEaco.
1115 2265 1214 2296 Phoci
1231 2265 1407 2307 sepulcrum
1423 2264 1507 2306 apud
1522 2264 1612 2305 AEgi-

956 2320 1044 2344 netas
1059 2313 1291 2349 ostendebatur,
1303 2312 1446 2354 imposito
1455 2322 1540 2348 saxo,
1554 2323 1615 2353 quo

956 2373 1119 2403 percussus
1149 2369 1233 2401 erat3
1271 2361 1445 2393 Pausanias
1474 2361 1614 2392 Corinth.

955 2422 986 2451 p.
1004 2412 1062 2441 177
1077 2418 1108 2442 et
1126 2412 1207 2449 1793
1236 2411 1334 2442 Phoc.
1354 2422 1387 2452 p.
1404 2411 1487 2440 872:
1515 2410 1612 2451 Apol-

955 2458 1089 2493 lodorus,
1104 2459 1168 2489 III.
1184 2459 1240 2489 xii.
1253 2460 1273 2490 6
1287 2471 1293 2489 :
1320 2458 1437 2488 Anton.
1454 2458 1616 2497 Liberalis,

956 2517 1027 2548 cap.
1050 2508 1112 2537 38:
1138 2507 1323 2548 Apollonius
1344 2506 1410 2537 Rh.
1432 2506 1455 2536 i.
1474 2507 1514 2536 93
1536 2517 1613 2547 sqq,

957 2561 988 2586 et
1003 2555 1106 2586 Schol.
1121 2556 1161 2586 ad
1177 2566 1239 2587 ver.
1255 2556 1315 2586 207
1329 2568 1335 2585 :
1367 2554 1470 2586 Schol.
1485 2554 1614 2585 Pindari

955 2603 995 2634 ad
1011 2604 1140 2645 Olymp.
1156 2604 1219 2634 viii.
1235 2605 1287 2635 39.

997 2653 1070 2683 269.
1095 2653 1315 2693 Erpzaelsumque
1334 2653 1426 2687 domo,
1445 2651 1523 2692 etc.]
1550 2652 1609 2682 Su-

955 2711 1010 2742 pra.
1023 2712 1061 2732 ex
1077 2701 1227 2743 Apollod.
1244 2701 1386 2737 vidimus,
1402 2700 1550 2731 Phthiam
1571 2700 1611 2731 ad
