1779 3130
229 154 315 218 232
622 175 672 214 P.
706 173 919 215 ovrnrr
951 173 1232 215 NASONIS

232 290 612 353 Amplexusque
637 288 802 344 dedit;
842 287 1070 350 tristique
1096 287 1370 336 miserrima
1392 287 1593 334 tandem

236 366 352 420 Ore,
369 366 493 420 vale,
513 365 666 422 dixit3
695 365 1017 427 collapsaque
1036 380 1241 427 corpore
1262 371 1366 410 tota
1390 371 1482 410 est.
1517 366 1614 410 460

221 443 328 506 ‘Ast
340 443 565 505 juvenes,
593 448 846 503 quaerente
873 456 1033 487 moras
1061 440 1247 503 Ceyce,
1274 441 1518 487 reducunt

236 519 507 565 Ordinibus
533 517 743 580 geminis
769 518 830 564 ad
855 516 1001 564 fortia
1025 524 1230 580 pectora
1253 533 1442 573 remos3

234 596 535 659 AEqualique
556 595 657 641 ictu
684 595 916 641 scindunt
940 594 1092 641 freta:
1133 594 1333 640 sustulit
1356 594 1440 639 illa

234 673 513 719 Humentes
546 672 744 727 oculos;
786 678 1105 733 stantemque
1130 671 1179 716 in
1204 686 1372 733 puppe
1398 685 1616 725 recurva,

234 749 593 810 Concussaque
609 764 759 794 manu
778 749 979 794 dantem
996 747 1090 794 sibi
1110 746 1252 808 signa
1270 747 1500 793 maritum
1519 749 1615 793 465

233 825 403 871 Prima
425 824 576 879 videt,
604 824 866 886 redditque
892 831 1034 870 notas
1055 840 1063 870 :
1105 823 1190 869 ubi
1214 830 1344 870 terra
1362 823 1570 870 recessit

234 901 467 962 Longum,
495 907 645 962 atque
671 901 801 947 oculi
828 907 1085 962 nequeunt
1110 916 1410 962 cognoscere
1434 901 1616 956 vultus,

233 977 367 1024 Dum
390 976 523 1031 licet,
551 977 829 1039 insequitur
852 977 1124 1039 fugientem
1148 977 1334 1023 lumine
1358 977 1546 1039 pinum.

233 1053 356 1099 Haec
378 1069 578 1115 quoque
598 1061 651 1099 ut
666 1054 798 1100 haud
814 1060 1007 1116 poterat
1023 1053 1182 1116 spatio
1199 1053 1430 1099 submota
1443 1053 1614 1108 videri,

232 1129 358 1175 Vela
380 1136 547 1175 tamen
573 1137 767 1192 spectat
789 1145 981 1175 summo
1006 1129 1255 1175 fluitantia
1278 1130 1425 1176 malo.

1519 1132 1616 1176 470

237 1205 307 1252 Ut
332 1221 423 1252 nec
448 1205 557 1252 vela
580 1205 730 1261 videt,
757 1221 967 1252 vacuum
995 1205 1120 1268 petit
1144 1205 1293 1251 anxia
1319 1205 1530 1261 lectum3

277 1338 350 1368 460.
389 1337 543 1375 Collszpsn:
582 1336 652 1367 vide
683 1337 721 1368 ad
751 1349 781 1368 X.
812 1339 891 1377 1363

235 1386 362 1417 Heroid.
387 1385 419 1415 ii.
448 1385 519 1415 130.
543 1386 690 1425 Linquor,
718 1393 746 1416 et
774 1388 893 1417 ancillis

235 1436 404 1474 excipienda
423 1436 506 1464 cudo.

278 1486 351 1514 461.
374 1484 514 1518 Jurenes,
536 1483 685 1524 remiges:
711 1483 805 1514 etiam
828 1484 893 1514 Ho-

234 1544 311 1564 mer.
331 1533 386 1568 sic,
401 1534 516 1573 κοῦροι.
561 1533 720 1566 anfrente
736 1544 842 1568 moras,
860 1541 895 1564 ut

234 1583 345 1617 solent,
358 1581 410 1622 qui
426 1591 507 1621 aegre
523 1581 560 1611 ab
572 1581 676 1622 aliquo
690 1581 891 1612 divelluntur.

236 1630 350 1662 Confer
364 1629 491 1660 Heroid.
506 1629 539 1660 ii.
552 1630 610 1667 933
635 1630 793 1660 Tibullum
808 1630 834 1660 Ι.
848 1631 894 1660 iii.

237 1681 287 1710 15.
333 1678 637 1718 Reducunt—freta:
662 1678 809 1719 graphice
840 1678 892 1710 de-

234 1727 342 1759 scribit
373 1727 512 1757 laborem
540 1726 703 1767 remigum.
747 1728 894 1758 Lucanus

235 1778 280 1808 iii.
301 1778 381 1808 543:
410 1776 483 1806 Tum
509 1777 618 1806 caerula
644 1783 780 1812 verrunt,
796 1778 893 1816 Atque

236 1829 267 1857 in
298 1832 433 1856 transtra.
462 1826 587 1859 cadunt,
612 1831 640 1854 et
666 1826 751 1854 remis
776 1832 893 1862 pectora

234 1876 366 1914 pulsant.
405 1874 567 1903 Ordinibus
580 1875 716 1914 geminis,
728 1873 802 1914 quia
818 1884 895 1903 nave

236 1923 345 1954 biremi
368 1928 517 1959 utuntur3
541 1932 610 1951 nam
636 1922 776 1952 triremes
798 1922 895 1953 serius

237 1972 387 2003 inventae:
405 1971 470 2001 vid.
484 1971 632 2001 Heinsius
644 1978 674 2001 et
686 1972 895 2002 Burmannus.

237 2021 385 2051 Similiter
401 2019 549 2060 Virgilius
570 2021 648 2050 AEn.
665 2031 697 2050 v.
714 2021 787 2050 119.
805 2019 893 2050 trire-

237 2081 318 2100 mem
353 2068 510 2104 describit,
542 2069 655 2107 triplici
687 2070 775 2106 pubes
807 2080 894 2109 quam

240 2119 389 2148 Dardana
406 2128 491 2148 versu
508 2116 671 2155 Impellunt
686 2128 695 2152 ;
720 2123 804 2147 terno
826 2129 894 2147 con—

237 2174 368 2208 surgunt
384 2168 486 2196 ordine
502 2167 585 2196 renti.
630 2167 766 2206 AEquali,
784 2165 823 2196 ad
839 2177 895 2196 nu-

238 2226 374 2246 merum:
413 2215 540 2245 modum
570 2214 606 2245 iis
636 2214 731 2245 dabat
761 2215 897 2245 musicus

237 2265 391 2301 nauticus,
406 2264 444 2294 de
461 2274 522 2305 quo
537 2263 630 2294 Silius
642 2263 683 2293 vi.
696 2265 769 2294 212.

281 2314 355 2344 465.
401 2313 603 2352 Concussaqne
632 2313 752 2352 manvu]
808 2313 897 2343 Unus

239 2362 400 2393 Palatinus
423 2362 640 2401 complosaqzte;
670 2361 714 2392 ita
738 2361 897 2392 Gebhard.

236 2412 331 2442 etiam
347 2409 505 2452 Crepund.
519 2410 563 2440 iii.
580 2411 610 2440 2.
623 2416 654 2440 et
668 2409 713 2440 ita
735 2409 898 2451 aliquoties

242 2460 425 2497 Petronius3
454 2459 521 2495 sed,
550 2458 593 2489 ait
621 2459 829 2495 Burmannus,
859 2469 897 2490 ex

238 2508 407 2549 longinquo
429 2508 517 2548 signa
540 2507 612 2538 dare
635 2518 729 2548 quum
744 2507 897 2544 volumus,

239 2557 338 2597 magis
357 2557 513 2597 jactamus
531 2561 562 2586 et
584 2556 787 2592 concutimus,
804 2567 898 2598 quam

238 2604 463 2646 complodimus
475 2615 593 2635 manus.
632 2605 778 2634 Gonoussa
794 2617 897 2640 manu,

235 2653 364 2695 jactatis
388 2653 552 2692 manibus3
582 2654 614 2683 in
630 2653 760 2684 Heroid.
777 2665 808 2683 x.
823 2655 897 2684 438.

239 2702 378 2734 Ariadne
400 2702 538 2733 Theseo:
565 2703 694 2733 Jactatae
723 2703 782 2733 tate
810 2705 896 2743 signa

960 1340 1064 1368 dedere
1078 1350 1192 1374 manus,
1206 1339 1402 1378 Candidaque
1419 1339 1540 1377 imposui
1554 1339 1617 1368 lon·

957 1399 1001 1428 gae
1014 1389 1159 1417 solumina
1172 1390 1274 1428 virgis.
1310 1389 1410 1429 Supra
1426 1399 1455 1417 v.
1467 1388 1540 1418 596.
1557 1387 1618 1417 Ex-

1374 1437 1469 1467 ?x'otas
1506 1439 1617 1472 reddit,

960 1485 1048 1526 signa
1073 1485 1209 1515 vicissim
1232 1485 1297 1519 dat,
1322 1484 1418 1525 signis
1441 1485 1618 1526 respondet.

963 1534 1111 1563 Rei-edere
1125 1533 1195 1563 loca
1210 1532 1346 1563 suaviter
1358 1532 1503 1563 dicuntur
1517 1543 1536 1563 a
1551 1533 1620 1574 qui-

961 1583 1018 1612 bus
1028 1582 1086 1623 ipsi
1098 1582 1190 1612 celeri
1203 1593 1294 1612 cursu
1305 1581 1442 1619 abimus3
1458 1581 1619 1622 Virgilius,

960 1632 1035 1661 AEn.
1050 1630 1094 1661 iii.
1111 1631 1172 1668 723
1194 1630 1286 1660 Silius
1299 1630 1331 1660 ii.
1348 1631 1418 1661 157.
1463 1630 1619 1661 Caeterum

961 1679 1065 1710 confer
1090 1679 1221 1709 Heroid.
1245 1679 1310 1710 xiii.
1328 1680 1442 1709 1-25,
1459 1679 1510 1709 ubi
1536 1679 1619 1710 idem

960 1728 1138 1758 Laodamiae
1154 1738 1272 1758 sensus.

1005 1778 1077 1807 470.
1102 1777 1287 1813 fluitantia,
1303 1777 1335 1806 in
1357 1787 1425 1807 aere
1441 1782 1534 1811 moto,
1551 1782 1618 1807 tan-

960 1837 1053 1867 quam
1082 1827 1114 1857 in
1142 1826 1298 1857 fiuctibus.
1343 1826 1411 1855 Hoc
1434 1825 1619 1866 elegantius,

960 1886 1053 1916 quarn
1072 1877 1239 1905 volitantia.
1277 1874 1379 1904 Etiam
1397 1874 1528 1910 Plinius,
1540 1874 1618 1904 Pan.

961 1933 1029 1964 cap.
1046 1924 1097 1954 81.
1116 1923 1183 1953 Non
1201 1924 1426 1964 illefluitnnlia
1447 1924 1510 1953 reta
1525 1925 1618 1954 oculis

959 1974 1103 2012 sequitur,
1120 1978 1150 2002 et
1165 1972 1345 2014 Propertius
1367 1971 1410 2002 iii.
1426 1972 1475 2002 17.
1489 1972 1527 2002 de
1542 1972 1620 2002 velis

961 2021 1163 2056 theatrorum,
1179 2021 1439 2061 Plenoflnimntia
1457 2021 1520 2050 vela
1537 2021 1618 2050 thea-

962 2076 1018 2100 tro.
1048 2070 1120 2099 Art.
1137 2069 1244 2099 Amat.
1260 2068 1304 2099 iii.
1326 2069 1393 2098 148.
1410 2068 1532 2109 capillis
1555 2079 1619 2099 mo-

963 2118 1002 2148 tis
1024 2118 1202 2148 tribuuntur
1223 2119 1331 2148 similes
1356 2119 1507 2157 fluctibus
1529 2120 1622 2149 sinus.

966 2167 1133 2198 Praeiverat
1154 2167 1316 2197 Lucretius
1339 2165 1381 2196 iv.
1397 2167 1450 2197 75.
1464 2167 1535 2197 vela
1559 2173 1620 2198 tre-

964 2216 1213 2256 mentiaflntant.

1008 2265 1082 2295 471.
1109 2264 1259 2294 Faenum.-
1282 2263 1353 2293 vide
1371 2264 1410 2294 ad
1426 2274 1456 2294 x.
1472 2264 1549 2294 438.
1583 2265 1619 2295 Se

962 2317 1048 2352 ponit
1072 2321 1144 2349 toro,
1161 2313 1312 2343 recumbit
1329 2313 1361 2343 in
1384 2319 1462 2349 toro,
1480 2313 1620 2344 cubitum

963 2361 998 2393 it.
1043 2362 1152 2392 Lectus
1177 2368 1209 2392 et
1231 2368 1312 2392 torus
1336 2361 1502 2392 differunt:
1530 2363 1622 2393 lectus

964 2421 1105 2441 curarum
1135 2410 1284 2448 nutritor3
1317 2410 1387 2440 vide
1411 2410 1475 2441 viii.
1497 2411 1569 2441 655.
1591 2417 1623 2441 et

964 2458 1044 2490 infra
1065 2470 1155 2490 versu
1180 2460 1255 2489 608.
1303 2459 1392 2494 Pars,
1411 2459 1489 2490 alter
1513 2460 1619 2501 conju-

965 2518 1058 2549 gum3
1074 2508 1101 2538 Ι.
1116 2507 1207 2538 Trist.
1223 2508 1255 2537 ii.
1274 2508 1328 2538 44.
1346 2508 1385 2538 de
1405 2509 1537 2549 conjuge
1551 2519 1620 2546 sua,

965 2557 998 2587 Si
1011 2568 1140 2596 perenm,
1156 2557 1291 2587 Dimidia
1306 2563 1383 2586 certe
1401 2563 1487 2596 parte
1504 2568 1620 2597 supers-

964 2612 1006 2636 tes
1033 2617 1091 2636 ero.
1137 2607 1232 2636 Absit.
1275 2605 1373 2636 Multi
1401 2607 1502 2640 abstit,
1535 2606 1619 2646 quod

963 2654 1057 2685 etiam
1085 2654 1263 2684 Priscianus
1286 2653 1317 2684 in
1341 2664 1396 2684 suo
1419 2654 1542 2695 reperit,
1565 2654 1619 2695 qui

963 2703 1182 2744 interpretatur
1198 2703 1324 2733 abstitit.
1368 2701 1560 2734 Priscianum
1572 2712 1621 2733 se-

961 1449 1043 1467 czzusrz
1079 1438 1199 1466 brachia
1225 1439 1326 1476 jacto-
