1779 3130
330 167 948 211 METAMORPHOSEON
982 168 1099 209 LIB.
1134 168 1225 208 IX.

1399 170 1482 210 109

106 284 253 330 Unde
279 283 366 329 sed
391 284 480 330 hos
505 282 649 329 novi?
687 298 773 329 cur
798 282 903 328 haec
930 282 1159 344 exempla
1182 281 1388 345 paravi?

103 359 214 412 Quo
229 358 384 405 feror?
402 359 648 404 obscoenae
664 357 834 420 procul
850 357 963 403 hinc
985 358 1227 405 discedite
1242 357 1477 414 flammae3

105 434 229 489 Nec,
257 434 350 480 nisi
376 450 476 496 qua
499 433 571 480 fas
598 440 674 480 est
698 449 958 494 germanae,
986 433 1134 480 frater
1159 441 1364 480 ametur.

105 510 159 555 Si
183 517 349 556 tamen
374 508 480 571 ipse
506 508 601 554 mei
626 515 803 570 captus
829 509 960 570 prior
985 515 1119 555 esset
1144 525 1324 563 amore,

1392 511 1488 555 510

106 585 330 631 Forsitan
355 584 484 630 illius
511 600 710 646 possem
736 583 995 646 indulgere
1019 585 1184 631 furori.

106 660 238 722 Ergo
263 675 371 721 ego,
399 676 509 722 quae
531 660 717 706 fueram
743 676 843 705 non
868 662 1114 722 rejectura
1137 666 1407 722 petentem,

107 735 224 799 Ipsa
249 736 452 798 petam?
489 735 737 798 poterisne
762 735 897 797 loqui
918 736 936 781 ἶ*
973 735 1223 797 poterisne
1247 735 1424 781 fateri?

110 812 272 873 Coget
296 826 457 865 amor3
498 817 669 872 potero
691 827 701 856 :
741 810 833 863 vel,
861 810 900 855 si
927 811 1084 872 pudor
1109 826 1193 857 ora
1216 810 1422 865 tenebit,

111 887 276 933 Litera
299 887 486 933 celatos
512 901 691 933 arcana
714 885 948 932 fatebitur
973 886 1164 948 igneS.”

1397 887 1493 932 515

111 963 235 1009 Haec
261 963 441 1025 placet,
464 963 569 1008 haec
596 962 796 1009 dubiam
815 962 965 1008 vincit
992 961 1239 1009 sententia
1256 968 1490 1008 mentem.

114 1038 172 1085 In
197 1039 326 1085 latus
352 1037 570 1099 erigitur,
598 1038 866 1100 cubitoque
891 1038 1061 1084 innixa
1085 1038 1300 1092 sinistro,

114 1120 144 1138 “
167 1114 386 1170 Viderit3
427 1113 673 1174 insanos,”
702 1114 880 1176 inquit,
910 1113 1199 1160 “fateamur
1223 1129 1442 1160 amores:

113 1189 210 1237 Hei
230 1190 348 1236 mihi
366 1190 375 1235 ἱ
410 1205 508 1251 quo
531 1189 696 1235 labor?
726 1205 875 1251 quem
896 1205 1035 1236 mens
1054 1205 1166 1236 mea
1183 1189 1402 1251 concipit
1422 1188 1493 1249 ig-

312 1282 425 1312 nem
442 1266 491 1311 ?''

1403 1268 1497 1312 519

115 1342 181 1388 Et
204 1341 443 1388 meditata
467 1357 614 1388 manu
641 1342 896 1404 componit
919 1343 1069 1389 verba
1093 1341 1342 1389 trementi.

157 1474 232 1504 512.
260 1473 420 1513 Rejectura
436 1485 446 1509 ,-
471 1473 560 1503 multi
576 1475 773 1514 neglectum,-

113 1522 244 1563 primam
279 1522 429 1562 syllabam
468 1523 525 1552 τοῦ
556 1524 681 1561 rejicere
713 1522 775 1552 fere

114 1580 237 1611 semper
268 1570 396 1611 produci
423 1569 529 1599 docuit
568 1571 776 1601 Burmannus.

119 1618 265 1657 Rejicere‚
295 1618 471 1659 repudiare.
499 1618 623 1649 Terent.
652 1618 777 1649 Phorm.

115 1668 175 1697 IV.
190 1667 232 1697 iv.
247 1669 278 1698 5.
296 1669 319 1696 si
335 1668 431 1697 altera
454 1668 507 1696 illa
528 1670 620 1707 magis
642 1669 776 1702 instabit,

105 1716 242 1756 forsitan
263 1726 313 1745 nos
339 1717 466 1754 rejiciet.
510 1715 593 1745 Vide
615 1715 775 1746 Gebhard.

121 1764 280 1805 Crepund.
297 1763 340 1794 iii.
360 1765 407 1794 10.

160 1813 236 1843 514.
273 1812 335 1841 Ora
375 1814 495 1847 tenebit,
529 1822 563 1842 os
595 1811 775 1847 continebit,

118 1860 310 1902 praecludet:
338 1872 432 1891 vocem
454 1862 636 1899 praechtdere
657 1867 687 1890 et
707 1873 775 1891 con-

118 1911 212 1939 tinere
223 1908 437 1940 aliidixerunt.
462 1910 567 1939 Litera
580 1909 752 1950 pr0,literae
766 1922 772 1938 :

119 1959 207 1987 litera
231 1969 358 1993 arcana,
382 1969 451 1998 quae
474 1957 614 1988 continet
636 1968 698 1988 rem
728 1968 775 1987 ar-

120 2016 242 2037 canam.
286 2006 414 2037 Heroid.
431 2006 505 2037 xvii.
520 2007 594 2037 265.
610 2007 776 2047 eleganter,

119 2056 235 2085 conscia
251 2057 356 2085 mentis
373 2056 471 2085 litera.

162 2104 236 2134 516.
272 2103 373 2133 Vincit
403 2105 550 2133 sententia
582 2110 717 2139 mentem,
748 2103 779 2134 id

121 2158 178 2187 est,
191 2152 386 2182 determinat.
410 2152 505 2193 Apud
518 2152 711 2183 Antoninum
728 2152 779 2182 Li-

120 2200 220 2230 beral.
242 2209 310 2241 cap.
333 2201 387 2229 30.
414 2200 525 2241 Byblis
543 2199 716 2235 constituit,
742 2210 779 2230 ne

123 2258 257 2278 amorem
281 2248 313 2278 in
343 2248 467 2278 fratrem
496 2248 616 2289 prodat,
647 2259 721 2279 saxo
749 2258 781 2279 se

121 2296 273 2338 dejicere3
297 2306 358 2337 quo
381 2296 473 2332 facto,
490 2303 626 2327 mutatur
642 2307 659 2327 a
682 2297 780 2337 Nym-

123 2344 202 2385 phis.
247 2344 309 2374 Sed
337 2345 451 2374 Noster
474 2345 610 2385 praetulit
632 2345 782 2375 rationem

123 2402 206 2428 eam,
224 2392 256 2422 in
273 2403 335 2433 qua
357 2392 515 2433 ingenium
537 2398 691 2423 ostentare
711 2402 778 2433 pos-

122 2446 180 2471 set.
224 2442 265 2471 Et
280 2446 327 2471 est
341 2451 473 2482 sequens
495 2441 581 2471 locus
600 2440 781 2481 ingeniosis—

123 2488 229 2519 simus.
284 2489 370 2520 Dum
399 2489 482 2520 enim
518 2495 612 2531 poeta
644 2489 782 2530 singulas

125 2537 269 2578 Byblidis
298 2537 438 2568 actiones
475 2538 613 2579 exponit,
643 2548 690 2568 res
722 2547 783 2567 non

127 2585 252 2621 narrari,
275 2585 329 2616 sed
349 2592 421 2616 ante
444 2586 549 2616 oculos
573 2586 622 2626 agi
643 2585 784 2623 videtur;

128 2639 157 2663 et
168 2643 229 2674 quo
242 2633 354 2664 melius
369 2639 510 2664 naturam
526 2634 705 2664 fluctuantis
720 2632 786 2663 ani-

130 2681 171 2711 mi
191 2682 351 2723 expressit,
368 2693 404 2712 eo
426 2683 541 2722 majore
564 2682 656 2713 laude
675 2681 788 2721 dignus

844 1480 900 1505 est.
940 1474 1056 1504 Viderit
1072 1485 1131 1504 vox
1147 1484 1263 1509 eorum,
1281 1473 1335 1514 qui
1351 1483 1455 1503 curam
1472 1478 1503 1503 et

840 1522 994 1564 judicium
1034 1522 1167 1563 alicujus
1203 1521 1247 1552 rei
1285 1520 1372 1551 alteri
1411 1521 1503 1551 relin-

845 1577 955 1611 quunh

889 1620 964 1649 520.
992 1620 1164 1655 DIeditata5
1190 1618 1351 1648 Leidensis
1362 1619 1503 1654 mediata,

846 1667 928 1707 quod
945 1677 962 1697 a
977 1667 1101 1697 librario
1116 1666 1266 1707 sequioris
1283 1667 1339 1696 aevi
1357 1677 1434 1701 esse,
1450 1667 1504 1706 qui

845 1718 1003 1745 dimidiata
1018 1717 1101 1746 verba
1113 1716 1189 1745 forte
1206 1716 1237 1744 in
1250 1715 1393 1745 Minucio
1408 1715 1504 1745 Felici

844 1763 965 1804 legerit,
994 1765 1194 1794 Burmannus
1221 1763 1352 1793 indicat.
1405 1763 1504 1793 Medi-

845 1819 920 1847 tata,
956 1811 1091 1853 passive,
1130 1811 1235 1841 literas
1273 1817 1366 1841 antea
1402 1811 1504 1841 animo

844 1866 1023 1901 conceptas.
1079 1860 1243 1898 Componit‚
1274 1858 1392 1894 scribit,
1426 1869 1505 1889 cerae

845 1909 986 1939 mandat.
1033 1909 1184 1945 Ferrum;
1214 1908 1375 1938 Leidensis
1399 1907 1508 1938 tertius

846 1964 924 1988 tenet
952 1958 1099 1987 calamum
1125 1967 1178 1998 pro
1210 1956 1297 1986 varia
1325 1956 1398 1986 lect.
1434 1966 1505 1985 cum

844 2006 948 2047 glossa
975 2005 1111 2047 ascripta
1139 2007 1242 2035 stilum
1259 2006 1414 2046 ferreum.
1466 2004 1507 2034 Et

846 2056 993 2084 calamum
1012 2053 1045 2083 in
1068 2053 1160 2084 simili
1181 2053 1248 2083 loco
1270 2054 1329 2093 Ep.
1345 2053 1389 2082 xi.
1411 2053 1444 2082 2.
1461 2052 1506 2082 le-

847 2103 943 2144 gitur.
970 2103 1008 2132 In
1024 2102 1127 2143 Regio
1144 2112 1204 2132 uno
1220 2108 1251 2132 et
1266 2102 1284 2131 3
1297 2101 1365 2131 aliis
1381 2100 1431 2130 hic
1445 2111 1508 2131 ver.

848 2150 1035 2191 praeponitur
1050 2149 1252 2191 praecedenti.
1280 2149 1419 2189 Uterque
1435 2148 1508 2178 ordo

849 2199 917 2229 ferri
933 2204 1044 2239 potest.
1095 2198 1230 2227 Damnat
1246 2198 1378 2232 tabellas,
1394 2196 1507 2237 impro-

848 2247 903 2276 bat
924 2257 994 2287 quae
1015 2245 1180 2287 scripserat
1201 2245 1233 2275 in
1255 2244 1392 2275 tabellis.
1439 2245 1508 2274 Du-

849 2305 916 2324 rum
943 2299 1046 2324 tamen
1075 2293 1132 2324 hoc
1158 2293 1257 2323 visum
1285 2297 1331 2322 est
1357 2291 1508 2332 interpre—

850 2341 951 2372 tibus:
980 2341 1129 2371 Heinsius
1150 2341 1255 2381 itaque
1277 2339 1402 2381 conjicit
1424 2350 1508 2369 man-

851 2392 959 2430 datque
983 2391 1109 2424 tabellis,
1139 2388 1222 2430 quod
1249 2389 1299 2418 vix
1329 2387 1509 2428 probabitur

850 2438 1007 2479 cuipiam3
1036 2448 1109 2468 nam
1130 2438 1188 2468 hoc
1211 2437 1293 2467 idem
1316 2436 1402 2471 foret,
1425 2435 1507 2476 quod

851 2489 975 2523 scribit3
1002 2488 1108 2517 Burm.
1120 2483 1509 2525 mutatainterpunctione,

851 2537 953 2566 scribit
967 2538 1156 2574 damnatque.
1208 2534 1341 2563 Tabellas
1358 2532 1399 2562 Et
1414 2539 1509 2568 notat,

852 2589 913 2613 etc.
957 2583 1018 2613 Sed
1037 2593 1097 2612 non
1118 2593 1196 2623 opus
1215 2587 1272 2617 est,
1288 2586 1322 2611 ut
1337 2580 1510 2621 quidquam

855 2637 1020 2661 mutemus,
1068 2631 1159 2661 Ceste
1183 2631 1304 2659 tabellas
1324 2628 1458 2670 pertinet
1477 2639 1509 2658 e-

856 2679 930 2709 tiam
943 2679 982 2709 ad
998 2689 1066 2720 sqq.
1079 2679 1414 2718 culpatqueprobatque,
1427 2676 1509 2717 quod
