1779 3130
228 169 311 209 178
602 164 653 204 Ρ.
688 161 900 204 OVIDII
936 162 1214 203 NASONIS

240 282 306 328 Ut
330 281 524 334 faciem,
553 286 603 325 et
623 277 784 340 posito
809 293 988 340 corpus
1013 276 1254 322 velamine
1279 276 1416 331 vidit,

233 357 391 411 Quale
419 371 600 409 meum,
628 355 704 400 vel
731 354 879 416 quale
904 361 1060 409 tuum,
1089 354 1128 400 si
1153 353 1337 400 femina
1361 354 1478 409 fias;
1521 356 1615 399 579

236 433 536 496 Obstupuit:
575 431 858 492 tollensque
885 447 1077 486 manus,
1107 437 1136 453 “
1156 429 1456 492 Ignoscite‚”
1476 430 1618 483 dixit,

239 516 267 534 “
287 510 425 564 Quos
450 508 597 555 modo
623 508 842 570 culpavi:
871 508 1092 554 nondum
1116 508 1237 553 mihi
1262 506 1466 570 praemia
1489 513 1620 560 nota,

238 587 362 640 Quae
388 585 642 649 peteretis,
662 584 850 631 erant.’'
891 584 1163 631 Laudando
1189 583 1406 646 concipit
1430 583 1618 644 ignem:

239 663 321 718 Et,
348 680 409 710 ne
436 661 549 724 quis
570 663 808 724 juvenum
834 668 999 707 currat
1023 661 1257 715 velocius,
1286 667 1442 722 optat,

243 739 535 800 Invidiaque
562 738 720 784 timet.

786 743 815 760 “
842 736 942 783 Sed
968 752 1055 782 cur
1080 735 1364 782 certaminis
1390 736 1538 798 hujus

242 816 495 862 Intentata
518 814 638 860 mihi
663 813 859 860 fortuna
882 813 1176 875 relinquitur
1192 812 1242 858 Γ
1268 811 1446 874 inquit.

243 893 550 938 “Audentes
579 891 718 937 Deus
744 891 851 953 ipse
867 889 1056 953 juvat.’⁷

1531 815 1625 859 585

1114 889 1247 935 Dum
1271 889 1390 936 talia
1415 905 1583 936 secum

245 969 414 1029 Exigit
435 967 795 1030 Hippomenes,
824 983 973 1030 passu
998 967 1132 1013 volat
1156 966 1271 1013 alite
1295 966 1448 1027 virgo.

245 1046 368 1099 Quae
396 1061 684 1107 quanquam
713 1044 953 1107 Scythica
977 1060 1076 1090 non
1103 1043 1264 1091 secius
1290 1043 1359 1089 ire
1385 1043 1569 1105 sagitta

247 1122 405 1168 Aonio
430 1121 536 1167 visa
561 1130 637 1168 est
657 1121 852 1184 juveni;
893 1128 1060 1167 tamen
1086 1121 1168 1167 ille
1193 1120 1424 1166 decorem

249 1198 458 1245 Miratur
483 1198 669 1260 magis;
701 1204 751 1244 et
777 1213 950 1244 cursus
976 1197 1094 1244 facit
1119 1197 1225 1260 ipse
1251 1196 1495 1243 decorem.
1536 1200 1632 1244 590

290 1331 363 1361 580.
383 1331 555 1371 Tollensque
566 1331 698 1370 manua]
727 1330 842 1361 Gestus
855 1341 904 1361 ve-

248 1379 332 1409 niam
348 1380 532 1421 petentium,
550 1390 660 1409 manus
675 1379 794 1410 tollere.

292 1430 368 1459 584.
395 1428 573 1469 Invidiaque
596 1429 706 1468 timet.]
735 1429 839 1469 Vulgo
861 1430 910 1467 (et

249 1488 281 1507 m
306 1478 416 1508 nostris
439 1478 566 1518 Regiis)
584 1477 791 1518 Invidiamque
814 1480 908 1507 timet.

253 1526 427 1556 Invidendo
451 1526 520 1556 aliis
543 1528 642 1562 timet,
659 1537 696 1556 ne
722 1526 791 1567 quis
814 1526 910 1556 victo—

251 1574 328 1603 riam
352 1575 410 1604 sibi
431 1574 610 1616 praeripiat3
636 1574 689 1615 qui
712 1585 819 1605 sensus
834 1575 912 1605 solet

251 1623 307 1653 tali
323 1623 485 1653 occasione
502 1622 640 1654 excitari.
685 1623 734 1654 Sic
748 1630 830 1654 recte
846 1624 913 1654 haec

253 1672 347 1703 verba
362 1678 393 1702 et
408 1672 568 1702 constituit
583 1679 614 1703 et
629 1672 850 1714 interpretatus
869 1679 915 1704 est

255 1721 416 1762 Micyllus,
426 1721 597 1762 eademque
609 1721 700 1752 lectio
711 1721 822 1752 deinde
833 1733 916 1753 com-

254 1770 386 1810 probata
401 1775 448 1800 est
464 1770 555 1800 MSS.
572 1771 769 1801 auctoritate.
804 1771 914 1801 Furtu-

254 1830 304 1854 πα,
327 1818 430 1849 exitus
451 1818 646 1849 certaminis:
663 1820 827 1859 fortunam
847 1820 917 1849 belli

255 1875 373 1898 tentare
388 1868 503 1909 passim
519 1868 602 1909 apud
618 1868 789 1899 historicos.

299 1917 373 1947 586.
398 1918 560 1952 Audentes,
571 1917 649 1956 etc.]
676 1917 839 1947 Sententia
850 1917 916 1948 haec

256 1964 366 1994 mirum
388 1964 420 1994 in
443 1964 567 1995 modum
594 1965 760 1995 Veteribus
785 1966 915 2006 placuit,

256 2020 288 2043 et
311 2013 393 2053 apud
413 2012 590 2044 innumeros
612 2020 754 2044 auctores
773 2015 916 2045 occurrit.

258 2060 288 2090 A
305 2060 491 2096 Claudiano,
509 2062 567 2103 Ep.
583 2062 622 2092 ad
638 2062 764 2093 Probin.
779 2064 811 2093 9.
825 2073 916 2093 voca-

258 2114 308 2140 tur
325 2109 377 2139 Cei
391 2112 537 2140 sententia
560 2113 645 2145 vatis,
663 2111 693 2141 id
711 2116 769 2147 est,
785 2111 915 2141 Simoni-

259 2157 317 2193 djs,
334 2168 513 2199 quanquam
531 2158 563 2188 in
579 2169 687 2189 vocem
708 2160 759 2190 Cei
773 2166 803 2190 et
824 2160 916 2191 MSS.

260 2206 391 2242 variant,
429 2212 461 2238 et
496 2208 684 2249 Interpretes
721 2208 916 2239 dissentiunt.

259 2255 321 2285 Sed
348 2256 452 2285 caeteri
477 2255 584 2286 dicunt
606 2258 757 2287 Audentes
782 2258 919 2288 fortuna

251 2306 365 2343 juvat:
390 2304 515 2339 Noster,
536 2305 609 2346 quia
628 2306 781 2337 Venerem
810 2306 919 2348 implo-

262 2363 328 2383 rare
354 2353 563 2389 constituerat,
579 2354 690 2384 maluit
711 2358 804 2390 Deus,
822 2365 919 2396 quan-

262 2411 357 2442 quam
374 2402 455 2432 Deus
470 2412 552 2443 saepe
568 2413 621 2444 pro
636 2404 774 2434 Fortuna
788 2405 922 2445 ponitur.

264 2450 354 2490 Virg.
372 2451 445 2480 AEn.
463 2462 492 2481 x.
505 2452 579 2482 284.

307 2499 381 2529 587.
408 2499 523 2539 Erigit.
540 2499 709 2530 deliberat:
742 2500 922 2542 metaphora

267 2556 285 2576 a
300 2546 380 2576 libra
396 2547 505 2587 petita,
524 2548 564 2578 ad
584 2559 677 2589 quam
695 2549 827 2589 exigitur
847 2560 921 2591 pon-

266 2594 323 2624 dus
348 2605 458 2625 rerum.
504 2596 648 2637 Sequitur
672 2597 837 2638 descriptio
857 2608 921 2628 cer-

266 2642 391 2672 taminis
405 2653 522 2679 cursus,
537 2654 672 2685 quacum
688 2646 794 2676 confer
807 2646 923 2677 Home-

267 2701 346 2723 rum.
370 2691 408 2721 ΙΙ.
432 2696 474 2721 Ψ.
497 2693 558 2722 740
581 2704 659 2734 sqq;
684 2693 770 2733 Yirg.
798 2695 870 2725 AEn.
893 2707 922 2725 ν.

975 1331 1038 1360 315
1062 1340 1132 1370 sqq.
1182 1330 1259 1364 Ales,
1275 1329 1408 1370 primum
1429 1339 1494 1370 pro,
1512 1329 1636 1367 alatus3

975 1378 1089 1409 deinde
1113 1388 1177 1419 pro,
1204 1378 1295 1408 celer.
1340 1377 1444 1407 Etiam
1472 1379 1571 1408 volare
1596 1378 1635 1410 de

976 1427 1137 1457 celerrimo
1153 1437 1256 1456 cursu.
1298 1426 1451 1456 Volucrem
1468 1427 1637 1457 Schoeneida

980 1483 1068 1506 vocat
1091 1475 1296 1511 Claudianus,
1318 1475 1419 1506 Laud.
1444 1476 1549 1507 Sei-en.
1569 1478 1638 1508 170.

979 1525 1117 1564 Scythica
1143 1527 1268 1565 sagitta.
1315 1523 1442 1563 Scythae,
1470 1535 1547 1565 gens
1571 1526 1639 1556 bel-

978 1573 1049 1609 lica,
1065 1584 1194 1614 quorum
1217 1573 1281 1603 tela
1302 1573 1459 1611 timenda3
1484 1574 1642 1614 Scythicus

981 1633 1068 1652 arcus
1085 1622 1111 1653 I.
1124 1622 1215 1652 Pont.
1226 1621 1246 1651 i.
1259 1622 1318 1659 793
1343 1622 1481 1662 Scythica
1495 1623 1641 1662 pharetra

982 1671 1045 1701 ΠΙ.
1069 1671 1160 1701 Pont.
1183 1671 1246 1700 viii.
1274 1671 1322 1701 19.
1374 1670 1457 1701 Hinc
1487 1671 1544 1702 hoc
1573 1673 1641 1703 loco

985 1720 1123 1759 Scythica
1141 1721 1250 1760 sagitta
1265 1729 1320 1760 pro
1335 1729 1532 1761 quacumque
1547 1722 1641 1762 sagit—

985 1775 1035 1800 ta:
1058 1769 1162 1799 confer
1178 1769 1231 1798 vii.
1244 1770 1305 1799 776
1319 1779 1387 1809 sqq.
1433 1768 1494 1804 Ire,
1511 1780 1641 1802 currere.

983 1818 1087 1848 Etiam
1116 1818 1155 1848 de
1179 1818 1285 1848 volatu
1315 1817 1414 1853 navis,
1443 1829 1513 1859 quae
1543 1819 1644 1861 plenis

985 1867 1060 1898 velis
1083 1867 1193 1898 currit:
1220 1867 1286 1897 haec
1311 1877 1369 1897 vox
1396 1868 1539 1903 occurrit,
1560 1880 1591 1899 v.
1614 1881 1642 1900 c.

986 1915 1261 1946 Y.Trist.xiv.44.
1292 1916 1535 1950 .4011i‹2‚Boeoto.
1560 1918 1643 1949 Vide

985 1964 1023 1995 ad
1036 1963 1079 1994 iii.
1100 1965 1170 1994 147.

1027 2013 1101 2043 590.
1126 2013 1213 2043 Facit
1234 2012 1395 2052 decorem]
1421 2013 1541 2054 Magna
1560 2025 1643 2044 com-

984 2062 1152 2096 mendatio,
1167 2062 1191 2091 si
1210 2062 1277 2102 quis
1294 2062 1397 2092 omnia
1417 2062 1491 2092 facit
1507 2074 1577 2094 cum
1594 2066 1646 2094 de-

984 2121 1049 2140 core
1061 2123 1069 2139 .·
1094 2110 1199 2140 confer
1216 2110 1279 2140 viii.
1295 2111 1335 2140 27
1350 2121 1408 2152 sqq
1423 2122 1430 2147 ;
1454 2111 1583 2142 Heroid.
1598 2112 1642 2143 iv.

986 2159 1024 2188 77
1050 2169 1129 2199 sqq;
1153 2159 1259 2189 Tibul.
1283 2159 1342 2189 IV.
1358 2158 1390 2188 ii.
1413 2159 1429 2188 7
1454 2170 1524 2201 sqq.
1571 2161 1644 2192 Jam

984 2208 1149 2249 phantasia
1158 2207 1265 2237 Ovidii
1279 2207 1380 2248 pingit
1391 2219 1494 2238 rursus
1505 2209 1646 2240 habitum

988 2256 1132 2286 decorum
1172 2256 1322 2287 currentis
1355 2256 1493 2297 virginis.
1543 2258 1646 2290 Pedes

989 2316 1085 2346 quum
1114 2305 1169 2335 illa
1192 2305 1332 2336 celeriter
1360 2312 1392 2336 et
1416 2305 1477 2336 alte
1501 2307 1647 2347 jactaret,

988 2353 1103 2393 plantae
1134 2353 1330 2394 attingebant
1360 2355 1482 2389 talaria,
1508 2356 1647 2386 tunicam

991 2402 1130 2437 talarem,
1160 2412 1253 2442 quam
1285 2402 1370 2432 venti
1406 2408 1486 2433 retro
1518 2403 1648 2436 dabant.

991 2450 1095 2491 Refert
1117 2452 1226 2485 oblata,
1242 2457 1322 2480 retro
1337 2450 1402 2486 dat,
1420 2456 1452 2480 ut
1471 2451 1648 2484 offerantur.

992 2498 1153 2540 Tergaque.
1200 2499 1341 2535 Quatuor
1362 2500 1504 2539 collaque,
1520 2508 1554 2531 ut
1575 2503 1646 2532 Art.

989 2547 1096 2578 Amat.
1112 2547 1155 2578 iii.
1171 2547 1339 2588 236.fusos
1353 2559 1405 2586 per
1421 2550 1497 2579 colla
1512 2551 1647 2588 capillos.

990 2596 1084 2637 Regii
1108 2596 1201 2627 nostri
1225 2596 1340 2627 habent
1364 2603 1524 2638 terg11que3
1555 2599 1648 2629 etiam

992 2645 1023 2675 in
1043 2645 1110 2675 loco
1134 2655 1152 2676 a
1171 2645 1256 2676 doct.
1283 2648 1390 2687 Gierig
1411 2646 1507 2676 citato
1529 2647 1581 2678 alii
1604 2648 1647 2679 le-

993 2694 1167 2735 guntfusos
1178 2706 1230 2734 per
1241 2702 1322 2736 terga
1337 2697 1470 2735 capillos,
1481 2696 1550 2728 vide
1566 2697 1648 2728 hunc
