1779 3130
210 187 294 226 814
596 182 644 221 P.
680 179 890 220 OVIDII
927 176 1205 218 NASONIS

218 299 411 346 Ultima
435 311 654 342 murmur
678 301 812 342 erat:
852 294 1009 340 donec
1038 290 1262 338 Laertius
1288 292 1432 338 heros

216 373 405 429 Astitit,
433 379 584 435 atque
610 372 778 418 oculos
804 369 1004 433 paulum
1031 369 1205 415 tellure
1230 375 1446 415 moratos
1511 370 1602 414 125

222 449 434 497 Sustulit
459 450 521 496 ad
547 464 792 512 procereS,
821 453 1189 509 expectatoque
1215 445 1414 492 resolvit

223 527 325 573 Ora
350 542 498 581 sono;
539 541 702 587 neque
728 524 871 570 abest
895 522 1121 568 facundis
1148 522 1305 583 gratia
1329 521 1502 568 dictis:

226 603 279 649 Si
304 618 415 650 mea
439 618 552 648 cum
576 600 752 647 vestris
778 599 1048 645 valuissent
1071 605 1201 653 vota,
1229 597 1447 660 Pelasgi,

225 679 341 726 Non
365 678 490 725 foret
515 677 778 739 ambiguus
805 675 928 722 tanti
953 674 1236 722 certaminis
1262 675 1446 730 haeres3

223 755 401 818 Tuque
426 756 524 802 tuis
550 754 713 809 armis,
741 770 829 800 nos
854 761 904 800 te
928 760 1228 816 poteremur,
1256 752 1476 799 Achille!
1517 755 1608 798 130

223 831 386 886 Quem
412 832 645 894 quoniam
671 847 767 877 non
789 845 932 892 aequa
955 829 1075 875 mihi
1098 829 1339 890 vobisque
1364 830 1611 890 negarunt

227 909 351 956 Fata
377 909 650 970 (manuque
675 908 820 954 simul
846 906 996 953 veluti
1021 905 1329 952 lacrimantia
1353 905 1494 952 tersit

227 984 490 1045 Lumina3)
528 985 638 1047 quis
664 1000 844 1046 magno
870 983 1046 1029 melius
1073 983 1310 1029 succedat
1333 982 1531 1036 Achilli,

228 1061 389 1116 Quam
405 1078 493 1125 per
508 1077 657 1123 quem
673 1077 883 1123 magnus
902 1060 1089 1107 Danais
1106 1060 1349 1107 successit
1359 1059 1578 1106 Achilles
1595 1058 1612 1104 ἲ

228 1137 360 1185 Huic
377 1139 522 1185 modo
534 1154 595 1185 ne
615 1138 787 1201 prosit,
807 1138 957 1200 quod,
980 1144 1035 1184 ut
1056 1144 1148 1193 est,
1171 1138 1325 1184 hebes
1350 1153 1459 1184 esse
1479 1136 1614 1183 vide-

231 1215 371 1262 Neve
386 1214 505 1261 mihi
522 1221 714 1270 noceat,
734 1214 868 1277 quod
886 1214 1023 1261 vobis
1041 1231 1252 1278 semper,
1271 1213 1462 1268 Achivi,
1483 1214 1583 1274 [tur
1600 1230 1611 1269 ;

230 1291 425 1338 Profuit
442 1291 695 1353 ingenium
714 1309 723 1338 ε
742 1307 953 1354 meaque
969 1292 1073 1338 haec
1090 1292 1337 1346 facundia,
1351 1291 1390 1337 si
1408 1306 1508 1353 qua
1522 1295 1614 1344 est,

232 1368 356 1422 Quae
382 1384 511 1414 nunc
535 1384 624 1431 pro
648 1368 864 1424 domino,
890 1385 979 1432 pro
1003 1370 1142 1416 vobis
1175 1385 1307 1432 saepe
1332 1369 1499 1414 locuta
1523 1374 1614 1420 est,

234 1444 425 1492 Invidia
443 1451 635 1492 careat:
674 1445 806 1491 bona
826 1461 916 1492 nec
940 1460 1029 1491 sua
1048 1446 1261 1507 quisque
1280 1450 1492 1490 recuset.
1526 1445 1617 1488 139

236 1521 367 1569 Nam
394 1537 566 1584 genus,
594 1529 645 1568 et
668 1538 893 1584 proavos,
922 1529 971 1569 et
996 1538 1108 1584 quae
1132 1538 1230 1568 non
1253 1521 1460 1568 fecimus
1486 1519 1597 1582 ipsi,

281 1687 353 1717 128.
372 1687 403 1717 Si
417 1698 478 1717 mea
488 1698 554 1717 cum
564 1689 677 1722 restris,
690 1687 768 1727 etc.]
782 1687 898 1729 Incipit
965 1687 1147 1718 Graecorum
1170 1685 1302 1716 accessit
1322 1684 1475 1715 Achilles.
1520 1684 1561 1714 Et
1582 1682 1623 1714 de

239 1745 309 1766 curn
323 1735 374 1777 pio
390 1741 470 1771 voto,
485 1734 544 1766 sibi
559 1742 590 1766 et
606 1735 799 1766 auditoribus
814 1746 898 1767 com-

239 1784 338 1820 muni,
353 1784 447 1826 idque
469 1785 549 1815 fictis
569 1784 646 1816 adeo
669 1785 804 1815 lacrimis
826 1796 899 1816 con-

239 1834 353 1865 firmat.
402 1834 570 1864 Valuissent
585 1841 673 1870 votam
699 1834 767 1865 vide
784 1834 821 1864 ad
838 1844 900 1865 ver.

241 1884 295 1915 89.
323 1884 630 1925 Nonforet—hoeres,
648 1894 708 1913 non
729 1884 899 1924 ambigere—

241 1937 302 1968 tur,
315 1932 384 1973 quis
399 1931 568 1973 possideret
583 1931 638 1962 illa
658 1942 754 1967 arma,
771 1932 809 1962 de
828 1931 899 1972 qui-

243 1982 301 2012 bus
313 1981 379 2022 jam
395 1987 543 2016 certatur,
559 1991 688 2022 quorum
705 1981 803 2011 haeres
818 1981 900 2022 Ajax

245 2040 312 2060 esse
326 2039 442 2070 magna
456 2029 652 2060 contentione
669 2030 747 2059 vult.
782 2030 901 2060 Patere-

246 2090 313 2108 mni·
342 2078 470 2120 antique
505 2089 571 2119 pro,
608 2081 792 2117 potiremur,-
831 2078 902 2109 vide

246 2126 409 2157 Heinsium
419 2132 450 2157 et
461 2128 675 2157 Burmannum
689 2129 796 2166 :potiri
810 2138 903 2164 nunc,

246 2175 303 2211 uti,
321 2175 490 2216 possidere.
538 2175 638 2216 Tuque
659 2177 882 2207 tuis—Achille
894 2177 905 2205 Ι

248 2224 306 2254 hac
326 2223 510 2266 apostrophe
531 2224 650 2254 animos
669 2223 843 2255 auditorum
866 2225 904 2255 ad

249 2273 355 2303 fletum
371 2272 512 2303 inclinat,
552 2272 674 2308 Melius,
690 2273 906 2314 meliorejure.

249 2321 372 2361 Tanaq.
398 2321 496 2351 Faber
519 2321 673 2352 neminem
697 2327 803 2352 natum
826 2322 906 2352 arbi-

252 2369 402 2404 trabatur,
431 2379 449 2399 a
472 2379 533 2410 quo
561 2369 663 2400 doceri
689 2376 804 2411 posset,
832 2370 906 2411 quid

251 2417 310 2447 sibi
327 2418 384 2448 hoc
399 2418 504 2454 vellet,
522 2419 639 2449 Danais
652 2421 787 2449 successit
805 2420 908 2450 Achil-

257 2469 306 2501 les,
322 2467 427 2508 itaque
441 2467 625 2507 corrigebat,
644 2470 786 2504 c1ccessit5
811 2474 842 2498 at
862 2469 908 2498 fa-

254 2516 313 2546 cile
338 2516 439 2546 doceri
462 2522 593 2557 poterat,
617 2519 771 2547 succedere
794 2517 911 2548 centies

255 2565 326 2605 poni
346 2575 411 2605 pro,
433 2565 603 2605 accedere3
625 2566 717 2597 obvia
738 2567 821 2597 enim
840 2573 911 2597 sunt

256 2613 320 2647 illa,
344 2617 497 2644 succedere
520 2622 618 2651 mitro,
642 2627 737 2651 muro,
760 2618 851 2652 urbi;
879 2622 910 2646 et

256 2662 299 2691 xi.
333 2663 401 2692 142.
435 2666 588 2694 succedere
617 2676 717 2704 aqu:
756 2665 849 2705 igitur
879 2670 908 2695 et

256 2720 335 2739 nunc
364 2710 495 2751 intellig.
531 2724 591 2752 qno
623 2720 746 2744 auctore
785 2724 910 2744 numero

965 1734 1118 1766 industria
1134 1735 1191 1765 hoc
1206 1734 1290 1765 idem
1300 1735 1427 1764 verbum
1440 1733 1619 1774 repetitum,

966 1784 1040 1826 quia
1056 1784 1144 1825 quasi
1161 1783 1223 1814 vim
1239 1783 1411 1824 argumenti
1427 1783 1532 1813 habet.

1013 1835 1083 1864 135.
1102 1834 1185 1863 Huic
1197 1835 1290 1868 morlo,
1305 1833 1382 1873 etc.]
1410 1832 1491 1862 Vide
1505 1832 1545 1862 ad
1560 1843 1625 1863 ver.

968 1884 1020 1914 34.
1067 1883 1172 1918 Hebes,
1202 1883 1369 1913 destitutus
1392 1884 1524 1923 ingenio,
1546 1881 1580 1911 h.
1598 1892 1627 1912 e.

968 1931 1134 1974 prudentia
1146 1938 1177 1962 et
1188 1931 1346 1967 facundia,
1359 1942 1451 1972 quam
1463 1937 1627 1972 utramque

969 1982 1114 2011 virtutem
1131 1980 1252 2021 Ulyssis
1272 1986 1427 2022 spreverat
1444 1980 1538 2021 Ajax.
1584 1979 1627 2009 11-

968 2029 1032 2059 lam
1049 2034 1153 2059 autem
1169 2028 1348 2059 facundiam
1361 2029 1491 2069 L'lysses
1503 2034 1534 2059 et
1548 2039 1627 2069 prae-

970 2078 1052 2108 clare
1075 2077 1293 2108 commendat:
1321 2080 1397 2118 quod
1423 2079 1497 2108 robis
1518 2088 1628 2117 semper

968 2126 1097 2167 prrffuit,
1113 2138 1175 2166 quae
1192 2138 1245 2166 pro
1267 2128 1343 2157 vobis
1363 2137 1434 2166 serpe
1451 2128 1550 2157 locuta
1571 2133 1625 2163 est,

973 2182 1004 2206 et
1027 2175 1175 2212 modeste,
1191 2177 1214 2206 si
1238 2188 1295 2216 qua
1318 2183 1370 2211 est,
1387 2182 1464 2212 turn,
1480 2177 1553 2206 bonu
1576 2187 1630 2207 nec

972 2236 1024 2255 sua
1042 2225 1131 2266 (quae
1155 2224 1220 2266 ipse
1239 2225 1297 2255 sibi
1308 2226 1400 2266 fecit,
1416 2225 1550 2267 paravit,
1567 2236 1630 2256 non

973 2278 1077 2304 autem
1093 2278 1204 2304 natura
1213 2273 1241 2303 ei
1257 2273 1382 2311 tribuit)
1394 2276 1514 2314 quisque
1529 2274 1631 2315 (quis-

975 2322 1086 2363 quam)
1100 2329 1349 2358 recnset,recuset
1359 2323 1396 2353 iis
1408 2323 1467 2354 uti.
1486 2324 1632 2354 Dominus

965 2372 1136 2411 jucundior,
1165 2378 1199 2402 ut
1236 2374 1373 2403 dominus
1401 2375 1476 2403 artis
1505 2373 1526 2404 i.
1557 2374 1631 2404 524.

975 2421 1028 2461 qui
1050 2431 1119 2451 eam
1141 2421 1226 2451 novit
1246 2426 1277 2452 et
1298 2426 1432 2452 exercet.
1456 2421 1569 2452 Confer
1589 2423 1630 2458 Q.

976 2469 1156 2505 Calabrum,
1170 2471 1245 2500 290.

1023 2519 1094 2548 140.
1120 2519 1198 2548 Num
1222 2530 1328 2560 genus,
1352 2525 1379 2548 et
1399 2529 1530 2557 proavos,
1548 2520 1630 2560 etc.]

979 2566 1147 2597 Verissime
1168 2567 1206 2597 de
1227 2566 1349 2608 generis
1367 2566 1529 2597 nobilitate
1546 2567 1632 2608 judi-

978 2624 1039 2651 cat,
1057 2626 1150 2657 quam
1174 2627 1234 2646 non
1251 2616 1424 2658 sprevisset,
1441 2616 1499 2646 nisi
1523 2616 1631 2647 scivis—

978 2670 1033 2700 set,
1057 2665 1173 2696 meritis
1194 2676 1226 2696 se
1248 2675 1336 2707 posse
1352 2665 1539 2696 contendere
1560 2675 1632 2696 cum

978 2713 1087 2754 Ajace.
1113 2715 1182 2743 Esse
1195 2725 1342 2754 pronepos,
1359 2714 1471 2744 Graeca
1482 2713 1632 2755 syntaxis,
