1779 3130
322 164 1260 207 METAMORPHOSEONIHB.VHL
1428 170 1485 210 53

105 276 277 324 Incola
304 278 366 326 de
391 279 588 341 gemino
613 279 799 326 vicinos
824 294 1029 342 corpore
1054 286 1270 326 truncos.

1388 285 1484 328 72O

102 352 226 400 Haec
251 354 370 400 mihi
394 371 491 401 non
514 355 642 410 vani,
670 371 833 417 neque
858 363 964 403 erat
987 372 1073 402 cur
1096 355 1264 403 fallere
1283 357 1482 413 vellent,

104 428 151 474 N
156 444 376 476 arravere
402 446 546 477 senes
566 447 575 478 :
616 431 849 493 equidem
873 431 1144 494 pendentia
1166 432 1265 478 vidi

104 504 250 551 Serta
274 521 421 568 super
444 522 634 561 ramos3
675 522 966 569 ponensque
988 507 1220 561 recentia,
1248 507 1380 554 dixi:

104 585 134 602 ‘⁴
164 580 298 627 Cura
321 581 389 644 pii
416 581 505 628 Dis
531 588 672 638 sunt3
713 590 778 638 et,
807 583 893 645 qui
918 583 1129 637 coluere,
1152 583 1428 630 coluntur.’'

169 656 288 703 VII.
330 657 585 715 Desierat3
638 665 948 722 cunctosque
980 666 1030 705 et
1072 674 1148 705 res
1185 667 1235 706 et
1269 667 1487 706 moverat

303 740 488 788 auctor,

1393 738 1487 781 725

103 807 297 855 Thesea
321 810 598 872 praecipue3
641 826 789 872 quem
814 810 944 857 facta
968 811 1137 857 audire
1161 811 1406 858 volentem

104 883 236 929 Mira
258 884 436 939 Deum,
464 885 608 931 nixus
634 886 804 931 cubito
831 886 1137 949 Calydonius
1163 886 1321 933 amnis

102 959 304 1006 Talibus
331 961 624 1022 alloquitur:
668 961 812 1016 Sunt,
840 978 868 1008 o
894 962 1173 1017 fortissime,
1202 979 1411 1024 quorum

106 1035 282 1082 Forma
292 1038 445 1083 semel
462 1044 596 1083 mota
610 1044 686 1083 est
699 1055 708 1093 ;
734 1044 783 1083 et
798 1038 846 1083 in
857 1038 948 1083 hoc
960 1038 1271 1085 renovamine
1287 1039 1484 1086 mansit:

107 1111 249 1166 Sunt,
268 1112 449 1174 quibus
470 1113 518 1158 in
540 1113 705 1175 plures
725 1114 808 1175 jus
834 1120 911 1159 est
929 1113 1137 1160 transire
1155 1114 1359 1175 figuras3
1390 1119 1486 1162 730

107 1187 178 1234 Ut
201 1188 307 1244 tibi,
335 1190 583 1252 complexi
608 1197 789 1236 terram
814 1190 962 1236 maris
987 1191 1163 1245 incola,
1192 1190 1406 1239 Proteu:

107 1264 237 1311 Nam
261 1265 408 1311 modo
434 1272 483 1313 te
499 1266 747 1328 juvenem,
775 1267 921 1313 modo
946 1273 995 1313 te
1019 1267 1185 1313 videre
1205 1267 1428 1314 leonem:

106 1340 253 1387 Nunc
265 1341 507 1388 violentus
519 1357 637 1404 aper
648 1360 658 1399 ;
679 1359 826 1398 nunc,
839 1359 989 1405 quem
1001 1342 1225 1405 tetigisse
1241 1343 1486 1398 timerent,

104 1462 191 1498 bant,
207 1473 297 1493 versu
311 1463 384 1493 620.
399 1468 430 1493 et
441 1462 589 1504 repetitur
604 1463 666 1499 hie,
680 1464 764 1504 quod

105 1511 240 1541 maxime
256 1511 287 1541 in
303 1511 340 1541 iis
355 1512 565 1547 memorabile,
582 1511 680 1542 factas
695 1522 762 1542 esse

104 1569 121 1590 e
136 1562 252 1601 gemino
267 1571 397 1600 corpore.

149 1609 223 1639 723.
245 1610 338 1639 Sertis
357 1609 489 1650 aliisque
511 1608 648 1639 donariis
663 1609 762 1640 ornari

104 1657 246 1688 solebant
271 1659 404 1694 arbores,
431 1668 539 1698 eaeque
567 1668 687 1688 summa
715 1669 762 1689 re-

105 1705 219 1746 ligione
245 1707 428 1737 colebantur
453 1717 471 1737 a
495 1706 762 1748 praetereuntibus,

105 1766 163 1785 nec
181 1755 271 1786 facile
287 1756 451 1797 quisquam
475 1766 526 1786 eas
541 1756 676 1786 violabat
697 1767 763 1787 ma-

107 1814 148 1834 nu
170 1810 223 1834 aut
246 1804 355 1835 securi.
400 1804 482 1835 Vide
498 1804 627 1834 Herald.
644 1804 682 1834 ad
703 1804 762 1835 Ar-

105 1853 177 1882 nob.
192 1853 212 1882 i.
228 1864 258 1893 p.
275 1854 328 1883 22.
378 1852 461 1882 Cura
481 1854 523 1891 pii
542 1853 599 1883 Dis
619 1859 711 1889 sunt5
735 1859 762 1883 et

105 1903 304 1931 —coluntur.
367 1902 445 1931 Colit
486 1902 571 1931 Deus
608 1900 760 1937 homines,

106 1950 230 1991 quando
253 1960 358 1980 curam
374 1960 479 1980 eorum
503 1949 592 1990 gerit.
640 1950 707 1980 Cic.
721 1950 762 1980 N.

105 1999 148 2028 D.
161 1998 180 2027 i.
194 1998 231 2027 41
248 2010 254 2027 ε
275 1999 338 2028 Cur
354 1999 429 2028 Deos
440 2000 475 2027 ιιΙ)
490 1998 653 2027 hominibus
666 2000 762 2028 colen-

104 2049 154 2077 dos
165 2049 256 2082 dicas,
266 2059 357 2087 quum.
372 2048 424 2077 Dii
435 2048 562 2077 homines
577 2058 632 2076 non
643 2048 762 2077 colunt?

105 2097 248 2126 Lactant.
262 2096 345 2137 Epit.
355 2097 395 2126 27
410 2109 416 2125 :
446 2099 534 2126 ritum
551 2097 700 2126 hominum
715 2107 762 2126 ea-

106 2146 212 2180 colei·e,
232 2157 332 2184 eosque
346 2146 382 2174 ab
397 2147 476 2174 ouini
490 2146 566 2174 malo
582 2147 674 2174 tueri.

149 2195 331 2225 725—884.
358 2195 483 2224 Proteus
494 2201 521 2224 et
536 2193 675 2233 Mestm]
701 2193 762 2223 Ex-

105 2243 229 2284 ponitur
251 2243 289 2273 de
314 2243 360 2278 iis,
380 2243 433 2284 qui
453 2243 582 2273 formam
607 2243 765 2272 habebant

108 2292 297 2332 ambiguam,
327 2292 386 2323 hoc
417 2298 474 2327 est,
504 2292 616 2332 quibus
648 2291 764 2321 licebat

107 2341 197 2371 modo
219 2340 251 2370 in
272 2341 362 2376 hanc,
379 2341 470 2370 modo
486 2341 517 2370 in
532 2340 618 2370 illam
634 2340 762 2370 formam

106 2390 246 2425 transire,
258 2390 289 2420 in
305 2390 417 2430 quibus
435 2391 570 2425 Proteus,
582 2390 763 2420 725—737.

106 2445 138 2469 et
161 2439 377 2469 Erisichthonis
400 2439 475 2468 filia.
522 2439 571 2468 De
590 2439 696 2467 Proteo
720 2438 761 2467 lo·

105 2498 162 2518 cus
173 2488 320 2518 classicus
335 2488 417 2529 apud
436 2488 559 2518 Homer.
573 2487 635 2517 Od.
654 2492 689 2518 Δ.
701 2487 762 2516 364

105 2547 177 2577 sqq.
199 2547 289 2577 quem
316 2536 474 2577 Virgilius,
499 2536 614 2576 Georg.
636 2535 677 2566 iv.
701 2536 763 2565 387

108 2594 177 2625 sqq.
200 2590 231 2614 et
254 2585 367 2615 Noster
390 2585 432 2614 xi.
450 2585 523 2615 254.
540 2589 763 2625 expresserunt.

108 2633 186 2662 Tam
202 2635 374 2674 ambiguum
393 2639 508 2669 autem,
522 2637 557 2663 ut
579 2632 611 2662 ii.
627 2633 657 2663 9.
672 2642 762 2662 voca—

108 2687 169 2717 tur,
180 2681 284 2712 Deum
299 2682 452 2714 finxerunt
466 2681 550 2713 haud
562 2680 656 2712 dubie
672 2680 763 2722 prisci

832 1469 985 1501 auctores
999 1464 1111 1505 quibus
1131 1465 1275 1505 placebat
1291 1475 1403 1506 aquam
1420 1475 1487 1495 esse

830 1514 1016 1555 principium
1031 1515 1166 1545 omnium
1182 1524 1281 1545 rerum
1295 1527 1302 1552 ;
1328 1515 1486 1556 Orpheus,

831 1562 939 1603 hymn.
954 1565 1007 1594 24.
1052 1563 1134 1594 Vide
1153 1563 1311 1605 Heynium
1337 1564 1377 1594 ad
1400 1564 1488 1605 Virg.

829 1611 914 1642 dicto
926 1613 1004 1643 loeo.

874 1661 946 1691 727.
984 1661 1083 1690 Nixus
1111 1660 1239 1700 cubita]
1279 1661 1428 1692 Jacuerat
1455 1660 1488 1691 in

830 1709 965 1746 lectulo;
990 1719 1084 1744 nunc,
1100 1719 1197 1749 quum
1220 1719 1342 1739 narrare
1362 1708 1439 1744 vult,
1455 1719 1488 1739 se

829 1757 930 1797 erigit.
976 1758 1162 1788 Renoramen
1200 1768 1254 1799 pro
1290 1757 1487 1788 transforma-

831 1805 924 1840 tione,
948 1812 1002 1836 aut
1027 1816 1105 1836 nova
1130 1806 1237 1841 forma,
1261 1816 1338 1836 nove
1358 1805 1486 1837 dictum.

830 1855 897 1889 Jus,
914 1860 1050 1895 potestas
1068 1865 1224 1885 concessa.
1270 1855 1307 1884 ln
1330 1854 1367 1884 iis
1381 1854 1489 1885 Thetis

831 1902 1029 1937 transformis,
1046 1903 1087 1932 xi.
1101 1904 1162 1932 241
1185 1914 1253 1943 sqq.
1298 1902 1419 1932 Nereus
1438 1913 1486 1932 se-

829 1951 966 1981 cundum
982 1951 1196 1992 Pherecydem
1218 1951 1249 1981 in
1266 1951 1371 1981 Schol.
1388 1950 1486 1992 Apol-

829 2000 891 2029 lon.
907 1999 947 2030 iv.
966 2001 1058 2030 1396.

873 2049 945 2078 731.
971 2049 1130 2087 Complesi,
1146 2048 1223 2088 etc.]
1250 2049 1402 2078 Homerus
1416 2058 1486 2078 eum

826 2097 918 2137 juxta
937 2096 1073 2126 Pharum
1099 2096 1233 2126 insulam
1250 2096 1396 2131 collocat,
1418 2097 1487 2126 Vir-

830 2144 922 2185 gilius
938 2144 969 2174 iu
985 2145 1153 2185 Carpathio
1169 2145 1256 2179 mari,
1268 2149 1300 2174 ut
1316 2143 1392 2173 adeo
1408 2144 1486 2174 illud

831 2194 1012 2234 figmentum
1028 2204 1098 2224 cum
1114 2193 1391 2235 philosophemate,
1404 2194 1486 2223 unde

830 2243 957 2284 pendet,
973 2253 1010 2272 ex
1027 2243 1166 2283 zEgypto
1188 2241 1336 2281 originem
1357 2241 1486 2272 traxisse

831 2291 982 2322 videatur.
1026 2290 1204 2320 Secundum
1228 2291 1408 2324 Homerum,
1425 2290 1489 2320 Od.

832 2343 867 2370 Δ.
883 2350 971 2369 versu
989 2339 1061 2369 417.
1077 2338 1181 2368 omnia
1206 2344 1304 2368 tentat
1328 2338 1404 2373 fieri,
1419 2338 1485 2368 ὅσσ’

829 2387 882 2417 ἐπὶ
900 2390 999 2429 γαῖαν
1011 2386 1153 2428 Ἐρπετὰ
1168 2387 1326 2428 γίνονται,
1336 2388 1388 2417 καὶ
1405 2386 1486 2429 ὕδωρ

831 2437 881 2466 καὶ
897 2435 1071 2472 θεσπιδαὲς
1087 2437 1163 2475 πῦρ,
1175 2441 1206 2465 et
1222 2445 1284 2465 ver.
1296 2435 1367 2466 456.
1379 2436 1412 2464 fit
1427 2436 1486 2471 leo,

831 2484 935 2520 draco,
959 2486 1120 2524 panthera,
1149 2485 1256 2524 ingens
1279 2494 1341 2519 sus,
1367 2484 1486 2524 liquida

831 2544 924 2574 aqua,
935 2534 1034 2564 arbor.
1070 2532 1284 2568 Viderimerni.
1317 2531 1485 2568 Interdum,

831 2588 890 2612 etc.
936 2580 1097 2622 Virgilius,
1118 2582 1234 2621 Georg.
1254 2580 1296 2610 iv.
1318 2581 1378 2610 409
1392 2591 1483 2621 sqq.:

832 2632 895 2660 Aut
909 2641 1006 2661 acrem
1015 2630 1148 2670 flammae
1163 2631 1290 2659 sonitum
1304 2629 1485 2659 ‹labit—aut

830 2680 863 2709 in
878 2690 968 2719 aquas
982 2684 1082 2709 tenues
1096 2678 1227 2717 dilapsus
1242 2678 1343 2708 abibit.
