1779 3130
209 162 295 203 212

599 159 650 200 P.
685 159 897 202 OVIDII
932 159 1211 202 NASONIS

214 274 387 322 Poscit
411 289 594 337 equos;
623 274 849 337 tantique
874 273 1038 337 operis
1062 273 1293 321 mercede
1317 280 1512 337 negata,

217 351 304 398 Bis
330 351 530 414 perjura
552 350 689 413 capit
714 357 957 413 superatae
983 350 1164 396 moenia
1187 349 1363 412 Trojae.

1500 352 1597 396 215

216 427 262 473 Ν
269 443 324 473 ec
350 442 463 489 pars
488 427 694 482 militiae,
722 426 976 483 Telamon,
998 426 1104 473 sine
1128 426 1315 472 honore
1339 425 1573 481 recessit;

216 502 537 565 Hesioneque
561 503 679 550 data
702 502 915 566 potitur:
950 519 1065 549 nam
1089 503 1302 564 conjuge
1327 501 1512 548 Peleus

218 579 396 625 Clarus
423 586 528 626 erat
554 579 707 635 Diva3
748 594 840 625 nec
865 579 941 626 avi
965 578 1123 640 magis
1149 578 1231 625 ille
1257 577 1482 640 superbit

217 654 448 712 Nomine,
470 671 621 718 quam
646 655 802 702 soceri
824 673 834 712 ;
865 654 1113 717 siquidem
1137 653 1167 700 J
1172 654 1274 700 ovis
1298 669 1409 700 esse
1434 654 1602 716 nepoti

219 731 445 793 Contigit
469 732 601 778 haud
622 731 734 779 uni:
767 733 950 794 conjux
977 732 1087 779 Dea
1110 730 1319 792 contigit
1342 730 1443 777 uni.
1505 734 1603 776 220

284 807 373 854 VI.
395 807 628 870 Namque
644 823 799 854 senex
810 807 1008 855 Thetidi
1026 808 1256 863 Proteus,
1276 813 1306 831 “
1320 806 1476 862 Dea,’'
1491 807 1599 854 dix—

418 891 538 941 erat,
568 890 598 908 “
625 884 787 940 undae,

219 1036 291 1068 dam
316 1039 358 1068 bis
373 1039 534 1078 perit11r05
559 1038 612 1069 sed
630 1038 799 1081 deceperat
815 1040 880 1082 jam

220 1085 426 1127 Apollinem;
452 1087 523 1118 vide
550 1087 674 1129 insuper
698 1087 738 1118 ad
759 1099 881 1120 versum

219 1135 295 1166 208.
344 1135 437 1176 Regii
453 1135 548 1166 nostri
567 1139 703 1176 perjura.
748 1137 821 1167 Non
836 1138 879 1168 lo-

219 1194 276 1215 cus
297 1189 343 1215 est
364 1195 419 1215 cur
437 1185 487 1216 hie
510 1185 667 1216 alludatur
687 1186 727 1216 ad
750 1186 881 1217 alteram

219 1234 319 1275 Trojae
334 1233 470 1271 ruinam,
488 1245 583 1276 quam
604 1242 712 1276 postea
729 1245 747 1266 a
763 1236 882 1267 Graecis

221 1288 268 1314 est
282 1292 385 1324 passa.

265 1333 341 1362 216.
356 1331 493 1362 Telamon
509 1331 627 1362 amicus
643 1337 674 1362 et
689 1332 789 1364 socius
804 1332 882 1364 Her-

223 1380 303 1411 culis
331 1380 363 1411 in
393 1379 499 1411 multis
528 1381 760 1412 certaminibus.
806 1383 884 1413 Pars

224 1432 338 1460 militia:
366 1429 459 1460 etiam
486 1429 617 1460 Heroid.
639 1430 704 1460 viii.
729 1432 789 1468 463
812 1432 883 1462 vide

225 1478 265 1509 ad
286 1479 327 1509 ix.
343 1480 395 1509 20.
440 1479 511 1509 Sine
527 1479 643 1514 honore,
660 1479 726 1510 sine
747 1480 885 1521 praemio.

225 1528 380 1558 Isocrates
400 1527 432 1557 in
453 1528 553 1568 Evag.
574 1539 608 1569 p.
627 1529 701 1558 454.
719 1528 772 1558 ed.
789 1529 885 1560 Wolf.

225 1577 301 1607 min.
328 1577 366 1608 de
390 1576 570 1612 Telamone,
592 1576 658 1618 μεθ’
687 1576 885 1617 “Ηρακλέους

225 1626 280 1657 ἐπὶ
297 1625 505 1667 Λαομέδοντα
527 1625 806 1667 στρατευσάμενος
819 1629 885 1658 τῶν

223 1676 398 1717 (ι’ριστείων
417 1676 521 1717 ἔτυχε.
566 1674 658 1705 Illam
673 1675 772 1716 Trojae
792 1686 886 1717 expe-

225 1725 374 1755 ditionem
390 1731 493 1754 narrat
507 1723 654 1764 Apollod.
673 1724 718 1753 II.
734 1723 775 1754 vi.
792 1725 822 1754 4.
838 1725 886 1755 Ex

231 1775 358 1804 Hesiona
372 1774 527 1804 Teucrum
542 1772 651 1813 genuit
664 1772 830 1803 Telamon.

270 1824 346 1853 217.
362 1823 482 1857 Peleus,
500 1822 592 1852 frater
606 1821 887 1857 Telamonis,The-

227 1872 304 1906 uda,
328 1871 423 1901 7Nerei
442 1870 548 1904 filiam,
565 1869 702 1899 habebat
722 1872 888 1911 conjugem.

228 1922 382 1951 Isocrates
398 1919 428 1949 d.
441 1920 463 1949 l.
478 1917 593 1952 Θέτιέι,
612 1919 731 1956 Θνηι-ὸς
746 1918 793 1949 ὢν
808 1918 886 1950 ἀθα-

228 1969 319 2009 νάτῳ
347 1966 524 2008 συνῴκησε·
550 1967 604 1996 καὶ
632 1966 735 2006 μόνου
770 1966 888 1998 τούτου

230 2019 307 2059 φασὶ
331 2020 396 2048 τῶν
421 2014 718 2057 προγεγενημένων
738 2015 804 2046 ὑπὸ
822 2019 888 2047 τῶν

229 2068 310 2098 Θεῶν
334 2066 368 2097 ἐν
388 2067 457 2101 τοῖς
480 2065 592 2106 γάμοις
610 2063 764 2104 ὑμέναιον
784 2063 888 2106 ᾴσΘῆ-

229 2128 298 2147 ναι.
358 2114 454 2144 Plura
481 2113 520 2144 de
550 2123 586 2143 eo
614 2113 758 2154 conjugio
795 2113 890 2144 habet

230 2163 451 2205 Apollodorus,
474 2162 540 2192 ΠΙ.
560 2161 625 2191 xiii.
649 2163 678 2191 5.
711 2162 890 2193 Telamonis

231 2218 263 2244 et
283 2211 369 2242 Pelei
394 2217 481 2251 pater
504 2210 561 2240 fuit
584 2210 714 2244 AEacus,
737 2220 810 2240 avus
832 2211 889 2240 Ju-

231 2262 322 2304 piter.
364 2261 437 2295 Uni,
453 2269 564 2300 nempe
581 2270 617 2289 ex
634 2258 681 2288 his
697 2258 818 2289 duobus
830 2259 890 2289 fra-

232 2310 340 2341 tribus.
385 2310 457 2339 Non
480 2314 584 2338 autem
609 2307 750 2338 universe
773 2307 891 2338 dictum

233 2365 301 2397 est3
325 2368 397 2388 nam
413 2357 519 2398 plures
538 2357 606 2387 Deae
623 2362 792 2397 nupserunt
811 2367 891 2387 mor-

233 2408 359 2439 talibus.
406 2406 561 2436 Caeterum
582 2405 649 2435 haec
670 2404 708 2434 de
724 2404 818 2435 Peleo
842 2415 889 2435 as-

234 2458 328 2498 persit
350 2456 476 2490 Noster,
502 2461 537 2485 ut
562 2453 722 2485 commode
749 2454 892 2485 transiret

234 2505 274 2536 ad
290 2505 427 2535 fabulam
443 2509 637 2544 sequentem.

279 2554 459 2583 221—265.
477 2552 559 2582 Pelei
575 2559 603 2581 et
624 2551 757 2581 Thetidis
776 2551 891 2592 nuptiae

236 2601 328 2632 valde
352 2601 515 2631 celebratae
532 2610 550 2630 a
565 2600 752 2636 Veteribus3
776 2600 892 2630 Home—

237 2650 349 2685 rus,11.
362 2653 399 2680 Ω.
410 2650 472 2679 534
484 2661 491 2687 ς
503 2648 891 2688 HesiodusTheog.1005;

238 2697 402 2740 Euripides
427 2697 498 2738 Iph.
517 2696 593 2727 Aul.
615 2697 696 2727 1036
715 2707 792 2737 sqq;
826 2696 890 2726 Iso-

948 1044 1061 1076 crates,
1077 1039 1218 1081 Evag.p.
1231 1039 1310 1077 4543
1328 1037 1524 1080 Apollonius,
1540 1037 1605 1069 Rh.

949 1088 992 1119 iv.
1020 1090 1081 1120 807
1104 1100 1182 1130 sqq;
1207 1089 1350 1120 Catullus
1373 1087 1513 1130 Epithal.
1538 1087 1606 1118 Pel.

949 1144 980 1169 et
995 1138 1086 1169 Thet.
1097 1138 1244 1168 Valerius
1260 1138 1401 1172 Flaccus,
1417 1137 1438 1167 i.
1453 1138 1514 1167 130
1529 1147 1608 1178 sqq;

949 1187 1104 1217 Coluthus
1126 1187 1223 1228 Rapt.
1238 1186 1313 1217 Hel.
1332 1187 1370 1216 17
1389 1196 1458 1227 sqq.
1503 1186 1606 1216 Pecu-

949 1236 1018 1266 liari
1044 1236 1181 1266 carmine
1211 1246 1264 1266 eas
1299 1235 1512 1266 celebraverat
1540 1235 1607 1265 He-

949 1284 1066 1320 siodus,
1085 1284 1167 1315 unde
1191 1295 1250 1314 non
1275 1284 1333 1314 nisi
1357 1283 1419 1314 duo
1433 1294 1539 1313 versus
1562 1293 1609 1313 re-

950 1338 1044 1369 stant,
1070 1333 1146 1373 Τρὶς
1172 1331 1277 1373 μάκαρ
1309 1330 1454 1370 Αἰακίδῃ,
1481 1333 1534 1362 καὶ
1561 1343 1610 1362 τε·

950 1380 1058 1422 τρὰκις
1087 1381 1176 1420 ὄλβιε
1202 1382 1326 1418 Πηλεῦ,
1345 1379 1405 1417 “Oc
1431 1382 1496 1417 τοῖς
1521 1379 1546 1410 δ’
1573 1380 1610 1411 ἐν

949 1430 1101 1472 μεγάροις
1125 1430 1210 1471 ἱερὸν
1236 1429 1331 1470 λέχος
1355 1429 1610 1469 εἰσαναβαίνεις.

951 1479 1012 1510 Sed
1037 1480 1160 1515 Noster,
1184 1479 1279 1509 missa
1307 1477 1440 1509 convivii
1463 1477 1614 1520 nuptialis

951 1528 1147 1564 solennitate,
1179 1527 1217 1558 de
1254 1538 1317 1568 qua
1353 1526 1457 1558 caeteri
1494 1527 1610 1568 copiosi

952 1584 1035 1613 sunt,
1052 1583 1150 1608 artem
1173 1576 1276 1618 potius
1294 1581 1456 1611 memorat,
1474 1586 1537 1616 qua
1552 1576 1612 1607 Pe-

952 1626 1019 1657 leus
1035 1626 1182 1667 virginem
1199 1625 1327 1667 ceperit.
1358 1624 1472 1655 Confer
1481 1624 1611 1666 Apollo-

953 1674 1073 1710 dorum,
1089 1675 1152 1705 III.
1167 1674 1231 1704 xiii.
1247 1676 1279 1704 5.
1325 1672 1387 1703 Sed
1411 1673 1505 1703 etiam
1528 1672 1612 1715 apud

954 1724 1115 1765 Hyginum
1143 1723 1206 1753 fab.
1231 1723 1286 1754 54.
1313 1728 1344 1752 et
1370 1722 1407 1752 P.
1435 1722 1476 1751 A.
1501 1721 1535 1752 ii.
1563 1723 1612 1753 15.

955 1772 1153 1802 Eustathium
1169 1772 1208 1802 ad
1225 1771 1350 1802 Homeri
1365 1770 1483 1800 dictum
1497 1770 1614 1806 locum,

955 1821 1057 1851 Tzetz.
1078 1821 1117 1851 ad
1138 1820 1294 1862 Lycophr.
1317 1831 1350 1861 p.
1369 1821 1424 1850 38.
1469 1820 1611 1850 Servium

956 1869 995 1900 ad
1010 1869 1097 1909 Yirg.
1112 1869 1180 1899 Ecl.
1195 1870 1236 1898 vi.
1253 1870 1303 1898 42.
1321 1867 1427 1897 fabula
1442 1868 1614 1909 attingitur.

956 1918 1147 1949 Vaticinium
1166 1917 1245 1948 illud
1261 1917 1414 1947 Pindarus
1429 1917 1541 1947 Isthm.
1558 1928 1613 1948 xx.

956 1968 987 1997 4.
1008 1967 1204 2008 Apollonius,
1220 1966 1322 1996 Schol.
1339 1965 1550 2006 Lycophronis
1573 1967 1613 1997 ad

959 2016 1028 2046 178.
1047 2021 1078 2045 et
1098 2014 1278 2045 Lactantius
1299 2014 1377 2043 Inst.
1392 2014 1419 2043 Ι.
1434 2014 1466 2043 ii.
1483 2015 1513 2045 9.
1528 2014 1612 2045 The-

955 2063 1030 2093 midi
1051 2063 1200 2093 tribuunt.
1247 2062 1299 2092 Ad
1322 2062 1542 2093 Prometheum
1567 2074 1614 2094 re-

956 2112 1014 2142 fert
1042 2111 1222 2152 AEschylus,
1248 2111 1352 2141 Prom.
1378 2111 1454 2141 906.
1481 2116 1513 2141 et
1542 2111 1614 2142 inde

956 2161 1100 2202 Hyginus
1128 2160 1227 2202 priore
1256 2160 1335 2195 loco,
1363 2160 1419 2190 sed
1448 2159 1546 2190 altero
1575 2160 1614 2191 ad

958 2209 1086 2244 Parcas,
1100 2209 1183 2240 unde
1206 2209 1383 2249 cognoverit
1398 2209 1614 2246 Prometheus,

956 2258 1010 2299 qui
1028 2258 1107 2288 illud
1127 2258 1199 2289 Jovi
1216 2258 1282 2299 jam
1305 2257 1467 2299 prodeunti
1483 2257 1523 2288 ad
1538 2269 1614 2290 con·

957 2307 1095 2337 cubitum
1138 2305 1334 2336 indicaverit.
1388 2307 1474 2336 Bene
1511 2313 1615 2337 autem

957 2355 1072 2385 Noster
1098 2355 1205 2385 Protea
1230 2354 1361 2390 inducit,
1388 2355 1492 2384 Deum
1523 2356 1615 2386 mari-

956 2414 1042 2439 num,
1067 2403 1262 2444 eundemque
1277 2409 1379 2434 vatem
1403 2403 1617 2440 certissimum,

958 2453 1047 2494 cujus
1060 2451 1209 2482 vaticinia
1224 2452 1316 2482 etiam
1333 2452 1416 2493 apud
1429 2452 1612 2488 Homerum,

959 2500 1022 2531 Od.
1041 2505 1077 2531 Δ.
1093 2501 1155 2530 364
1174 2512 1242 2541 sqq.
1263 2506 1294 2530 et
1310 2499 1486 2540 Virgilium,
1502 2501 1616 2541 Georg.

958 2548 999 2579 iv.
1015 2550 1088 2579 39⁶2.
1102 2555 1220 2579 extant.
1255 2548 1390 2586 Concipe.
1415 2549 1617 2589 Consequens

959 2607 1013 2638 pro
1027 2597 1242 2632 antecedente,
1259 2597 1340 2627 nube
1357 2595 1431 2627 viro.
1478 2597 1615 2638 inz'jbr-

960 2647 1047 2680 tibus,
1071 2651 1132 2676 etc.
1160 2645 1322 2679 Pindarus,
1345 2645 1429 2675 dicto
1453 2646 1531 2681 loco,
1558 2658 1612 2677 πε-

960 2693 1130 2735 πρωμένον
1146 2693 1359 2735 ἧν,φὲμτερον
1373 2694 1474 2735 γόνον
1486 2694 1615 2726 ἄνακτα
