1779 3130
365 167 984 209 METAMORPHOSEON
1017 166 1136 208 LIB.
1170 167 1234 208 X.
1404 168 1485 208 161

103 283 229 346 Spes
256 282 548 337 interdictae,
576 282 846 329 discedite:
886 282 1065 344 dignus
1091 282 1242 328 amari

101 358 207 412 Ille,
236 358 324 405 sed
350 365 403 404 ut
427 364 581 420 pater,
610 365 714 404 est:
757 373 872 418 ergo
899 358 939 403 si
965 358 1064 404 filia
1088 359 1251 419 magni

101 434 217 480 Non
242 450 403 481 essem
431 434 647 496 Cinyrae,
677 433 877 497 Cinyrae
904 434 1234 480 concumbere
1261 450 1477 497 possem.

101 509 246 556 Nunc
277 510 394 572 quia
418 517 518 556 tam
547 525 686 555 meus
716 517 807 563 est,
838 526 933 555 non
963 517 1039 556 est
1064 525 1232 563 meus;
1272 510 1482 573 ipsaque

297 586 478 632 damno
1384 589 1480 633 339

99 661 191 707 Est
216 662 334 708 mihi
360 661 678 724 proximitas:
719 661 880 707 aliena
906 661 1152 723 potentior
1177 678 1358 708 essem.

99 737 177 784 Ire
201 738 324 784 libet
348 738 520 800 procul
546 737 676 793 hinc,
706 736 994 799 patriosque
1024 737 1302 799 relinquere
1326 738 1466 793 fines,

99 813 231 860 Dum
249 815 410 860 scelus
428 813 683 874 effugiam:
704 814 884 860 retinet
899 813 1055 859 malus
1072 830 1204 860 error
1215 822 1479 869 amantem,

99 888 170 935 Ut
192 905 410 952 praesens
431 896 656 952 spectem
675 889 928 952 Cinyram,
947 896 1266 952 tangamque,
1284 891 1480 952 loquar-

99 965 387 1028 Osculaque
409 966 713 1021 admoveam,
733 967 772 1012 si
790 966 856 1012 nil
874 966 1162 1013 conceditur
1177 967 1320 1013 ultra.
1341 967 1478 1029 [que,

100 1041 244 1088 Ultra
259 1049 424 1088 autem
441 1058 637 1104 sperare
654 1042 843 1104 aliquid
860 1050 1018 1105 poteS,
1037 1042 1188 1105 impia
1201 1043 1365 1104 virgo?
1383 1045 1479 1089 345

99 1118 224 1172 Nec,
252 1118 386 1180 quod
411 1118 683 1165 confundas
710 1128 759 1165 et
777 1121 888 1181 jura
914 1127 963 1166 et
988 1120 1202 1174 nomina,
1231 1119 1418 1165 sentis?

97 1194 237 1241 Tune
263 1195 358 1241 eris
384 1202 434 1241 et
460 1195 630 1241 matris
656 1196 839 1258 pellex,
868 1203 917 1242 et
942 1196 1168 1242 adultera
1192 1196 1380 1258 patris?

97 1270 237 1317 Tune
264 1286 398 1317 soror
422 1271 573 1332 gnati,
602 1271 932 1333 genetrixque
957 1272 1198 1318 vocabere
1222 1270 1417 1317 fratris?

100 1347 207 1394 Nec
233 1355 424 1394 metues
450 1355 554 1395 atro
580 1348 779 1394 crinitas
806 1364 965 1410 angue
995 1348 1216 1402 Sorores,

97 1424 250 1480 Quas,
273 1424 463 1471 facibus
485 1426 626 1472 saevis
646 1426 814 1472 oculos
836 1432 986 1487 atque
1008 1440 1092 1471 ora
1112 1431 1355 1487 petentes,
1382 1425 1479 1470 350

98 1501 266 1548 Noxia
289 1502 439 1548 corda
462 1503 663 1549 vident?
701 1509 751 1550 at
775 1509 844 1558 tu,
873 1502 991 1548 dum
1017 1516 1221 1564 corpore
1247 1516 1344 1546 non
1370 1515 1422 1547 es

96 1577 269 1632 Passa,
298 1577 434 1625 nefas
461 1580 625 1626 animo
651 1596 713 1626 ne
740 1579 973 1643 concipe:
1014 1594 1137 1625 neve
1163 1576 1380 1640 potentis

139 1721 214 1751 336.
241 1721 361 1761 Dignus
375 1721 501 1761 amari]
528 1722 598 1751 Art.
613 1722 719 1752 Amat.
735 1722 755 1751 i.

94 1771 166 1800 285.
184 1770 315 1809 Myrrha
336 1776 464 1809 patrem,
483 1772 531 1800 sed
554 1782 610 1800 non
631 1776 666 1800 ut
680 1771 753 1810 filia

93 1820 186 1854 dehet,
199 1820 322 1849 amarit.
348 1819 457 1859 Magni
473 1819 603 1858 Cinyras.
626 1818 753 1849 Ditissi-

94 1878 162 1898 mus
179 1874 210 1897 et
224 1866 457 1908 potentissimus
472 1867 530 1898 fuit
547 1867 688 1907 Cinyras.
722 1867 748 1897 A

95 1916 192 1946 Suida
206 1916 238 1946 in
254 1916 393 1957 Κίνυρα,
409 1922 536 1946 vocatur
557 1915 754 1952 ζάπλουτος.

95 1965 166 1995 Fuit
193 1966 287 1996 etiam
317 1965 457 2006 proverb.
483 1964 628 2006 Κινύρου
652 1965 752 1995 πλου-

95 2013 244 2054 σιώτερος
259 2013 342 2055 apud
359 2013 568 2054 Apostolium,
584 2014 675 2044 Cent.
692 2014 754 2044 xix.

96 2063 156 2099 403
174 2061 299 2091 Pindar.
316 2062 409 2092 Nem.
424 2061 488 2091 viii.
500 2061 687 2103 20.”Οσπερ
702 2063 756 2092 καὶ

93 2109 247 2150 Κινύραν
275 2110 379 2151 ἔβρισε
408 2110 540 2151 πλούτῳ
570 2110 691 2151 ποντίᾳ
720 2111 756 2141 ἔν

97 2169 176 2188 ποτε
192 2157 330 2198 Κύπρῳ.
365 2159 518 2198 Tyrtaeus,
537 2159 641 2189 Carm.
656 2158 700 2188 iii.
715 2160 753 2188 6:

95 2205 132 2236 Εἰ
156 2206 315 2243 πλουτοίη
336 2205 367 2236 δὲ
386 2205 491 2237 Μίδεω
512 2208 564 2237 καὶ
587 2205 755 2248 Κινυρέοιο

96 2254 213 2286 πλέον.

137 2305 210 2334 339.
238 2303 310 2333 Tam
333 2315 413 2334 mens
435 2303 522 2334 dedit
548 2304 694 2334 Heinsius
716 2314 752 2334 ex

96 2352 325 2393 Langermanni
359 2352 485 2389 codice3
516 2353 609 2393 vulgo
643 2356 691 2393 (et
723 2352 753 2382 in

96 2400 206 2430 nostris
223 2400 430 2440 Regiis)jam
450 2412 543 2431 meus.
592 2402 670 2435 Quia
696 2406 755 2430 tam

96 2460 174 2480 meus
197 2456 248 2485 est,
265 2456 324 2479 etc.
371 2450 520 2490 Oxymori
543 2450 679 2491 speciem
701 2450 755 2480 ha-

94 2499 158 2534 bet,
185 2498 258 2539 quia
287 2506 349 2529 tam
376 2499 565 2540 propinquus
595 2499 669 2529 mihi
695 2505 752 2534 est,

92 2553 255 2588 propterea
272 2558 331 2577 non
347 2558 471 2589 possum
487 2548 514 2578 ei
532 2548 660 2578 nubere.
692 2547 753 2577 Sed

93 2595 171 2625 talia
200 2595 251 2626 vix
285 2606 351 2626 esse
379 2596 523 2627 videntur
561 2596 754 2637 desperantis

93 2642 201 2672 animi.
241 2644 421 2675 Prin-unitas
436 2650 466 2675 et
482 2644 557 2675 alibi
574 2644 656 2686 apud
673 2645 754 2675 Nos-

95 2697 177 2721 trum
194 2693 337 2723 occurrit.
383 2695 502 2729 Aliena,
520 2694 544 2724 si
564 2694 678 2729 aliena,
694 2704 753 2723 non

143 2739 240 2770 VOL.
266 2741 325 2771 1v.

824 1720 889 1750 filia
913 1731 1030 1757 essem3
1054 1720 1095 1750 ix.
1117 1720 1191 1751 326.
1213 1721 1314 1749 aliena
1335 1719 1481 1758 sauguine

825 1776 929 1799 restro.
971 1769 1135 1803 Potentior,
1150 1767 1281 1803 beatior,
1298 1772 1332 1797 ut
1347 1766 1390 1796 iv.
1408 1767 1482 1796 325.

823 1816 1022 1847 Schirachius
1038 1817 1184 1858 explicat,
1199 1815 1353 1857 potentior
1367 1813 1444 1844 voti.

866 1867 938 1896 341.
956 1866 1006 1895 Ire
1023 1866 1092 1895 libet
1104 1866 1210 1903 procul
1226 1863 1322 1903 hina]
1350 1862 1481 1903 Proper-

824 1914 896 1949 tius,
912 1914 975 1943 ΙΙΙ.
992 1924 1046 1943 xx.
1061 1914 1092 1943 9.
1113 1912 1215 1942 Unum
1233 1914 1290 1942 erit
1311 1912 1459 1941 auxilium
1472 1922 1481 1939 :

822 1965 957 1998 mutatis,
972 1962 1114 2002 Cynthia,
1129 1963 1229 1997 terris,
1243 1961 1399 1995 Quantum
1412 1971 1481 1990 ocu-

826 2014 872 2047 lis,
891 2014 988 2042 animo
1005 2018 1064 2040 tum
1079 2012 1184 2050 procul
1203 2013 1255 2040 ibit
1270 2011 1371 2040 Amor.

802 2059 807 2064 ”
867 2062 942 2091 342.
970 2061 1111 2091 Errorem
1135 2059 1217 2100 apud
1241 2064 1349 2101 poetas
1372 2058 1410 2089 de
1434 2058 1482 2089 in-

823 2120 897 2139 sano
909 2119 1011 2139 amore
1024 2108 1098 2144 dici,
1109 2108 1200 2138 docet
1210 2107 1375 2145 Heinsius3
1389 2107 1482 2137 Trist.

824 2159 852 2189 Ι.
867 2158 899 2189 11.
915 2158 968 2188 99.
983 2160 1007 2187 si
1023 2168 1066 2187 me
1080 2158 1175 2187 malus
1190 2158 1315 2187 abstulit
1330 2167 1425 2186 error.

868 2208 943 2237 346.
971 2207 1148 2247 Corgfuudas
1171 2206 1319 2246 nomina]
1347 2205 1407 2235 Illa
1428 2215 1480 2234 no-

821 2256 940 2286 minum
952 2255 1092 2286 confusio
1103 2255 1152 2285 vel
1166 2256 1300 2285 maxime
1313 2255 1403 2285 docet
1416 2254 1481 2284 Na-

822 2310 921 2334 turam
938 2303 1072 2334 aversari
1088 2303 1184 2333 talem
1200 2303 1410 2333 concubitum.

866 2353 938 2383 347.
964 2352 1244 2392 DIntris—pati·is.]
1272 2352 1421 2391 s'Enigma
1441 2351 1480 2381 Si-

823 2401 895 2431 mile
911 2402 1014 2443 posuit
1030 2401 1067 2431 de
1084 2412 1115 2431 se
1132 2400 1264 2442 OEdipus
1280 2400 1310 2430 in
1321 2399 1481 2430 Thebaide

823 2450 963 2485 Senecae,
987 2460 1049 2479 ver.
1069 2450 1148 2479 134:
1176 2451 1233 2479 Αυὶ
1254 2459 1356 2490 gener,
1370 2451 1481 2488 putris-

824 2510 878 2538 que
894 2500 998 2528 rivalis
1013 2500 1070 2533 sni,
1086 2498 1195 2528 Frater
1207 2509 1327 2528 suorum
1343 2498 1480 2533 liberum,

822 2548 999 2587 etsi-atrum
1014 2558 1120 2585 parens
1134 2559 1140 2584 ᾖ
1172 2547 1237 2576 Uno
1253 2548 1321 2576 auia
1335 2553 1425 2585 partu
1444 2548 1481 2576 li-

823 2599 901 2627 beros
916 2598 1027 2635 peperit
1044 2599 1117 2631 viro,
1135 2597 1177 2625 Ac
1192 2597 1246 2625 sibi
1261 2602 1385 2635 nepotes.

866 2645 938 2675 352.
969 2644 1064 2685 Nefas
1087 2646 1224 2683 cam-ipe,⁸
1256 2644 1326 2675 vide
1351 2644 1390 2674 ad
1414 2654 1480 2674 ver-

822 2704 889 2723 sum
903 2694 975 2723 40⁴.
1002 2693 1110 2723 Potens
1128 2700 1250 2729 natura,
1263 2703 1333 2734 quae
1347 2692 1480 2722 multum

957 2742 985 2771 Y
