1779 3130
249 181 334 223 390
641 178 691 218 Ρ.
725 177 937 219 OVIDII
971 178 1249 221 NASONIS

255 295 358 341 Cur
376 293 502 340 hano
527 292 676 339 ferret
700 307 856 347 avem,
885 294 1139 355 quaerenti,
1168 301 1219 340 et
1243 293 1367 340 scire
1391 294 1587 349 volenti,

256 376 284 393 “
313 368 550 432 Accipe,''
577 368 658 424 ait,
699 374 728 391 “
753 367 989 415 Macareu
1013 387 1023 425 3
1064 370 1379 431 dominaeque
1418 369 1638 432 potentia

453 460 564 506 quae
592 445 657 491 sit

254 519 384 567 Hinc
400 536 601 583 quoque
617 520 754 567 disce
775 536 921 568 meae:
945 528 998 567 tu
1018 521 1163 567 dictis
1184 521 1345 583 adjice
1361 528 1576 568 mentem
1595 520 1639 567 :''

319 596 471 643 Picus
497 597 547 642 in
572 595 820 652 Ausoniis,
847 597 1012 659 proles
1040 596 1286 652 Saturnia,
1313 598 1456 644 terris
1542 600 1639 643 320

255 672 367 720 Rex
392 672 498 726 fuit,
526 673 720 719 utilium
746 674 876 720 bello
902 673 1154 720 studiosus
1180 689 1438 735 equorum.

254 749 431 796 Forma
454 749 573 805 viro,
603 766 752 812 quam
775 750 951 805 cernis,
979 757 1111 797 erat:
1140 750 1258 797 licet
1282 751 1388 813 ipse
1409 750 1639 797 decorem

250 825 497 888 AspiciaS,
524 825 741 889 fictaque
767 827 946 889 probes
972 827 1033 873 ab
1060 826 1274 888 imagine
1300 842 1482 873 veram.

252 902 351 948 Par
367 902 559 948 animus
578 902 746 949 formae
767 919 775 949 :
805 919 896 949 nec
923 903 1085 949 adhuc
1105 903 1359 965 spectasse
1378 919 1466 966 per
1485 918 1639 949 annos

251 979 639 1042 Quinquennem
658 986 851 1043 poterat
873 980 1025 1027 Graia
1041 986 1216 1042 quater
1237 979 1381 1026 Elide
1402 995 1637 1043 pugnam.

252 1055 344 1103 Ille
365 1073 479 1103 suos
508 1056 737 1120 Dryadas
766 1056 919 1104 Latiis
945 1057 994 1102 in
1019 1056 1276 1103 montibus?
1295 1063 1425 1103 ortas
1545 1057 1640 1101 326

250 1132 479 1180 Verterat
503 1133 552 1179 in
578 1134 741 1180 vultus
762 1151 771 1181 :
811 1134 949 1180 illuni
974 1135 1179 1180 fontana
1203 1134 1443 1197 petebant

253 1208 488 1265 Numina,
519 1209 753 1265 Naiades,
777 1226 901 1272 quas
918 1210 1115 1266 Albula,
1134 1226 1362 1273 quasque
1389 1209 1606 1264 Numici,

253 1285 492 1348 Quasque
507 1285 706 1332 Anienis
719 1302 878 1348 aquae,
890 1303 1138 1349 cursuque
1150 1287 1468 1334 brevissimus
1478 1285 1639 1339 Almo,

252 1361 459 1424 Narque
484 1362 599 1408 tulit
623 1378 863 1425 praeceps,
882 1371 932 1409 et
951 1379 1156 1409 amoenae
1184 1363 1411 1410 Farfarus
1433 1363 1635 1416 umbrae,

251 1438 478 1501 Quaeque
495 1439 664 1485 colunt
687 1439 938 1502 Scythicae
956 1456 1161 1501 regnum
1180 1440 1429 1486 nemorale
1448 1439 1637 1493 Dianae,

253 1514 614 1577 Finitimosque
641 1516 806 1562 lacus:
838 1517 1016 1579 spretis
1042 1524 1208 1563 tamen
1234 1516 1465 1562 omnibus
1491 1531 1639 1561 unam

252 1590 344 1638 Ille
362 1591 495 1638 fovet
516 1591 561 1638 N
566 1593 802 1656 ymphen,
823 1609 972 1655 quam
994 1593 1244 1656 quondam
1264 1593 1313 1639 in
1336 1593 1460 1640 colle
1478 1591 1639 1638 Palati
1668 1602 1678 1613 '

1025 1697 1098 1726 327.
1130 1695 1269 1726 Γοηΐιιηα
1298 1695 1459 1734 Numina]
1489 1692 1641 1724 Florenti-

983 1745 1186 1786 nussim-tiva,
1202 1745 1223 1774 i.
1235 1755 1264 1775 e.
1279 1744 1398 1775 furtivis
1416 1743 1571 1773 amoribus
1587 1742 1640 1773 de-

296 1694 370 1723 320.
403 1694 544 1727 Ausones,
580 1693 796 1734 antiquissima
824 1705 910 1735 gens,

252 1743 315 1773 late
340 1742 414 1773 olim
439 1752 492 1783 per
516 1748 611 1772 totam
637 1743 697 1772 fere
714 1743 839 1773 Italiam
854 1743 913 1774 dif-

252 1790 331 1821 fusa.
369 1792 410 1821 H.
437 1791 459 1820 l.
486 1790 691 1830 intelligenda
718 1801 787 1832 pars
812 1791 913 1822 Italiae

252 1850 301 1876 ea,
314 1850 383 1880 quae
398 1845 505 1881 postea
521 1838 606 1870 dicta
619 1845 666 1870 est
678 1840 813 1876 Latium,
825 1841 915 1882 cujus

252 1888 479 1920 vetustissimus
491 1899 544 1919 rex
558 1889 719 1925 Saturnus,
732 1889 813 1920 ultra
822 1900 914 1930 quem

252 1937 374 1968 Italicae
392 1936 523 1977 origines
540 1944 571 1967 et
593 1936 707 1967 fabulae
730 1948 790 1968 non
806 1948 911 1978 proce-

252 1987 341 2017 dunt.
397 1987 500 2027 Hujus
534 1986 615 2016 filius
648 1986 761 2023 Picus,·
801 1986 912 2028 Virgil.

253 2034 383 2066 AEneid.
403 2035 458 2064 vii.
481 2036 532 2065 48.
554 2035 609 2064 49.
647 2034 803 2065 studiosus
827 2047 911 2075 equo-

252 2095 332 2113 rum.
377 2083 472 2124 Apud
496 2083 607 2123 virgil.
624 2094 686 2113 ver.
709 2085 781 2114 189.
808 2084 910 2120 Picus,

253 2144 359 2173 equum
373 2134 512 2162 domitor.
548 2132 587 2161 Et
602 2142 690 2172 reges
704 2132 795 2173 prisci
811 2132 911 2163 Italiae

252 2182 399 2223 plurimos
416 2180 541 2211 alebant
556 2190 664 2221 equOS.

297 2231 370 2260 322.
386 2230 525 2260 Decorem
543 2229 696 2269 aspicias]
721 2229 849 2260 Plurimi
867 2242 912 2259 ro-

255 2282 356 2311 [orem.
385 2278 518 2309 Codices
534 2278 628 2319 Regii
643 2280 787 2309 decorem.
814 2279 912 2315 Ficta,

253 2329 292 2360 ad
306 2327 510 2358 imitationem
525 2337 682 2368 expressa.
732 2328 850 2362 Probes,
867 2328 912 2358 ‹li-

249 2378 382 2420 judices.
432 2377 493 2406 Nec
523 2377 634 2411 adhuc,
658 2382 718 2406 etc.
764 2377 912 2407 Nondum

253 2438 306 2468 per
343 2431 467 2456 aetatem
513 2430 634 2466 poterat
671 2433 780 2465 quater
821 2425 912 2455 ludos

253 2475 415 2517 Olympios
439 2475 605 2515 spectasse,
629 2474 767 2504 nondum
797 2484 912 2505 annum

253 2525 354 2555 aetatis
381 2523 563 2564 vigesimum
589 2523 745 2563 attigerat,
771 2529 825 2553 aut
847 2533 911 2552 om-

255 2574 336 2608 niuo,
353 2572 520 2602 admodum
534 2571 658 2612 juvenis
680 2578 758 2602 erat.
797 2572 911 2613 Loqui·

253 2628 302 2652 tur
329 2622 470 2655 Graecus,
496 2620 546 2650 cui
574 2620 649 2650 nihil
680 2621 911 2651 memorabilius

252 2670 314 2700 illis
329 2669 421 2699 ludis,
458 2667 599 2709 Spatium
615 2668 811 2709 interjectum
829 2679 909 2710 saepe

256 2718 480 2755 πενταετηρές,
496 2717 565 2747 hinc
583 2720 810 2757 (Ῑυῐηιμιιηιηυηι.

981 1793 1046 1823 dita
1062 1805 1067 1823 z
1092 1804 1152 1824 non
1169 1793 1314 1834 displicet
1329 1792 1471 1823 Heinsio.
1518 1793 1640 1827 Albula,

982 1848 1090 1883 postea
1104 1842 1245 1879 Tiberis3
1269 1842 1332 1872 vid.
1348 1841 1474 1872 Servius
1491 1848 1522 1871 et
1537 1840 1641 1871 Cerda

982 1890 1021 1920 ad
1038 1890 1150 1931 Virgil.
1167 1890 1297 1920 AEneid.
1314 1890 1378 1920 viii.
1392 1891 1466 1920 331.
1503 1889 1552 1919 De
1570 1889 1638 1919 Νιι-

982 1941 1067 1970 micio
1082 1939 1153 1970 vide
1166 1949 1231 1970 ver.
1250 1939 1323 1970 598.
1370 1940 1468 1968 Anien
1490 1944 1544 1968 aut
1562 1939 1640 1968 Anio

980 1988 1136 2019 convalles
1157 1988 1336 2018 Tiburtinas
1360 1987 1494 2028 perfluit.
1542 1988 1637 2022 Almo,

981 2038 1050 2067 Nar
1065 2043 1095 2068 et
1111 2037 1262 2078 Farfarus
1280 2036 1388 2077 (Virg.
1408 2036 1463 2066 vii.
1482 2036 1554 2066 715.
1577 2035 1635 2065 Fa-

981 2085 1074 2121 baris)
1101 2086 1131 2116 in
1157 2085 1293 2116 Tiberim
1319 2084 1478 2114 influunt.
1497 2084 1638 2125 Regnum

980 2145 1017 2165 ex
1043 2136 1231 2175 Bernegger.
1252 2134 1384 2164 libenter
1407 2133 1569 2174 amplexus
1592 2139 1639 2162 est

980 2183 1139 2218 Heinsius,
1177 2193 1272 2224 quum
1302 2182 1405 2212 caeteri
1442 2183 1491 2222 (et
1519 2180 1640 2221 Regius

981 2239 1084 2263 noster
1098 2232 1157 2272 A.)
1168 2232 1306 2262 habeant
1322 2238 1474 2272 stagnum.
1501 2230 1637 2271 Regnum

981 2288 1085 2312 autem
1124 2281 1280 2315 nemorale,
1311 2286 1357 2310 est
1392 2289 1500 2309 nemus
1524 2278 1637 2308 Diana:

981 2340 1052 2360 eum
1077 2331 1147 2360 lacu
1176 2340 1271 2370 prope
1294 2328 1452 2363 Aniciam,
1476 2327 1529 2357 ubi
1558 2326 1638 2357 servi

982 2378 1108 2418 fugaces
1132 2388 1226 2418 regna
1249 2378 1418 2414 tenebant3
1444 2377 1513 2406 Art.
1529 2375 1637 2405 Amat.

979 2427 999 2456 i.
1024 2428 1107 2463 ‘2593
1132 2427 1216 2456 Fast.
1240 2426 1283 2456 iii.
1299 2428 1372 2457 263.
1410 2424 1513 2455 Etiam
1536 2424 1635 2453 Luca-

980 2486 1048 2509 nus,
1067 2475 1112 2505 iii.
1131 2476 1184 2505 86.
1204 2476 1271 2509 Qua
1287 2476 1408 2505 sublime
1431 2484 1540 2508 nemus,
1563 2472 1635 2513 Scy-

981 2525 1064 2554 thica)
1089 2536 1145 2563 qua
1172 2535 1265 2565 *regna
1288 2524 1406 2553 Diamc.
1442 2522 1514 2552 Huc
1537 2528 1635 2552 trans-

980 2572 1045 2602 lata
1064 2582 1117 2602 ara
1137 2573 1247 2602 Dianae
1266 2573 1410 2611 Scythicae
1431 2581 1455 2601 s.
1468 2570 1607 2601 Tauricae
1627 2582 1632 2603 ;

977 2621 1081 2650 Schol.
1096 2621 1134 2650 ad
1152 2621 1261 2650 Horat.
1278 2620 1320 2649 A.
1335 2620 1370 2649 l‘.
1390 2620 1441 2649 16.

1021 2670 1095 2699 333.
1118 2669 1226 2699 Furere
1247 2668 1285 2698 de
1310 2667 1456 2708 amplexu
1478 2673 1509 2698 et
1530 2678 1633 2697 amore

979 2717 1155 2749 liberorum,
1169 2718 1346 2752 amicorum,
1360 2716 1527 2746 amantium
1543 2728 1549 2746 ;
1566 2715 1634 2746 Cic.
