1779 3130
238 193 267 233 8
625 189 676 230 Ρ.
710 186 923 230 OVIDII
957 185 1236 228 NASONIS

237 304 417 361 Intrat3
459 309 524 357 et,
552 303 648 349 heu
673 301 891 348 facinus!
930 300 1065 348 fatali
1090 308 1206 348 nata
1229 307 1485 364 parentem
1556 302 1617 346 85

238 380 388 428 Crine
414 394 558 425 suum
585 377 788 440 spoliat;
828 377 1099 440 praedaque
1124 376 1284 440 potita
1306 376 1521 424 nefanda

236 456 353 502 Fert
377 470 547 502 secum
572 454 786 517 spolium
811 453 1028 508 sceleris,
1055 469 1418 516 progressaque
1443 457 1585 516 porta

236 531 333 578 Per
357 531 546 577 medios
572 530 758 585 hostes,
786 529 973 576 meritis
997 529 1178 576 fiducia
1201 536 1340 576 tanta
1363 536 1455 585 est,

233 606 467 654 Pervenit
492 607 553 653 ad
578 622 773 668 regemg
816 622 967 668 quem
992 606 1063 653 sic
1086 606 1234 653 affata
1257 612 1549 670 paventem:

233 689 264 707 “
294 683 462 729 Suasit
486 698 622 729 amor
645 681 865 729 facinus:
905 682 1068 745 proles
1095 698 1187 744 ego
1212 682 1347 744 regia
1372 679 1483 728 Nisi

1553 683 1616 727 90

235 760 419 823 Scylla,
447 759 537 806 tibi
559 759 698 806 trado
724 758 1026 822 patriosque,
1054 774 1295 821 meosque
1321 758 1555 805 Penates.

233 835 446 882 Praemia
465 836 601 882 nulla
619 842 753 898 peto,
781 835 875 882 nisi
900 842 978 882 te:
1018 851 1142 898 cape
1167 835 1347 898 pignus
1373 834 1551 880 amoris

234 912 547 976 Purpureum
573 912 779 968 crinem3
816 927 908 959 nec
933 928 1013 959 me
1037 927 1169 958 nunc
1193 911 1387 958 tradere
1412 910 1614 964 crinem,

235 987 336 1035 Sed
352 988 566 1050 patrium
584 987 674 1034 tibi
690 988 836 1035 crede
852 994 1004 1051 caput
1017 986 1060 1034 :”
1083 987 1425 1050 scelerataque
1440 986 1618 1034 dextra

234 1063 447 1111 Munera
471 1064 704 1127 porrexit.

779 1063 945 1111 Minos
970 1071 1198 1127 porrecta
1217 1063 1424 1126 refugit3
1553 1064 1615 1109 95

232 1139 582 1203 Turbatusque
608 1140 719 1187 novi
744 1140 1001 1203 respondit
1021 1140 1235 1202 imagine
1255 1139 1400 1187 facti:

232 1221 263 1239 “
291 1216 355 1262 Di
379 1223 428 1263 te
455 1217 681 1263 submove
697 1224 797 1272 ant,
825 1233 853 1264 o
879 1217 1033 1264 nostri
1058 1217 1260 1264 infamia
1285 1216 1418 1272 secli,

231 1291 366 1339 Orbe
392 1309 496 1347 suo,
524 1293 777 1355 tellusque
802 1293 892 1340 tibi
917 1300 1201 1356 pontusque
1225 1300 1484 1355 negentur.

232 1367 381 1415 Certe
407 1384 497 1430 ego
523 1385 620 1415 non
647 1369 804 1432 patiar
827 1369 857 1415 J
862 1369 964 1416 ovis
990 1369 1291 1416 incunabula
1316 1369 1520 1422 Creten,

229 1547 297 1572 nuS,
309 1537 391 1579 apud
404 1548 497 1579 quem
507 1537 577 1568 vide
589 1538 721 1569 similem
732 1538 888 1570 historiam

228 1585 267 1616 de
288 1586 436 1617 Romilda
452 1587 528 1617 Foro
543 1587 695 1618 Juliensi:
723 1588 772 1619 hic
796 1589 890 1619 crinis

228 1633 382 1675 significat
419 1642 571 1666 secretum
605 1637 674 1667 Nisi
709 1637 885 1673 consilium,

228 1683 310 1724 quod
334 1684 366 1714 in
392 1684 495 1726 capite
521 1695 661 1723 summo;
699 1685 756 1716 hoc
784 1693 889 1717 autem

226 1731 366 1763 hostibus
401 1733 531 1774 prodito,
561 1733 636 1775 quid
670 1741 794 1775 superet
830 1735 887 1766 nisi

231 1781 315 1811 urbis
331 1782 540 1823 expugnatio?

271 1830 323 1860 87.
347 1830 500 1870 Sceleris.]
530 1830 637 1861 Codex
655 1831 800 1872 antiquus
815 1833 887 1864 Jac.

229 1887 247 1907 a
263 1878 373 1913 Cruce,
389 1879 553 1909 Medieeus
568 1879 658 1920 prior,
676 1879 795 1910 Erford.
824 1881 885 1911 Ca-

229 1926 334 1957 landr.
365 1927 530 1968 pluresque
566 1927 631 1962 alii,
662 1929 776 1958 celeris.
835 1929 886 1960 Sic

228 1974 322 2004 etiam
352 1975 530 2006 Priscianus
563 1976 665 2006 locum
702 1976 821 2012 laudat,
853 1983 887 2008 ut

228 2023 350 2059 doceat,
367 2025 444 2055 celer
460 2024 641 2055 femininum
657 2025 758 2056 facere
773 2027 885 2057 celei-is.

225 2072 374 2103 Heinsius
384 2083 456 2103 vero
471 2079 570 2104 totum
583 2084 704 2104 versum
717 2074 885 2106 delendum

230 2128 348 2156 censet,
367 2121 451 2162 quia,
467 2122 499 2152 in
518 2122 694 2153 Florentino
718 2123 750 2153 S.
771 2124 884 2160 Marci,

230 2170 361 2210 margini
384 2171 535 2212 ascriptus
558 2178 603 2201 est
632 2182 724 2202 manu
751 2173 882 2203 recenti-

226 2228 289 2248 ore.
336 2219 373 2249 In
407 2219 453 2249 his
490 2230 564 2249 sane
601 2226 647 2250 est
679 2219 883 2252 redundantia

227 2267 390 2308 quaedam3
415 2278 473 2298 non
502 2274 605 2298 tamen
631 2275 791 2310 propterea
815 2281 879 2300 ver-

225 2326 293 2346 sum
319 2317 370 2346 87.
386 2327 455 2346 cum
477 2316 618 2352 Heinsio,
637 2317 768 2354 deleam,
786 2328 878 2359 quum

226 2364 358 2395 Ovidius
373 2375 455 2406 saepe
477 2365 508 2394 in
524 2365 603 2396 hanc
627 2372 744 2407 partem
759 2374 880 2407 peccet.

225 2412 256 2442 Si
269 2415 395 2449 sceleris,
406 2413 552 2454 quoniam
569 2414 697 2455 nefanda
715 2415 881 2455 praecessit,

225 2462 381 2503 displicet,
397 2463 494 2504 possis
517 2473 588 2493 cum
605 2464 762 2494 Prisciano
780 2466 882 2495 celeris

224 2512 378 2550 praeferre.
407 2512 500 2553 Regii
516 2513 609 2543 nostri
619 2524 740 2544 versum
757 2515 881 2554 qualem

226 2569 264 2588 ex
280 2558 322 2588 cl.
337 2560 442 2601 Gierig
458 2561 634 2602 accepimus
649 2562 776 2592 habent.
810 2563 881 2593 Non

225 2613 340 2638 temere
362 2616 514 2645 monetur,
531 2618 616 2649 portet
638 2621 705 2641 eam
728 2622 794 2642 esse
814 2623 881 2651 pro-

223 2667 363 2697 gressam,
389 2668 561 2699 egressam3
595 2670 662 2690 earn
690 2660 771 2691 enirn
796 2667 883 2702 pater

224 2705 362 2736 clausam
399 2714 551 2738 tenuerat.
611 2709 741 2740 Patebat
776 2709 883 2740 Minos

956 1538 1109 1581 aspiciens
1147 1539 1262 1570 crinem
1296 1539 1335 1570 ab
1363 1539 1430 1580 ipsa
1455 1537 1525 1569 Nisi
1551 1537 1616 1569 filia

957 1589 1099 1619 allatum.

997 1638 1049 1668 91.
1074 1638 1260 1677 Patriosque,
1278 1637 1355 1677 etc.]
1383 1636 1423 1666 Et
1438 1635 1569 1678 patriam
1584 1641 1615 1666 et

955 1685 1081 1716 domum
1113 1695 1234 1716 meam:
1272 1686 1315 1715 sic
1347 1685 1438 1720 infra,
1470 1685 1613 1714 Patrium

953 1742 1055 1774 caput,
1073 1734 1166 1764 vitam
1181 1740 1212 1765 et
1228 1735 1361 1765 salutem
1382 1733 1490 1775 patris.
1537 1734 1614 1764 Ver.

958 1785 1016 1814 115
1041 1794 1110 1824 sqq.
1130 1785 1228 1822 patris
1253 1794 1307 1814 ora
1335 1782 1448 1813 dicitur
1472 1782 1615 1812 donasse.

954 1832 1053 1873 Impie
1069 1832 1266 1863 commendat
1280 1842 1393 1862 munus
1407 1841 1511 1862 suum.

995 1882 1048 1912 95.
1067 1882 1165 1911 Minos
1177 1888 1313 1920 porrecta
1329 1881 1445 1921 refugit
1457 1892 1467 1916 ,·
1483 1879 1613 1922 pulchre

952 1929 1099 1960 decorum
1113 1936 1215 1960 servat
1228 1936 1329 1972 poeta,
1343 1940 1403 1971 quo
1419 1929 1535 1970 ubique
1546 1930 1613 1970 jus-

953 1984 1018 2008 tum
1051 1978 1134 2008 hunc
1164 1978 1310 2009 ostendit.
1359 1978 1496 2018 Imagine
1515 1979 1613 2019 fami,

952 2027 1139 2068 cogitatione
1153 2027 1238 2063 facti,
1252 2033 1286 2057 ut
1302 2026 1378 2057 alibi
1389 2027 1456 2068 jam
1468 2027 1615 2058 observa-

951 2081 1028 2106 tum.
1075 2076 1164 2111 Nori,
1180 2075 1323 2106 inauditi.
1361 2075 1404 2105 Dz'
1422 2082 1449 2105 te
1463 2077 1612 2106 submoue-

951 2131 1003 2154 ant
1028 2125 1085 2155 fuit
1103 2125 1134 2155 in
1158 2124 1444 2166 imprecationibus,
1463 2130 1497 2155 ut
1521 2125 1564 2155 Di
1586 2131 1614 2155 te

951 2176 1113 2209 eradicent,
1142 2176 1283 2214 perdunt,
1316 2180 1375 2204 etc.
1423 2174 1500 2204 Orbe
1537 2186 1613 2211 suo,-

950 2223 1061 2253 Heins.
1073 2223 1225 2253 suadebat
1239 2224 1314 2253 Orbe
1327 2225 1394 2261 71i0,·
1412 2223 1503 2253 male.
1535 2223 1613 2253 Orbe

950 2283 1000 2302 5110
1013 2272 1113 2312 (quod
1129 2272 1245 2303 habent
1259 2272 1352 2312 Regii
1368 2272 1479 2311 nostri)
1495 2278 1525 2302 et
1541 2282 1612 2303 mox

950 2332 1030 2351 meus
1045 2323 1120 2350 orbis
1134 2321 1214 2351 bene
1230 2320 1287 2351 sibi
1300 2327 1497 2362 opponuntur
1513 2334 1518 2350 :
1546 2323 1613 2352 orbe

948 2382 1010 2405 suo,
1026 2376 1088 2399 toto
1103 2376 1251 2400 terrarum
1272 2371 1355 2406 orbe,
1371 2370 1402 2400 in
1419 2381 1511 2411 quem
1526 2371 1612 2402 Deo-

950 2429 1016 2448 rum
1030 2424 1179 2459 potestas.

992 2468 1044 2497 99.
1073 2468 1153 2497 Joris
1179 2468 1396 2507 incunabula]
1437 2468 1562 2509 Jupiter
1591 2478 1610 2498 a

949 2515 1055 2545 multis
1078 2515 1109 2545 in
1137 2516 1236 2551 Creta,
1260 2516 1298 2545 ab
1324 2516 1392 2546 aliis
1416 2517 1448 2546 in
1471 2515 1611 2547 Arcadia

949 2570 1038 2594 natus
1054 2575 1119 2594 esse
1135 2565 1328 2595 credebatur.
1360 2565 1441 2595 Vide
1458 2564 1609 2595 Callima-

950 2612 998 2642 chi
1016 2613 1165 2653 hymnum
1182 2614 1251 2643 JOV.
1269 2614 1287 2642 4
1304 2624 1372 2655 sqq.
1388 2613 1493 2654 ibique
1510 2614 1609 2655 Span-

950 2661 1030 2691 hem.
1062 2663 1174 2692 Noster
1188 2673 1289 2703 supra,
1299 2663 1330 2692 ii.
1342 2664 1414 2693 405.
1428 2663 1482 2693 hos
1497 2673 1608 2704 seque-

950 2710 1050 2745 batur,
1076 2721 1157 2742 nune
1180 2711 1260 2742 illos.
1305 2712 1393 2742 Bene
1418 2711 1475 2742 hoc
1501 2711 1609 2753 mytho
