1779 3130
218 167 304 207 254
609 164 659 203 Ρ.
693 163 905 204 OVIDII
938 163 1217 205 NASONIS

219 279 405 326 Pectus
431 279 636 332 habens,
664 277 809 323 silvas
836 284 1088 340 captatam
1115 293 1249 340 saepe
1274 293 1361 341 per
1385 293 1555 325 omnes

216 355 413 418 Aspicit
437 353 716 416 Hesperien
741 354 901 417 patria
927 354 1210 402 Cebrenida
1235 354 1356 416 ripa,

217 431 436 493 Injectos
462 431 679 477 humeris
706 431 976 478 siccantem
1003 431 1105 478 sole
1132 430 1354 493 capillos.
1502 432 1598 476 770

216 507 337 554 Visa
360 506 486 568 fugit
511 506 557 552 N
564 507 765 570 ymphe,
793 507 944 554 veluti
971 507 1234 570 perterrita
1257 505 1445 552 fulvum

218 582 379 629 Cerva
402 582 590 644 lupum,
617 583 866 645 longeque
891 584 1003 629 lacu
1028 583 1274 645 deprensa
1297 582 1468 628 relicto

217 657 523 721 Accipitrem
548 659 757 705 fluvialis
785 675 932 706 anas:
974 675 1124 721 quam
1150 657 1325 704 Troius
1350 657 1494 704 heros

218 734 521 796 Insequitur,
549 735 863 797 celeremque
889 743 1023 782 metu
1050 735 1181 781 celer
1206 740 1349 795 urget
1374 749 1555 779 amore.

218 809 351 857 Ecce
376 811 536 857 latens
562 810 715 857 herba
739 811 942 858 coluber
966 809 1203 872 fugientis
1230 810 1423 856 adunco
1506 811 1601 855 775

219 886 383 933 Dente
408 886 589 949 pedem
616 887 829 942 strinxit,
857 887 1091 948 virusque
1117 886 1166 931 in
1192 901 1395 947 corpore
1419 884 1580 946 liquit.

219 963 347 1009 Cum
372 963 474 1009 vita
499 955 766 1025 suppressa
790 962 908 1024 suga
932 970 1036 1008 est:
1078 960 1393 1023 amplectitur
1418 975 1588 1006 amens

218 1037 531 1093 Exanimem,
559 1038 859 1100 clamatque,
891 1044 919 1061 “
944 1037 1109 1098 Piget,
1138 1037 1276 1099 piget
1312 1052 1423 1082 esse
1461 1051 1601 1083 secu-

414 1121 549 1160 tum:
1506 1115 1601 1158 778

221 1193 321 1238 Sed
346 1208 443 1238 non
468 1192 561 1237 hoc
585 1192 755 1248 timui;
797 1207 887 1238 nec
916 1198 1021 1238 erat
1045 1190 1164 1237 mihi
1189 1190 1386 1236 vincere
1412 1189 1553 1235 tanti.

218 1267 534 1314 Perdidimus
557 1267 785 1314 miseram
813 1283 900 1313 nos
921 1274 969 1313 te
994 1267 1115 1313 duo:
1145 1266 1320 1312 vulnus
1341 1266 1402 1312 ab
1424 1281 1601 1327 angue,

216 1344 260 1389 A
288 1360 365 1390 me
391 1359 543 1390 causa
565 1344 682 1390 data
706 1350 809 1391 est:
850 1360 942 1405 ego
968 1344 1060 1390 sim
1087 1342 1371 1389 sceleratior
1396 1341 1496 1396 illo,

220 1420 286 1466 Ni
311 1420 401 1467 tibi
426 1427 583 1466 morte
608 1436 720 1466 mea
743 1420 913 1466 mortis
941 1419 1116 1466 solatia
1141 1418 1386 1464 mittam.”

220 1495 387 1552 Dixit3
429 1504 478 1542 et
504 1512 530 1542 e
557 1497 778 1559 scopulo,
807 1512 958 1558 quem
984 1511 1132 1542 rauca
1157 1495 1428 1542 subederat
1452 1494 1600 1549 unda,

219 1572 285 1619 Se
311 1572 449 1619 dedit
474 1573 522 1617 in
548 1578 783 1635 pontum:
825 1571 1014 1634 Tethys
1040 1571 1274 1618 miserata
1298 1571 1563 1618 cadentem

218 1648 440 1696 Molliter
464 1648 680 1711 excepit,
708 1656 1011 1710 nantemque
1037 1664 1124 1711 per
1150 1664 1350 1710 aequora
1374 1647 1552 1711 pennis

217 1725 393 1781 Texit3
434 1733 483 1772 et
508 1733 691 1788 optatae
719 1743 815 1772 11011
845 1733 922 1772 est
946 1726 1063 1772 data
1089 1725 1230 1787 copia
1255 1724 1442 1771 mortis.
1505 1726 1599 1771 786

218 1802 510 1863 Indignatur
535 1819 704 1848 amans
731 1803 937 1848 invitum
962 1803 1122 1848 vivere
1149 1802 1274 1863 cogi,

220 1878 524 1940 Obstarique
550 1879 742 1933 animae,
770 1878 949 1925 misera
974 1879 1036 1925 de
1063 1879 1180 1925 sede
1209 1877 1391 1924 volenti

261 2011 335 2039 772.
355 2010 480 2049 Cernen]
509 2010 646 2046 Quidam
662 2022 756 2051 agna.
783 2010 873 2051 Regii
986 2012 1059 2040 783.
1084 2011 1181 2045 Sedes,
1206 2020 1326 2050 corpus.
1373 2009 1440 2039 Cic.
1463 2008 1559 2039 Tusc.
1583 2009 1603 2039 i.

218 2058 312 2088 nostri
329 2069 425 2089 cerva.
450 2059 516 2088 Hoc
532 2064 616 2088 recte
632 2069 663 2088 se
681 2059 784 2093 habet,
803 2069 874 2088 nam
941 2061 993 2090 24.
1010 2060 1191 2089 domicilium
1206 2070 1215 2095 ,·
1241 2059 1387 2088 Lactant.
1411 2057 1443 2087 ii.
1460 2058 1490 2087 3.
1505 2069 1605 2097 ¹recep-

217 2112 248 2136 et
263 2109 351 2142 cervi,
369 2108 505 2145 luporum
521 2109 622 2145 proetia
640 2110 794 2145 rapacium
810 2108 874 2137 Ho-
944 2110 1075 2138 nundum
1090 2119 1098 2143 ,·
1127 2107 1236 2137 AEsch.
1260 2108 1344 2137 Socr.
1364 2106 1408 2137 111.
1424 2109 1454 2137 5.
1474 2109 1604 2145 σκῆνος.

217 2160 274 2185 rat.
298 2154 356 2185 IV.
381 2154 442 2184 Od.
465 2155 506 2184 iv.
529 2157 589 2192 503
614 2156 640 2185 Ι.
665 2155 726 2185 Od.
751 2167 802 2185 xv.
823 2156 875 2185 ⁴20.
942 2159 1097 2187 Assumere
1109 2159 1172 2186 ala.
1183 2156 1276 2187 etiam
1293 2156 1346 2186 xii.
1361 2158 1390 2186 1.
1404 2167 1457 2197 pro
1470 2156 1604 2197 simplici

218 2203 270 2234 ubi
299 2204 409 2234 eadem
438 2203 619 2234 similitudo.
672 2204 872 2244 Celeremque,
943 2218 1073 2242 samer-03
1096 2206 1165 2236 Art.
1182 2206 1288 2237 Amat.
1304 2205 1348 2236 iii.
1368 2206 1438 2235 142.
1454 2212 1603 2244 assumpta

217 2258 280 2282 etc.
297 2253 317 2282 i.
333 2254 395 2282 539
411 2263 457 2293 sq.
494 2252 663 2293 Sequentia
679 2252 766 2283 aliter
783 2253 876 2283 habet
945 2257 1035 2295 [μὶ-ιη
1070 2255 1224 2291 Velleius,
1258 2255 1287 2285 Ι.
1318 2255 1358 2285 xi.
1390 2256 1417 2284 1.
1448 2257 1604 2294 assumptis

219 2300 443 2341 Apollodorus:
461 2301 551 2330 duxit
563 2302 645 2331 enim
657 2311 724 2331 eam
737 2312 875 2337 uxorem,
944 2306 1027 2344 regni
1046 2305 1222 2344 insignibus.
1267 2304 1344 2333 Mox
1366 2303 1524 2343 ingeniose
1546 2313 1601 2333 ex-

218 2355 249 2379 et
266 2349 395 2379 πενθῶν
411 2348 649 2380 ἀποθανοῦσαν
661 2349 875 2390 ἀπωρνεώθη,
941 2352 1073 2393 plicatur
1093 2358 1202 2381 natura
1223 2352 1331 2392 mergi.
1376 2351 1436 2381 Pro
1457 2352 1603 2386 subvolat,

219 2399 328 2438 lugens
344 2404 495 2427 mortuam
509 2398 540 2427 in
557 2409 646 2428 avem
668 2404 805 2428 mutatus
820 2405 876 2428 est.
943 2401 1077 2431 Cantab.
1094 2401 1190 2430 habet
1205 2402 1300 2430 evolat
1315 2413 1324 2437 ,·
1349 2406 1515 2441 utrumque
1533 2410 1601 2430 ver-

263 2448 335 2477 781.
360 2446 441 2477 Vide
457 2447 497 2477 ad
513 2448 584 2477 70¹2.
621 2447 746 2478 Mittere
759 2449 876 2483 solatia,
941 2451 1016 2480 bum
1032 2450 1189 2490 significat
1205 2452 1236 2479 in
1250 2450 1347 2480 altum
1364 2450 1482 2479 volare.
1508 2449 1602 2489 Regii

218 2502 253 2525 ut
269 2497 385 2524 mittere
401 2495 536 2536 inferias.
554 2507 677 2525 numera
695 2497 815 2525 umbris.
942 2499 1036 2529 nostri
1057 2500 1202 2534 subvolat,
1229 2498 1313 2539 quod
1336 2499 1449 2529 rectius
1472 2508 1603 2536 censeo;

263 2544 336 2573 783.
354 2544 472 2579 Rauca,
484 2554 608 2574 raucum
625 2555 734 2574 sonum
747 2544 874 2580 faciens,
942 2557 1013 2577 nam
1038 2557 1075 2577 ex
1099 2558 1134 2577 eo
1158 2547 1240 2587 quod
1263 2547 1385 2582 Cicero,
1401 2546 1493 2576 Tusc.
1509 2545 1531 2575 i.
1547 2547 1600 2576 40.

218 2598 253 2621 ut
276 2602 400 2620 raucum
425 2603 471 2621 crs.
515 2593 551 2621 Se
570 2594 662 2627 dedit,
679 2602 711 2622 se
735 2592 872 2633 prfflcipi-
942 2595 1070 2625 dixerit:
1095 2598 1119 2625 si
1143 2597 1184 2626 Ιιιε
1207 2607 1324 2626 sursum
1348 2598 1436 2625 rectis
1460 2596 1546 2625 lineis
1568 2597 1601 2625 in

219 2640 316 2676 tavit3
346 2640 468 2680 plenius
499 2641 660 2682 Yirgilius,
690 2643 804 2681 (ieorg.
832 2640 873 2671 iv.
942 2646 1079 2675 calestem
1099 2646 1193 2675 lacum
1210 2646 1374 2680 subvolant,
1388 2655 1449 2674 11011
1466 2644 1538 2673 inde
1553 2654 1600 2673 50-

221 2689 297 2717 628.
321 2699 349 2717 se
365 2691 455 2725 jorra
482 2692 562 2719 dodi?
588 2702 684 2729 aqam·
709 2692 738 2719 in
763 2692 870 2720 alsnia.
942 2692 1046 2733 quitur
1071 2694 1152 2733 apud
1177 2704 1283 2724 omnes
1306 2694 1394 2723 bonae
1419 2699 1498 2723 notae
1523 2692 1600 2722 alios
