1779 3130
243 171 283 211 iv
829 167 1058 209 INDEX.

248 281 377 317 Myrrha
390 280 513 316 Cinyrae
526 279 590 309 filia
603 279 634 309 in
651 279 797 310 arborem.

250 329 369 359 Adonis
384 329 416 358 in
430 329 545 359 florem.

250 378 462 415 Hippomenes
475 378 508 407 in
523 378 654 408 leonem.

250 426 399 456 Atalanta
412 427 445 457 in
459 427 600 457 leaenam.

249 475 372 506 Minthe
387 476 525 513 nympha
540 476 571 505 in
586 475 754 506 mentham.

469 562 607 592 LIBER
631 563 689 592 XI.

251 624 382 660 Serpens
397 624 428 653 in
443 633 562 654 saxum.

251 672 368 709 Orphei
383 672 491 703 caedes.

249 722 384 752 Bacchae
398 721 537 751 Thraciae
552 721 583 751 in
599 721 729 751 arbores.

250 771 347 801 Midae
361 770 521 800 stoliditas.

252 820 403 849 Contacta
418 830 436 849 a
450 819 541 849 Mida
556 819 587 849 in
602 829 719 849 aurum.

252 869 357 898 Arena
372 868 492 898 Pactoli
506 869 538 898 in
553 879 672 898 aurum.

255 918 350 947 Midae
366 928 454 948 aures
468 918 500 948 in
515 918 661 948 asininas.

254 967 372 997 Cannae
388 967 519 998 vocales.

252 1016 368 1054 Apollo
383 1027 453 1047 curn
468 1017 615 1054 'Neptuno
631 1017 662 1046 in
678 1017 828 1047 homines.

255 1065 398 1095 Hesionae
414 1065 631 1095 Laomedontis
646 1065 717 1095 filiae
732 1065 880 1097 liberatio.

253 1115 359 1145 Thetis
374 1115 406 1145 in
420 1115 518 1145 varias
533 1115 656 1145 formas.

255 1165 342 1202 Ceyx
357 1165 388 1194 in
405 1175 502 1195 avem.

254 1214 418 1244 Daedalion
433 1214 464 1244 in
479 1214 666 1251 accipitrem.

255 1264 362 1300 Lupus
376 1263 408 1293 in
423 1273 542 1293 saxum.

254 1312 415 1348 Halcyone
430 1312 461 1341 in
477 1321 575 1341 avem.

254 1361 359 1391 Somni
374 1361 483 1391 domus
497 1360 670 1398 descriptio.

256 1411 317 1440 Dei
333 1410 437 1440 Somni
453 1409 573 1440 effictio.

256 1459 426 1496 Morpheus
441 1460 472 1489 in
487 1459 637 1491 homines.

255 1508 408 1538 Phobetor
423 1508 454 1537 in
470 1508 616 1538 animalia
629 1509 727 1539 bruta.

257 1558 428 1588 Phantasos
443 1558 474 1587 in
489 1558 669 1588 inanimata.

257 1608 427 1645 Morpheus
442 1607 473 1637 in
489 1607 635 1644 Ceycem.

260 1658 394 1687 AEsacus
408 1656 440 1686 in
455 1666 604 1694 mergum.

467 1743 604 1774 LIBER
628 1744 704 1774 XII.

261 1808 392 1844 Serpens
406 1806 437 1836 in
453 1817 572 1836 saxum.

257 1856 430 1894 Iphigenia,
448 1856 691 1894 Agamemnonis
709 1856 782 1891 filia,
800 1856 831 1885 in
853 1866 916 1886 cer-

297 1915 376 1934 vam.

258 1954 361 1984 Famae
375 1954 484 1984 domus
499 1953 670 1991 descriptio.

258 2002 417 2033 Protesilai
431 2001 540 2032 caedes.

260 2052 387 2088 Cycnus
401 2061 476 2088 puer
491 2051 522 2080 in
537 2061 635 2081 avem.

260 2100 392 2131 Caeneus
407 2100 437 2129 in
454 2110 551 2130 avem.

259 2150 362 2180 Caenis
376 2149 481 2187 puella
495 2149 526 2179 in
540 2159 665 2180 marem.

259 2198 387 2228 Pirithoi
399 2204 429 2228 et
444 2198 660 2236 Hippodamiae
675 2199 800 2235 nuptiae.

260 2247 459 2285 Lapitharum
484 2247 767 2284 Centaurorumque
795 2247 865 2277 rixae
890 2254 917 2278 et

298 2296 413 2334 praelia.

260 2346 501 2383 Periclymenus,
527 2345 621 2376 *Nelei
651 2345 740 2381 filius,
766 2346 797 2376 in
823 2346 918 2376 varias

299 2395 420 2433 figuras,

261 2443 393 2474 Achillis
401 2453 497 2474 mors.

462 2532 599 2562 LIBER
622 2533 716 2562 XIII.

262 2592 343 2629 Ajax
359 2592 390 2622 in
406 2592 604 2629 hyacinthum
620 2593 733 2623 florem.

261 2641 423 2671 Armorum
437 2641 568 2672 Achillis
579 2640 739 2677 judicium.

262 2688 370 2726 Ajacis
385 2689 488 2719 oratio.

977 279 1237 311 Artificiosissima
1253 280 1364 318 Ulyxis
1377 281 1482 311 oratio.

978 329 1107 360 Hecuba
1121 331 1153 360 in
1167 340 1286 362 canem.

978 380 1123 417 Polydori
1138 381 1247 411 caedes.

978 430 1145 467 Polyxenae
1160 429 1338 460 immolatio.

979 479 1196 516 Polymestoris
1210 478 1349 509 Thraciae
1370 478 1448 516 regis
1462 477 1636 508 excaecatio.

979 528 1158 558 Memnonis
1173 528 1288 558 cineres
1299 527 1332 557 in
1348 537 1427 557 aves.

981 578 1090 606 [Eneae
1105 577 1136 606 in
1153 575 1275 606 Latium
1291 575 1455 613 navigatio.

981 625 1055 655 Anii
1069 625 1149 661 filiae,
1166 625 1270 655 omnia
1284 634 1338 654 suo
1355 629 1437 654 tactu
1457 624 1488 653 in
1502 623 1636 653 frumen-

1019 680 1095 709 tum,
1119 674 1234 708 vinum,
1260 673 1398 703 oleumve
1419 676 1637 705 convertenteS,

1018 723 1049 753 in
1064 724 1233 754 columbas.
1356 719 1359 723 ’

982 773 1054 803 Duo
1066 772 1194 810 juvenes
1208 783 1245 803 ex
1259 771 1323 808 rogi
1337 770 1451 801 favilla.

982 821 1081 852 Index
1095 822 1127 851 in
1142 831 1261 852 saxum.

982 870 1093 901 Siciliae
1108 870 1281 907 descriptio.

981 920 1086 956 Scylla
1099 919 1131 949 in
1145 925 1324 949 monstrum.

982 969 1058 1000 Acis
1071 969 1103 999 in
1118 969 1253 999 fluvium.

983 1018 1166 1056 Polyphemi
1180 1017 1344 1048 cantilena.

984 1069 1122 1099 Glaucus
1137 1068 1169 1098 in
1184 1067 1288 1097 Deum
1302 1065 1464 1096 marinum.

1186 1153 1326 1184 LIBER
1348 1153 1441 1182 xlv.

984 1215 1096 1251 Scyllae
1109 1213 1237 1251 inguina
1250 1213 1282 1243 in
1297 1223 1399 1243 canes.

985 1265 1137 1301 Cercopes
1151 1263 1183 1293 in
1197 1262 1312 1292 simias.

985 1313 1103 1350 Sibylla
1116 1313 1148 1343 in
1164 1322 1279 1343 vocem.

985 1363 1065 1393 Socii
1081 1361 1192 1398 Ulyxis
1206 1361 1238 1391 in
1252 1370 1372 1398 porcos.

985 1412 1065 1442 Socii
1080 1411 1190 1447 Ulyxis
1205 1410 1238 1440 in
1251 1408 1411 1446 pristinam
1426 1408 1565 1438 formam.

986 1461 1078 1491 Picus
1092 1459 1124 1489 in
1139 1469 1237 1490 avem.

986 1509 1053 1539 Pici
1067 1507 1192 1539 comites
1205 1507 1238 1537 in
1253 1506 1341 1537 feras.

986 1557 1111 1588 Canens
1125 1556 1193 1587 Pici
1203 1566 1278 1586 uxor
1292 1554 1351 1585 loci
1366 1563 1489 1585 nomen.

987 1606 1148 1637 Diomedis
1162 1605 1235 1635 socii
1249 1605 1282 1634 in
1297 1613 1378 1634 aves.

987 1655 1134 1693 Appulus
1148 1659 1250 1692 pastor
1264 1653 1296 1683 in
1312 1653 1486 1684 oleastrum.

988 1705 1099 1735 AEneae
1112 1713 1205 1734 naves
1218 1703 1251 1733 in
1265 1701 1430 1740 nymphas.

987 1754 1085 1784 Navis
1098 1754 1131 1784 in
1146 1752 1319 1791 scopulum.

989 1803 1092 1833 Ardea
1106 1803 1138 1832 in
1154 1812 1252 1833 avem.

987 1853 1106 1882 AEneas
1119 1851 1151 1881 in
1166 1851 1271 1881 Deum
1286 1849 1462 1888 indigetem.

988 1901 1104 1931 Albani
1118 1909 1213 1938 reges.

988 1951 1177 1981 Vertumnus
1190 1949 1223 1979 in
1237 1948 1336 1978 varias
1350 1948 1471 1986 figuras.

988 2001 1176 2031 Vertumnus
1189 1999 1221 2029 in
1235 1998 1380 2029 vetulam.

988 2050 1162 2080 Anaxarete
1177 2047 1282 2086 puella
1295 2047 1328 2077 in
1342 2057 1461 2077 saxum.

988 2100 1078 2131 Urbis
1094 2099 1205 2129 Romae
1218 2096 1399 2128 conditores.

987 2148 1088 2186 Aquae
1102 2147 1218 2186 frigidae
1232 2146 1265 2176 in
1280 2145 1407 2176 calidas.

989 2198 1142 2228 Romulus
1156 2197 1188 2227 in
1204 2197 1319 2228 Deum.

988 2247 1132 2282 Hersilia,
1158 2245 1286 2276 Romuli
1306 2255 1391 2280 uxor,
1408 2244 1439 2274 in
1459 2244 1559 2275 Deam
1580 2244 1643 2273 Ho-

1026 2307 1101 2326 ram.

1202 2380 1341 2411 LIBER
1363 2381 1436 2411 XV.

987 2441 1109 2472 Calculi
1123 2441 1184 2471 albi
1199 2441 1231 2471 in
1243 2441 1354 2478 nigros.

986 2492 1092 2521 Numa
1107 2490 1145 2520 ad
1158 2490 1378 2528 Pythagoram.

988 2541 1170 2579 Pythagorae
1190 2540 1344 2578 dogmata.

986 2589 1167 2627 Pythagorae
1182 2599 1290 2619 sermo.

986 2638 1166 2675 Pythagorae
1180 2636 1462 2674 metempsychosis.

986 2687 1173 2725 Pythagoras
1188 2686 1219 2716 in
1236 2685 1447 2723 Euphorbum.
