1779 3130
204 178 290 220 356

592 178 642 216 P.
677 175 890 216 OVIDII
924 175 1205 217 NASONIS

207 293 306 340 Par
330 299 598 354 utrumque
622 291 729 338 fuit.
759 291 917 338 Proh!
957 297 1146 353 quanta
1168 291 1392 354 potentia
1416 292 1554 353 regni

208 369 315 424 Est,
337 368 506 415 Venus
532 369 678 424 alma,
706 368 806 415 tui!
844 384 1026 431 nempe
1051 368 1133 415 ille
1158 368 1377 424 immitis,
1404 376 1454 416 et
1477 369 1597 432 ipsis

207 445 498 492 Horrendus
524 445 676 500 silvis,
704 453 754 492 et
777 445 910 491 visus
936 445 999 492 ab
1025 445 1221 508 hospite
1247 445 1380 492 nullo

1500 448 1597 492 760

207 521 437 584 Impune,
465 529 515 569 et
539 522 706 584 magni
732 537 845 568 cum
874 521 966 569 Dis
992 529 1308 585 contemptor
1335 522 1558 585 Olympi,

210 597 343 651 Quid
370 598 434 645 sit
459 614 595 645 amor
623 598 800 646 sentit:
842 598 1097 661 nostrique
1124 598 1358 661 cupidine
1383 605 1561 661 captus

211 674 409 731 Uritur3
451 675 634 722 oblitus
660 691 912 739 pecorum,
942 682 1296 738 antrorumque
1322 691 1540 722 suorum.

207 751 424 815 Jamque
446 752 535 799 tibi
558 752 742 809 formae,
759 754 966 816 jamque
987 760 1064 800 est
1089 753 1180 799 tibi
1199 768 1317 799 cura
1336 752 1567 815 placendi
1586 770 1596 808 ;

206 828 321 876 Jam
348 829 532 892 rigidos
560 831 719 893 pectis
746 831 931 887 rastris,
960 830 1288 893 Polypheme,
1316 829 1550 892 capillos;

207 905 237 952 J
243 923 321 953 am
347 907 468 954 libet
488 906 730 954 hirsutam
755 907 845 954 tibi
862 906 993 954 falce
1018 907 1238 953 recidere
1259 906 1481 961 barbam,
1505 908 1599 952 766

209 982 276 1029 Et
300 990 528 1046 spectare
554 983 684 1031 feros
710 984 760 1030 in
786 999 932 1046 aqua,
960 991 1010 1030 et
1034 998 1332 1046 componere
1356 982 1541 1028 vultus.

210 1059 378 1106 Caedis
408 1076 560 1116 amor,
587 1060 874 1124 feritasque,
904 1061 1115 1123 sitisque
1141 1061 1384 1107 immensa
1413 1058 1601 1106 cruoris

211 1135 454 1190 Cessant;
496 1145 546 1184 et
570 1145 691 1184 tutae
716 1139 1023 1201 veniuntque
1049 1139 1336 1200 abeuntque
1360 1136 1559 1183 carinae.

209 1212 441 1268 Telemus
468 1215 660 1262 interea
689 1216 911 1263 Siculam
937 1216 1135 1263 delatus
1161 1215 1223 1262 ad
1250 1214 1448 1270 AEtuen,
1505 1216 1602 1261 770

251 1353 326 1383 758.
357 1353 456 1383 Proh!
474 1361 599 1394 quantu,
614 1355 693 1395 etc]
720 1354 872 1396 Exemplo

207 1399 321 1442 insigni
349 1402 556 1444 epiphonema
586 1403 643 1433 hoc
674 1403 872 1434 verissimum

206 1450 389 1482 illustratur.
436 1452 547 1491 Nempe
568 1463 651 1483 nunc
667 1459 714 1483 est
733 1463 803 1483 cum
819 1453 874 1483 ad-

209 1499 373 1531 miratione
386 1500 536 1530 rationem
548 1501 721 1531 reddentis.
747 1502 874 1541 Impune

207 1558 290 1589 saepe
303 1555 360 1584 est,
372 1550 438 1580 sine
450 1549 564 1579 damno
578 1556 632 1580 aut
642 1550 790 1591 periculO,
806 1551 836 1581 h.
849 1552 870 1581 l.

208 1597 298 1638 cujus
313 1598 483 1629 visceribus
493 1609 553 1628 non
566 1605 743 1629 vesceretur
758 1611 766 1637 3
791 1600 873 1630 conf.

211 1645 371 1686 Virgilius,
394 1658 472 1677 vers.
494 1648 570 1678 619.
586 1654 616 1678 et
639 1649 714 1679 658.
763 1649 874 1690 Magni

208 1705 275 1724 cum
306 1695 363 1725 Dis·
386 1702 466 1726 omit.
490 1697 633 1737 Olympi;
663 1697 814 1727 Cantabr.
843 1704 874 1729 et

209 1753 290 1773 unus
306 1744 426 1774 Heinsii
438 1746 567 1785 mugnis,
579 1745 663 1786 quod
680 1756 740 1775 non
756 1751 873 1777 temere

208 1792 566 1835 repudiandumjudicat
577 1795 786 1830 Burmannus,
800 1795 874 1836 quia

210 1844 313 1881 magni
340 1842 462 1883 proprie
491 1842 635 1873 dicantur
665 1843 730 1879 Dii,
760 1844 874 1884 quibus

210 1889 381 1932 Olympum
398 1891 538 1922 habitare
553 1891 659 1922 datum
680 1893 730 1923 sit.
779 1893 872 1933 Poly-

211 1938 344 1979 phemus
357 1939 463 1981 Ulyssi
477 1939 560 1981 apud
575 1941 701 1971 Homer.
712 1951 776 1971 ver.
787 1942 850 1971 273
864 1953 871 1970 t

210 1986 342 2024 Νὴπιος
358 1988 482 2025 εἷς-ὃς
495 2000 533 2029 με
549 1989 640 2025 Θεοὺς
657 1988 761 2020 κέλεαι
778 1990 798 2028 ἢ
815 1989 874 2020 fiet·

212 2034 314 2077 ὂίμεν,
333 2037 352 2075 ἦ
374 2036 545 2068 ἀλέασθαι.
586 2038 633 2068 Oi!
653 2038 715 2079 γὰρ
740 2038 874 2069 Κύκλω-

212 2096 271 2121 πες
299 2086 372 2122 Διὸς
400 2086 548 2127 αἰγιόχου
576 2085 762 2128 ἀλέγουσιν,
792 2087 873 2118 Οὐδὲ

211 2134 294 2164 θεῶν
316 2133 486 2175 μακάρων,
508 2134 598 2173 ἐπειὴ
623 2135 710 2166 πολὺ
733 2135 875 2177 φέρτεροι

212 2181 309 2222 εἰμέν.
334 2182 424 2213 Conf.
437 2182 612 2224 Euripides,
624 2183 715 2224 Cycl.
729 2185 791 2215 319
802 2195 873 2226 sqq.

212 2236 244 2260 et
259 2230 350 2266 infra,
362 2242 426 2262 ver.
442 2233 516 2262 857.

255 2280 329 2310 763.
355 2280 472 2311 Oblitus
493 2292 642 2320 pecorum,
659 2282 736 2322 etc.]
776 2282 875 2312 Amor

212 2338 343 2359 nascens
359 2329 477 2370 duplici
502 2330 564 2360 fere
583 2340 615 2360 se
640 2330 732 2360 modo
747 2330 850 2372 prodit
865 2344 871 2361 z

211 2378 354 2418 neglecto
384 2378 482 2419 priore
504 2379 620 2414 studio,
648 2385 679 2410 et
702 2389 777 2410 cura
802 2380 870 2420 pla·

212 2427 325 2465 cendi3
363 2427 404 2457 cs.
437 2439 467 2459 x.
497 2430 560 2459 529
589 2439 659 2470 sqq.
718 2429 873 2470 Cyclopes

213 2486 273 2505 non
294 2475 401 2506 domos
423 2476 592 2512 habebant,
614 2477 668 2507 sed
688 2484 792 2513 antra,
810 2478 872 2508 Eu·

211 2522 336 2564 ripides‚
353 2535 418 2554 ver.
438 2526 508 2555 118.
526 2527 734 2566 pecoribusque
755 2526 872 2556 haben-

213 2572 260 2602 dis
278 2583 402 2613 operam
423 2573 553 2609 dabant,
578 2575 704 2605 Homer.
724 2585 788 2605 ver.
810 2576 874 2605 210

210 2630 281 2661 sqq.
307 2621 539 2663 Rust1·is,falre.
574 2623 651 2654 Haec
668 2623 874 2655 instrumenta

215 2669 347 2699 Ovidius
366 2670 427 2700 sero
448 2671 568 2712 giganti
592 2672 756 2703 convenire
776 2679 876 2714 putat.

214 2717 352 2757 Projum
370 2720 441 2750 libet
456 2720 518 2751 duo
535 2721 650 2752 habent
668 2722 780 2760 placet:
806 2724 875 2752 libet

940 1354 1079 1385 declarat
1100 1365 1171 1385 eum
1198 1353 1294 1384 animi
1316 1353 1471 1389 habitum,
1493 1363 1602 1395 quum,

940 1404 1165 1435 consuetudine
1202 1403 1302 1445 priore
1333 1403 1452 1439 relicta,
1484 1403 1604 1444 aliquid

940 1453 1071 1483 facimus
1094 1458 1187 1482 antea
1212 1462 1273 1482 non
1295 1451 1388 1482 soliti.
1434 1453 1522 1492 Aqua
1549 1463 1605 1494 pro

940 1502 1067 1543 speculo
1082 1502 1250 1532 utebantur
1266 1507 1396 1531 veteres.
1427 1500 1605 1540 Compouere

941 1552 1054 1586 vultus,
1085 1560 1137 1580 eos
1171 1550 1286 1591 fingere
1318 1549 1355 1579 ad
1387 1549 1600 1587 hilaritatem3

941 1600 1046 1630 confer
1061 1599 1104 1629 iv.
1121 1601 1196 1630 318.

985 1649 1058 1679 770.
1085 1648 1218 1679 Telemus
1234 1651 1358 1684 interea,
1370 1647 1449 1687 etc.]
1474 1647 1552 1678 Haec
1566 1657 1604 1678 ex

942 1698 1088 1734 Homero,
1098 1708 1161 1728 ver.
1173 1698 1247 1728 508.
1257 1696 1418 1728 commode
1430 1697 1492 1728 huc
1504 1702 1603 1727 trans-

941 1747 1015 1777 lata.
1060 1747 1110 1778 Ibi
1140 1747 1353 1788 Polyphemus
1374 1747 1442 1788 jam
1465 1746 1606 1788 privatus

941 1797 1032 1826 oculo
1072 1795 1281 1827 reminiscitur
1319 1795 1412 1837 hujus
1453 1795 1605 1826 vaticinii.

942 1845 1250 1875 Siculnm—-AEtnen.
1315 1844 1412 1875 Multi
1455 1845 1604 1881 Siculum,

942 1893 1024 1934 quod
1046 1904 1108 1924 non
1130 1899 1245 1924 temere
1268 1892 1470 1935 rejiciendum
1481 1893 1605 1935 judicat

942 1942 1151 1978 Burmannus,
1175 1953 1271 1983 quum
1298 1941 1450 1972 montium
1479 1942 1605 1973 nomina

941 2001 1024 2032 saepe
1065 1991 1238 2021 masculino
1280 2001 1394 2031 genere
1437 1996 1604 2031 ponantur.

942 2039 1036 2075 Quod
1051 2039 1090 2070 ad
1107 2040 1240 2070 Siculam
1254 2050 1308 2081 pro
1325 2040 1462 2070 Siculum
1477 2038 1548 2070 vide
1563 2039 1604 2070 ad

941 2098 970 2118 v.
987 2089 1059 2118 442.
1076 2094 1107 2119 et
1122 2087 1201 2118 infra
1216 2098 1280 2118 ver.
1296 2089 1370 2118 868.
1420 2087 1473 2118 Ad
1488 2088 1603 2118 AEtnen

943 2135 1098 2178 Cyclopas
1126 2137 1282 2167 collocant
1309 2135 1404 2166 etiam
1427 2136 1602 2178 Euripides,

942 2185 1093 2226 Virgilius
1107 2191 1138 2216 et
1152 2185 1306 2221 Tibullus,
1322 2185 1381 2216 IV.
1395 2185 1417 2215 i.
1434 2186 1476 2216 56
1491 2197 1500 2223 ;
1519 2185 1603 2216 unde

942 2233 988 2264 ΙΙ.
1007 2245 1045 2264 ex
1069 2235 1183 2271 Ponto,
1207 2234 1240 2264 ii.
1262 2235 1331 2265 115.
1356 2235 1491 2265 AEtuoeus
1510 2234 1603 2274 Poly-

938 2284 1080 2322 phemus;
1105 2283 1144 2313 ad
1162 2283 1344 2324 Drepanum
1354 2289 1385 2313 et
1400 2283 1533 2324 Erycem
1549 2283 1602 2313 alii

943 2332 1037 2366 Quem
1050 2333 1302 2374 nullafefellerut
1312 2333 1382 2368 ales,
1394 2342 1502 2373 augur,
1517 2338 1604 2363 vates

939 2381 1031 2422 longe
1051 2382 1252 2412 certissimus.
1298 2382 1470 2412 Homerus:
1503 2381 1603 2419 Τήλε-

939 2442 999 2472 μος
1016 2430 1208 2473 Εὐρυμίδης,
1223 2432 1260 2468 ’ὸς
1274 2430 1466 2472 μαντοσύνῃ
1476 2430 1602 2461 ἐκέκασ-

941 2491 988 2510 το·
1001 2480 1073 2511 inde
1093 2491 1150 2510 sua
1168 2481 1262 2511 habet
1278 2478 1434 2521 Hyginus,
1452 2480 1516 2510 fab.
1533 2481 1604 2511 125.

940 2529 1057 2564 Altera,
1080 2529 1152 2564 alia,
1167 2531 1237 2568 jam
1258 2531 1373 2568 rapuit,
1397 2529 1471 2570 quia
1488 2528 1602 2570 puellae

941 2577 1056 2608 ocellos
1093 2588 1209 2614 eorum,
1243 2588 1262 2608 a
1298 2578 1413 2619 quibus
1449 2583 1603 2613 amantur,

941 2636 1045 2665 rapere
1066 2626 1233 2666 dicuntur3
1258 2627 1304 2657 II.
1326 2627 1435 2657 Amor.
1466 2626 1529 2656 xix.
1549 2628 1600 2658 19.

948 2674 991 2703 Tu
1016 2685 1137 2716 quoque,
1157 2686 1220 2715 quae
1241 2683 1353 2706 nostros
1374 2677 1503 2715 rapuisti
1528 2677 1602 2706 ocel-

944 2724 995 2753 los.
