1779 3130
353 162 974 206 METAMORPHOSEON
1007 165 1126 206 LIB.
1161 165 1271 207 XV.
1426 169 1511 209 457

124 275 363 338 Corpora,
391 292 502 338 quae
529 277 721 340 possint
745 278 931 325 animas
958 279 1191 327 habuisse
1217 287 1494 343 parentum,

123 351 227 397 Aut
250 351 468 406 fratrum,
497 360 584 398 aut
608 353 772 414 aliquo
791 354 1079 414 junctorum
1104 355 1287 402 foedere
1313 356 1471 412 nobis,

122 425 225 472 Aut
250 427 503 473 hominum
525 438 673 482 certe,
692 435 800 474 tuta
823 445 934 475 esse
955 437 1005 475 et
1028 430 1238 477 honesta
1263 432 1503 479 sinamus:

124 501 264 548 Neve
290 502 554 565 Thyesteis
581 505 889 551 cumulemur
913 505 1102 552 viscera
1125 507 1326 562 mensis,

123 577 287 632 Quam
312 579 440 625 male
465 580 773 636 consuescit;
815 596 965 642 quam
992 597 1044 627 se
1071 589 1210 643 parat
1244 582 1326 629 ille
1350 583 1508 629 cruori

121 653 312 716 Impius
338 655 568 709 humano,
596 655 735 701 vituli
763 656 848 718 qui
875 663 1078 716 guttura
1102 658 1258 703 cultro

122 729 349 793 Rumpit,
375 738 424 777 et
449 731 676 777 immotas
702 732 891 794 praebet
915 732 1186 794 mugitibus
1213 734 1383 780 aures!
1411 736 1507 781 465

121 805 224 852 Aut
247 807 332 868 qui
356 807 549 868 vagitus
575 807 760 854 similes
786 809 1055 870 puerilibus
1081 810 1281 856 hoedum

123 881 371 930 Edentem
389 884 619 946 jugulare
644 890 836 946 potest:
877 892 962 931 aut
987 885 1102 931 alite
1126 885 1275 940 vesci,
1381 886 1509 946 [istis

124 958 221 1005 Cui
246 959 385 1005 dedit
416 959 523 1023 ipse
549 960 713 1006 cibos!
753 967 993 1022 quantum
1019 968 1111 1016 est,
1140 961 1273 1023 quod
1299 962 1428 1007 desit
1460 962 1509 1007 in

119 1034 200 1081 Ad
225 1035 429 1098 plenum
453 1035 669 1083 facinus!
709 1052 808 1098 quo
835 1037 1069 1083 transitus
1096 1036 1210 1083 inde
1235 1037 1462 1099 paratur!

122 1110 227 1158 Bos
249 1119 369 1166 aret,
387 1119 471 1158 aut
484 1119 692 1159 mortem
709 1112 983 1158 senioribus
1000 1112 1213 1174 imputet
1227 1113 1389 1160 annis:
1414 1116 1510 1159 470

122 1185 427 1234 Horriferum
455 1195 627 1234 contra
653 1186 850 1234 Borean
868 1188 972 1234 ovis
997 1204 1133 1234 arma
1157 1188 1433 1235 ministret:

124 1261 294 1310 Ubera
316 1263 437 1310 dent
461 1270 637 1310 saturae
663 1263 890 1309 manibus
918 1264 1191 1326 pressanda
1216 1265 1439 1327 capellae.

122 1337 272 1386 Retia
295 1355 407 1386 cum
434 1339 641 1402 pedicis,
668 1340 975 1402 laqueosque
1001 1347 1235 1403 artesque
1260 1341 1458 1387 dolosas

119 1414 327 1463 Tollite:
368 1432 459 1463 nec
484 1416 731 1463 volucrem
757 1415 944 1462 viscata
963 1416 1114 1463 fallite
1140 1416 1275 1478 virga
1296 1434 1306 1464 :

123 1492 231 1540 Nec
256 1492 528 1540 formidatis
553 1509 724 1540 cervos
751 1493 989 1540 includite
1015 1493 1207 1556 pinnis:
1411 1496 1508 1539 475

121 1569 231 1617 Nec
256 1570 414 1617 celate
439 1570 563 1616 cibis
584 1585 736 1616 uncos
758 1568 1017 1616 fallacibus
1038 1570 1228 1616 hamos.
1266 1570 1506 1630 [tanturm

122 1646 342 1703 Perdite,
361 1646 401 1693 si
422 1663 522 1708 qua
542 1653 747 1693 nocent:
775 1662 945 1693 verum
966 1647 1072 1692 haec
1093 1662 1296 1708 quoque
1317 1646 1507 1708 perdite

121 1722 226 1769 Ora
240 1730 417 1770 vacent
436 1723 597 1786 epulis
616 1742 626 1779 ;
658 1723 992 1785 alimentaque
1012 1738 1229 1784 congrua
1249 1730 1472 1784 carpant.

188 1799 288 1846 III.
329 1799 532 1847 Talibus
558 1806 710 1862 atque
735 1799 843 1846 aliis
870 1799 1108 1845 instructo
1135 1805 1335 1861 pectore
1361 1798 1505 1845 dictis

894 1956 967 1986 471.
1003 1956 1107 1991 Arma,
1136 1955 1234 1990 lanas,
1264 1964 1333 1995 quae
1370 1954 1510 1995 praebent

850 2006 1033 2035 vestimenta
1058 2009 1089 2034 et
1115 2008 1297 2044 tegumenta
1321 2008 1427 2033 contra
1447 2003 1507 2034 vim

850 2053 978 2091 Boreae3
1001 2053 1106 2083 confer
1121 2062 1185 2082 ver.
1204 2052 1276 2082 117.

164 1956 240 1987 461.
270 1955 350 1986 Tuta
372 1967 429 1986 esse
453 1963 481 1986 et
504 1956 650 1996 honesta]
684 1955 781 1987 Hein-

121 2005 185 2035 sius
204 2004 342 2034 malebat
365 2011 431 2035 tuta
455 2011 542 2045 utque
563 2006 708 2041 inaclesa5
733 2003 781 2034 vel

120 2060 189 2083 tuta
209 2064 266 2084 esse
287 2059 315 2083 et
336 2056 436 2084 inesa:
459 2053 515 2083 sed
531 2054 649 2083 honesta
665 2058 711 2083 est
726 2052 780 2082 ho-

119 2112 194 2132 nore
209 2101 358 2137 ornanda,
368 2101 530 2137 honorata,
541 2107 575 2132 ut
590 2101 674 2143 apud
691 2101 781 2132 Cice-

121 2160 239 2185 ronem,
258 2150 358 2192 Epist.
383 2149 416 2181 ii.
434 2150 486 2181 15.
517 2150 660 2180 Caesarem
680 2151 779 2179 hones-

120 2205 184 2229 tum
197 2209 254 2230 esse
267 2200 342 2233 volo,
360 2204 392 2229 et
406 2198 480 2229 alibi
493 2198 619 2240 passim.
665 2197 778 2228 Gravi-

120 2254 166 2278 ter
190 2251 222 2277 et
250 2246 417 2277 admodum
443 2246 595 2277 invidiose
621 2246 778 2286 Thyestem,

118 2306 234 2331 menstt,
250 2305 370 2331 carnes,
386 2306 464 2337 quas
486 2295 698 2326 inhabitarunt
714 2296 779 2325 ani—

118 2353 177 2373 mae
214 2343 394 2381 liberorum,
435 2344 576 2379 fratrum,
616 2349 778 2384 parentum

119 2398 302 2423 nostrorum.
348 2392 505 2424 Iuvidiose
529 2392 623 2423 etiam
647 2393 779 2423 cumule-

122 2451 204 2470 mur.

164 2489 238 2519 463.
257 2488 355 2522 Quam
370 2499 398 2519 se
407 2495 507 2528 parat,
517 2489 594 2529 εἴα]
609 2490 713 2525 Quam
726 2499 780 2530 pa-

121 2547 189 2567 rum
206 2537 294 2567 abest
316 2537 369 2568 ille
393 2538 431 2568 ab
454 2537 631 2568 homicidio.
677 2537 782 2568 Verba

119 2585 282 2626 sequentia
297 2586 391 2627 plena
411 2592 482 2617 sunt
503 2586 644 2617 affectus.
690 2587 782 2620 Alite.

119 2634 255 2675 gallinis,
271 2635 429 2671 anatibus‚
446 2635 620 2667 anseribus.
654 2636 780 2665 Plenum

124 2682 258 2718 facinus,
271 2682 482 2714 homicidium.

170 2732 271 2762 VOL-
294 2732 355 2762 IV.

892 2102 965 2132 475.
986 2101 1154 2140 Formido]
1180 2099 1371 2140 Intelligitur
1387 2098 1508 2129 funicu-

849 2150 898 2180 lus
910 2156 1091 2180 venatorum
1105 2148 1214 2191 pennis
1230 2149 1279 2179 vel
1293 2149 1394 2187 pinnis
1409 2147 1508 2177 intex—

849 2204 909 2234 tus,
926 2209 987 2239 quo
1002 2198 1085 2228 cervi
1107 2197 1204 2228 territi
1226 2197 1258 2227 in
1273 2196 1351 2227 retia
1373 2196 1509 2237 ageban-

847 2252 912 2277 tur:
938 2247 1009 2277 vide
1032 2247 1215 2288 interpretes
1241 2245 1280 2275 ad
1305 2245 1336 2275 h.
1351 2245 1371 2275 l.
1387 2250 1417 2275 et
1434 2245 1509 2275 Cer-

847 2295 920 2325 dam
945 2295 985 2325 ad
1010 2295 1099 2335 Virg.
1122 2295 1236 2335 Georg.
1259 2293 1302 2323 iii.
1324 2293 1398 2323 372.
1444 2293 1507 2323 Nec

847 2345 950 2379 celate,
965 2349 1027 2374 etc.
1056 2343 1208 2377 Tibullus,
1222 2342 1266 2372 ΙΙ.
1281 2341 1322 2373 vi.
1338 2341 1390 2372 24.
1406 2341 1507 2375 Quum

847 2398 947 2423 tenues
967 2393 1063 2421 hamos
1078 2393 1193 2421 abdidit
1209 2396 1279 2421 ante
1293 2391 1379 2420 cibos.
1429 2390 1504 2419 Cun—

845 2453 938 2481 grua,
965 2439 1181 2471 convenientia
1208 2439 1326 2480 corpori
1355 2438 1504 2469 humano.

847 2482 1013 2530 Eleganter
1025 2499 1147 2527 carpere
1161 2489 1313 2518 alimenta.

891 2539 1073 2569 479-551.
1110 2538 1220 2578 Egeria
1244 2537 1352 2567 dolens
1376 2540 1504 2565 mortem

848 2587 961 2617 Numae
990 2590 1127 2615 mutatur
1156 2585 1187 2615 in
1205 2585 1339 2625 fontem.
1384 2584 1506 2614 Inserta

849 2640 896 2666 est
919 2635 957 2666 de
980 2635 1139 2674 Hippolyti
1164 2633 1235 2664 fatis
1258 2639 1289 2664 et
1309 2632 1506 2664 transforma-

851 2684 932 2714 tione
952 2684 983 2713 in
1003 2683 1134 2712 virbium
1156 2683 1273 2714 sabula.
1322 2682 1409 2711 Ultra
1429 2683 1502 2719 peti-

979 2732 998 2761 3
1016 2732 1045 2760 N
