1779 3130
358 173 973 215 METAMORPHOSEON
1008 173 1122 215 LlB.
1149 173 1284 214 XIV.

1425 173 1508 214 :391

130 289 323 336 Dicitur
348 288 551 351 ancipiti
577 288 830 351 peperisse
855 287 1051 334 Venilia
1074 287 1218 334 Jano.

129 364 267 419 Haec,
295 365 378 411 ubi
403 364 654 410 nubilibus
675 364 884 426 primum
905 364 1141 410 maturuit
1167 363 1323 418 annis,

1412 367 1506 409 335

127 440 404 503 Praeposito
429 440 623 485 cunctis
651 438 883 486 Laurenti
908 439 1089 485 tradita
1111 438 1231 485 Pico
1251 446 1353 486 est:

127 515 261 562 Rara
285 516 486 577 quidem
512 515 653 570 facie,
683 516 769 561 sed
797 516 946 561 rarior
967 524 1069 561 arte
1095 515 1333 569 canendi;

128 591 274 638 Unde
302 591 502 638 Canens
527 591 661 637 dicta
686 598 789 637 est:
831 591 992 645 silvas,
1020 598 1071 636 et
1095 606 1217 636 saxa
1239 606 1452 646 movere,

128 667 193 714 Et
217 668 435 714 mulcere
460 667 604 721 feras,
633 674 682 713 et
706 666 910 713 flumina
929 667 1076 728 longa
1101 666 1277 712 morari

128 743 228 790 Ore
253 760 358 798 suo,
385 744 711 805 volucresque
737 759 884 804 vagas
911 744 1120 790 retinere
1147 744 1352 789 solebat.
1413 746 1510 790 340

125 818 248 872 Quae
273 819 391 865 dum
417 819 630 866 feminea
654 820 935 865 modulatur
955 819 1173 866 carmina
1195 834 1331 871 voce,

125 894 331 942 Exierat
356 902 488 942 tecto
516 896 788 942 Laurentes
817 896 967 942 Picus
995 896 1043 941 {n
1065 911 1225 957 agros,

127 971 394 1033 Indigenas
418 971 607 1018 fixurus
634 987 806 1034 apros;
846 979 1141 1034 tergumque
1166 972 1423 1034 premebat

124 1047 267 1095 Acris
287 1048 419 1111 equi,
446 1048 669 1110 laevaque
693 1048 892 1095 hastilia
916 1048 1036 1094 bina
1058 1047 1264 1102 ferebat,

122 1123 408 1171 Poeniceam
433 1123 564 1170 fulvo
589 1124 905 1186 chlamydem
931 1129 1214 1170 contractus
1238 1123 1300 1169 ab
1326 1138 1458 1169 auro.

124 1199 342 1247 Venerat.
365 1199 414 1245 in
435 1199 580 1246 silvas
600 1206 651 1245 et
674 1200 774 1246 filia
801 1199 931 1245 Solis
958 1199 1160 1245 easdem
1179 1215 1188 1244 :

1411 1201 1506 1244 346

125 1276 295 1338 thue
321 1291 471 1322 novas
497 1277 686 1337 legeret
710 1275 952 1322 foecundis
978 1275 1187 1321 collibus
1213 1274 1408 1329 herbas,

126 1352 339 1399 Nomine
363 1352 498 1399 dicta
522 1368 626 1407 suo,
656 1351 848 1398 Circaea
872 1351 1142 1413 reliquerat
1167 1366 1297 1397 arva.

123 1526 201 1558 Div.
218 1525 241 1557 i.
257 1527 298 1565 9;
324 1526 436 1567 virgil.
451 1527 519 1556 Ecl.
535 1526 580 1557 iii.
597 1528 627 1557 3.
671 1526 780 1562 Janns,

124 1577 212 1607 Deus
226 1575 407 1606 Latinorum
428 1575 618 1606 domesticus
636 1587 641 1604 :
666 1586 781 1615 anceps,

124 1624 199 1665 quia
219 1624 344 1665 duplice
366 1624 467 1665 capite
487 1624 670 1664 fingebatur,
687 1624 782 1654 etiam

127 1673 210 1703 Fast.
234 1673 254 1703 i.
279 1673 342 1710 95;
366 1673 465 1702 Janus
491 1673 604 1713 bifrons
631 1673 704 1702 stEn.
731 1672 782 1702 vii.

126 1722 197 1752 180.
232 1720 275 1757 Is,
301 1720 472 1751 secundum
497 1720 673 1755 nonnullos,
695 1721 781 1750 Veni-

123 1771 205 1805 liam,
242 1780 312 1811 quae
354 1769 411 1799 fuit
454 1769 533 1799 inter
566 1770 654 1799 Deas
691 1769 781 1799 mari-

124 1829 190 1854 nas,
207 1829 333 1849 uxorem
354 1818 486 1850 habuit:
511 1817 682 1848 secundum
705 1818 782 1848 alios

124 1867 289 1901 Camesen,
338 1866 523 1896 Camesnam
574 1872 628 1896 aut
669 1865 782 1896 Came-

124 1926 219 1952 nam3
251 1914 402 1955 Heynius,
430 1914 507 1944 Exc.
532 1926 563 1944 v.
591 1914 630 1945 ad
655 1914 783 1944 AEneid.

124 1964 178 1994 vii.

166 2012 241 2042 337.
266 2012 362 2047 Rara,
387 2011 513 2042 eximia.
564 2011 690 2047 Canens,
715 2012 781 2043 Pici

122 2072 209 2097 uxor,
226 2060 301 2091 alibi
316 2071 378 2091 non
391 2061 534 2090 occurrit.
580 2060 662 2091 Vide
678 2067 782 2092 tamen

124 2110 232 2149 Heyn.
248 2109 282 2139 d.
296 2109 318 2139 l.
335 2109 406 2139 Vox
423 2108 488 2149 ejus
504 2108 634 2139 eandem
650 2108 712 2138 vim
726 2109 781 2140 ha-

123 2159 229 2194 bebat,
255 2167 347 2198 quam
375 2157 504 2198 Orphei,
529 2168 622 2197 quem
644 2160 782 2189 insecuta:

124 2207 214 2241 silvae,
229 2208 349 2245 *rapidos
363 2211 522 2235 morantem
533 2206 702 2243 fluminum
720 2208 783 2245 lap-

123 2265 182 2290 sus,
195 2255 306 2284 Horat.
322 2254 349 2284 I.
365 2253 426 2284 Od.
442 2253 494 2283 xii.
511 2254 543 2283 8.
576 2253 665 2283 Idem
680 2253 784 2284 dictus

123 2305 219 2334 tenire
240 2305 341 2344 tigres,
365 2304 536 2342 rabidosque
557 2303 662 2338 teones,
691 2308 722 2333 et
751 2308 785 2333 ut

124 2350 294 2392 Amphion,
324 2362 392 2381 sana
422 2361 559 2387 Μίνωι-9,·
596 2350 665 2381 Art.
695 2352 785 2382 Poet.

128 2400 212 2430 393..

166 2448 241 2478 342.
270 2447 478 2478 Laitrerztimcs
506 2459 579 2488 ager
602 2447 783 2478 abundabat

123 2497 227 2535 apris,-
251 2495 332 2525 unde
348 2505 430 2537 saepe
447 2496 584 2526 Laurens
601 2507 693 2535 aper;
718 2495 782 2526 vid.

127 2544 234 2574 Bentl.
254 2543 294 2574 ad
311 2544 387 2574 Hor.
404 2544 506 2585 Epod.
524 2556 553 2574 v.
569 2545 620 2575 28.
666 2545 781 2574 Obser-

128 2598 180 2623 vat
204 2591 336 2627 Radius,
368 2594 489 2623 hastilia
521 2593 613 2623 fuisse
650 2592 783 2633 insignia

125 2641 221 2682 -regiae
239 2640 401 2680 dignitatis
416 2647 552 2682 tempore
568 2641 703 2671 heroico.
733 2641 783 2670 Sic

129 2687 297 2729 Cephalus,
314 2690 393 2720 Met.
408 2689 460 2719 vii.
477 2690 698 2728 673.jacul11m
714 2699 782 2729 ges-

849 1526 946 1556 tabat.
1005 1523 1066 1555 Sed
1095 1524 1189 1554 Picus
1225 1523 1350 1555 hastilia
1380 1531 1509 1556 venatus

849 1585 943 1605 causa
958 1579 1141 1615 sumpserat.
1178 1573 1277 1603 Notat
1293 1574 1413 1609 Douza,
1430 1576 1510 1605 indi-

848 1634 938 1663 genas
954 1621 1094 1652 Martial.
1111 1621 1137 1651 I.
1153 1621 1175 1652 l.
1190 1622 1243 1652 24.
1258 1622 1383 1653 vocasse
1405 1632 1510 1653 vernas

850 1682 949 1710 apros.

893 1721 966 1750 345.
985 1717 1192 1757 Contractus]
1219 1718 1324 1754 Quum
1349 1718 1442 1748 MSS.
1459 1718 1508 1749 hic

851 1768 941 1799 valde
958 1767 1087 1803 varient,
1103 1772 1134 1798 et
1149 1766 1202 1797 alii
1218 1766 1357 1797 habeant
1372 1775 1509 1799 contrac-

850 1824 909 1853 tus,
939 1816 992 1847 alii
1021 1822 1185 1851 contactus,
1215 1826 1410 1854 comprensus,
1439 1829 1507 1847 cun-

850 1868 976 1901 cinctus,
999 1871 1162 1900 contortus,
1183 1871 1344 1900 contectus,
1365 1876 1507 1904 compres-

850 1926 908 1950 sus,
925 1920 988 1944 etc.
1033 1913 1181 1944 Heinsius
1205 1913 1328 1948 fatetur,
1352 1923 1384 1943 se
1405 1923 1508 1945 veram

851 1962 1015 1993 lectionem
1037 1961 1170 2002 reperire
1193 1971 1253 1991 non
1274 1971 1383 2001 posse3
1408 1961 1508 2002 suspi-

851 2010 914 2040 cari
951 2016 1057 2040 tamen
1087 2020 1131 2044 se,
1161 2009 1312 2050 scriptum
1348 2008 1508 2050 reliquisse

851 2059 945 2089 Ovid.
973 2070 1152 2098 conspersus.
1204 2057 1374 2088 Videamus
1401 2058 1507 2099 igitur,

850 2117 889 2138 an
905 2107 1019 2137 certius
1042 2106 1159 2147 aliquid
1177 2105 1321 2136 constitui
1338 2107 1444 2147 possit.
1481 2109 1507 2137 E

850 2167 912 2187 ver.
948 2157 1010 2186 394
1047 2160 1145 2196 patet,
1178 2154 1275 2185 fibula
1310 2155 1507 2186 constrictam

849 2203 1045 2244 chlamydem
1068 2203 1212 2233 habuisse
1228 2202 1359 2240 Picum;
1383 2203 1509 2234 aliunde

852 2263 932 2288 vero,
948 2264 977 2283 v.
992 2262 1020 2282 c.
1036 2262 1052 2281 e
1068 2251 1180 2281 statuis
1201 2256 1231 2281 et
1250 2250 1509 2292 descriptionibus

851 2302 962 2332 Dianae
988 2300 1268 2341 Nympharumque
1292 2299 1508 2336 venafflcium,

850 2349 976 2385 scimus,
999 2355 1147 2380 venantes
1173 2348 1313 2378 breviore
1330 2353 1414 2379 veste
1440 2359 1509 2379 usos

851 2409 930 2429 esse.
968 2397 1000 2427 Si
1014 2397 1121 2438 itaque
1137 2407 1191 2438 per
1203 2408 1312 2427 aurum
1327 2407 1408 2427 nunc
1425 2396 1505 2427 fibu-

850 2448 909 2477 lam
928 2456 1050 2477 auream
1062 2445 1277 2486 intelligimus,
1290 2451 1319 2475 et
1336 2451 1508 2476 contractus

851 2496 1035 2534 chlamydem
1049 2493 1167 2524 dictum
1190 2499 1336 2535 putamus
1351 2503 1416 2534 pro,
1432 2504 1505 2524 con-

850 2548 980 2573 tractam
1010 2541 1207 2582 chlamydem
1242 2541 1371 2577 habens,
1400 2552 1507 2572 sensus

850 2591 943 2622 oritur
971 2591 1115 2632 optimus.
1167 2592 1211 2620 Ab
1240 2601 1325 2626 auro,
1352 2599 1445 2620 auro:
1470 2592 1507 2620 ab

850 2650 933 2680 saepe
957 2640 1194 2670 instrumentum
1219 2638 1346 2674 indicat,
1367 2649 1427 2679 quo
1451 2638 1507 2670 ali-

852 2687 927 2728 quid
944 2688 987 2718 fit.
