1779 3130
223 172 280 213 84
617 168 668 209 Ρ.
701 165 916 208 OVIDII
948 163 1229 206 NASONIS

230 285 410 333 Forma
430 283 631 346 triplex,
653 297 744 328 nec
765 280 922 327 forma
940 278 1122 341 triplex
1142 283 1244 331 tua,
1265 275 1500 330 Cerbere,
1518 290 1622 320 mo-

226 362 394 409 Vosne
420 375 596 406 manus
620 356 773 404 validi
799 354 1051 419 pressistis
1076 368 1264 401 cornua
1286 350 1447 398 tauri?
1507 350 1621 411 [vitz

235 438 469 485 Vestrum
496 451 623 497 opus
651 433 756 480 Elis
782 433 962 487 habet;
1003 437 1222 477 vestrum
1252 427 1626 491 Stymphalides

432 512 596 566 undae,

1537 506 1625 551 187

234 589 664 651 Partheniumque
690 604 800 634 nem
810 603 888 633 us:
934 592 1099 633 vestra
1122 584 1302 630 virtute
1326 583 1511 630 relatus

232 665 680 713 Thermodontiaco
706 664 911 710 caelatus
936 661 1166 708 baltheus
1193 675 1311 706 auro
1335 678 1344 716 3

237 743 496 805 Pomaque
519 743 581 788 ab
602 741 815 788 insomni
837 739 964 785 male
986 738 1236 785 custodita
1254 737 1467 783 dracone
1490 753 1499 783 :

240 819 350 866 Nec
376 819 495 865 mihi
523 818 760 864 Centauri
787 823 992 880 potuere
1017 815 1264 869 resistere,
1293 829 1384 860 nec
1410 815 1476 858 mi

239 896 464 942 Arcadiae
490 902 708 941 vastator
733 910 875 957 aper:
916 909 1008 940 nec
1034 891 1219 956 profuit
1245 889 1433 954 Hydrae

241 972 481 1018 Crescere
497 987 585 1033 per
600 972 854 1024 damnum,
873 969 1197 1031 geminasque
1214 983 1464 1014 resumere
1479 966 1630 1014 vires:

240 1047 402 1102 Quid?
442 1064 596 1109 qutun
645 1047 862 1094 Thracas
912 1061 1088 1108 equos,
1129 1045 1346 1090 humano
1392 1042 1633 1105 sanguine

440 1124 667 1186 pingueS,

1543 1122 1632 1166 194

243 1199 501 1262 Plenaque
528 1200 818 1262 corporibus
843 1198 1020 1245 laceris
1048 1197 1292 1261 praesepia
1315 1196 1431 1251 vidi,

242 1276 465 1338 Visaque
491 1276 667 1338 dejeci,
696 1276 1072 1338 dominumque,
1100 1273 1339 1337 ipsosque
1364 1272 1582 1335 peremi:

292 1420 362 1449 186.
392 1419 542 1449 Pressistis
562 1430 686 1454 coi-uno,
705 1429 787 1449 more
811 1419 906 1449 'sete-

245 1478 324 1503 rum,
339 1468 391 1508 qui
408 1474 576 1503 taurorum,
592 1479 668 1508 quos
681 1468 838 1498 debellare
852 1479 905 1497 vo-

246 1516 365 1552 lebant,
381 1527 497 1546 cornua
514 1517 552 1547 ad
571 1523 681 1547 terram
699 1516 907 1547 deducebant.

248 1565 329 1596 Vide
344 1576 437 1606 supra
453 1577 514 1596 ver.
532 1567 583 1597 84.
628 1567 678 1596 Sic
696 1577 767 1606 ergo
783 1572 813 1596 et
829 1566 908 1595 Her—

246 1615 333 1646 cules
349 1617 480 1645 validum
496 1615 584 1645 illum
597 1623 717 1645 murum
732 1615 815 1656 apud
833 1615 907 1645 Cre-

248 1669 350 1694 tenses
375 1664 458 1698 vicit,
480 1664 649 1705 vivumque
675 1664 713 1694 ad
736 1664 910 1704 Eurysthea

250 1713 404 1754 perduxit.
433 1713 696 1754 Tuuriignivomi,
711 1724 802 1753 quem
814 1713 910 1742 iratus

248 1761 349 1791 Minoi
364 1762 532 1802 Neptunus
548 1762 579 1791 in
595 1762 720 1792 Cretam
735 1761 872 1791 immisit.

296 1811 366 1840 137.
395 1811 529 1840 restrum
541 1822 611 1850 opus
624 1811 710 1847 Elis,-
737 1810 847 1850 Augiae
864 1820 909 1840 re-

250 1860 296 1899 gis
312 1860 418 1889 Elidos
434 1860 590 1890 stabulum
605 1865 826 1901 expurgatum.
873 1859 912 1888 In

253 1909 428 1943 Parthenio,
445 1908 612 1944 Arcadico,
641 1920 765 1944 nemore,
789 1918 912 1938 cervam

251 1957 417 1999 aeripedem
434 1957 547 1987 Dianae
564 1958 720 1998 attigerat.
768 1957 914 1987 Baltlzeus

250 2007 314 2041 ille,
329 2017 422 2047 quem
436 2007 573 2037 habebat
589 2007 692 2047 regina
708 2007 913 2041 Amazonum,

251 2055 293 2086 ad
328 2056 569 2086 Thermodontem
605 2056 815 2097 Cappadociae
854 2055 911 2085 flu-

251 2104 349 2139 vium,
388 2104 609 2139 habitantium,
637 2104 813 2145 symbolum
848 2110 913 2134 erat

253 2153 385 2194 imperii.
410 2154 525 2184 Justin.
542 2153 576 2183 ii.
595 2155 626 2183 4.

299 2203 370 2232 190.
397 2202 485 2232 Poma
500 2204 645 2233 custodita
659 2205 695 2233 ub
707 2205 835 2233 dracone
849 2215 857 2238 ;
874 2203 912 2233 de

252 2250 351 2292 pomis
378 2251 589 2291 Hesperidum
615 2251 683 2282 vide
711 2251 750 2281 ad
777 2251 818 2282 iv.
840 2253 914 2283 636.

255 2300 348 2334 Male,
360 2300 491 2336 frustrag
510 2301 579 2331 vide
592 2302 817 2330 Burmannum.
846 2301 915 2331 ὓΙα-

254 2350 280 2378 le
295 2348 381 2378 dedit
396 2349 561 2380 Heinsius:
590 2356 662 2380 aute
679 2360 750 2379 eum
766 2349 916 2381 edebatur

255 2408 312 2427 non
332 2398 478 2427 custodita
495 2399 593 2438 (quod
615 2398 710 2428 habet
729 2404 831 2428 noster
852 2399 917 2429 Re-

254 2445 324 2485 gius
338 2446 367 2474 A
382 2445 407 2483 3.)
432 2446 557 2485 plurimi
577 2446 700 2476 codices
721 2447 817 2486 (inter
839 2457 915 2487 quos

255 2499 359 2524 noster
378 2495 423 2533 B)
442 2497 657 2530 concustodita,
676 2494 759 2535 quod
781 2495 915 2535 degene—

256 2542 339 2572 rasse
363 2553 400 2572 ex
425 2555 484 2574 non
503 2552 578 2574 cust.
625 2543 773 2574 Heinsius
799 2549 914 2574 mouet.

255 2590 317 2621 Sed
333 2590 494 2621 Gebhard.
509 2591 555 2622 iii.
573 2592 665 2633 Crep.
681 2593 733 2622 23.
753 2591 832 2622 illud
848 2603 917 2632 pro*

256 2640 321 2675 bat,
345 2639 420 2680 quia
443 2640 547 2676 Atlas,
574 2641 763 2682 Hesperides
788 2640 858 2671 filiae
880 2651 916 2672 ac

258 2687 351 2718 draco
367 2689 510 2720 custodes
524 2690 661 2720 coadditi
678 2690 808 2720 fuerant.

1023 1418 1094 1448 19⁴2.
1118 1417 1257 1447 Arcadias
1269 1415 1507 1456 ‘vastatoraperj
1534 1414 1640 1445 Maxi-

977 1477 1045 1496 mus
1062 1477 1146 1508 aper,
1164 1464 1334 1495 Arcadiam
1351 1470 1488 1501 vastans,
1504 1465 1542 1495 ab
1558 1465 1638 1495 Her-

977 1516 1046 1545 cule
1076 1515 1165 1546 vivus
1195 1515 1234 1544 ad
1263 1514 1470 1554 Eurystheum
1498 1513 1555 1544 fuit
1581 1513 1637 1544 ad-

977 1565 1102 1595 ductus.
1152 1565 1290 1594 Crescere
1304 1574 1357 1603 per
1372 1565 1515 1594 dammum
1529 1574 1539 1599 5
1565 1573 1638 1593 con-

977 1620 1022 1650 fer
1050 1630 1172 1650 versum
1204 1619 1265 1656 703
1303 1618 1460 1653 Horatius,
1487 1619 1546 1649 IV.
1573 1617 1639 1649 Od.

978 1668 1018 1698 iv.
1048 1670 1102 1698 59.
1135 1679 1189 1707 pei·
1218 1669 1328 1698 damna
1364 1669 1474 1698 ducere
1507 1678 1581 1706 opes,
1611 1672 1639 1697 et

977 1720 1126 1747 animum.

1024 1768 1097 1797 194.
1127 1766 1257 1796 Thracas
1284 1776 1390 1805 equos5
1425 1763 1520 1795 nostri
1545 1763 1639 1804 Regii

986 1816 1119 1850 Thracis,
1135 1814 1257 1845 scilicet
1269 1813 1434 1844 Diomedis
1450 1813 1531 1854 regis
1544 1813 1641 1843 Thra-

980 1864 1048 1895 ciae.
1108 1863 1211 1905 Hujus
1238 1874 1335 1904 equos
1364 1863 1478 1904 quibus
1508 1862 1643 1903 hospites

981 1912 1150 1943 devorandi
1188 1911 1428 1953 objiciebantur,
1471 1911 1641 1942 secundum

981 1961 1058 1991 alios
1075 1960 1206 1991 adduxit
1223 1960 1309 1990 vivos
1327 1959 1366 1990 ad
1383 1959 1570 2000 Eurysthea.
1596 1960 1644 1990 Ex

981 2009 1234 2051 interpretatione
1244 2009 1380 2039 Theonis
1393 2009 1556 2051 Sophistae,
1569 2010 1644 2039 Pro-

981 2069 1087 2099 gymn.
1110 2069 1180 2099 cap.
1203 2059 1233 2088 6.
1257 2065 1289 2088 et
1310 2057 1499 2099 Palaephati,
1520 2068 1592 2099 cap.
1615 2059 1645 2088 4.

981 2107 1151 2138 Diomedes
1170 2106 1259 2147 equis
1275 2106 1396 2137 alendis
1415 2106 1454 2136 ad
1477 2112 1645 2148 pauperta-

980 2162 1041 2185 tem
1067 2156 1212 2185 redactus
1237 2155 1387 2195 originem
1413 2154 1527 2185 fabulae
1555 2155 1643 2184 dedit

981 2204 1020 2235 de
1043 2205 1132 2246 equis
1156 2205 1222 2246 ejus
1246 2203 1482 2245 ἀνδροφάγοις;
1510 2214 1643 2245 eamque

982 2254 1267 2296 interpretationem
1305 2254 1415 2295 probat
1458 2253 1645 2288 Gronovius,

982 2304 1062 2333 Obs.
1079 2303 1119 2333 iv.
1134 2303 1186 2332 24.
1202 2302 1254 2332 ubi
1271 2302 1363 2332 docet
1376 2301 1526 2343 exemplis
1542 2302 1645 2332 allatis

987 2352 1027 2381 10.
1053 2351 1272 2392 patrimonium
1295 2352 1426 2382 Veteres
1449 2350 1563 2380 dixisse
1590 2353 1645 2382 vis-

983 2411 1064 2434 cera,
1081 2410 1193 2434 uei-ros,
1208 2401 1394 2440 sanguinem,
1414 2401 1498 2434 sires,
1516 2401 1621 2430 vitalia
1635 2411 1643 2435 ,’

982 2449 1026 2478 20.
1042 2448 1094 2489 qui
1109 2448 1328 2490 patrimonium
1344 2448 1472 2478 alterius
1487 2448 1643 2483 minuant,

984 2496 1058 2533 dici,
1079 2499 1229 2532 devorare,
1252 2499 1399 2527 comedere
1419 2508 1502 2532 eum,
1520 2509 1646 2538 e-tngere

984 2547 1051 2586 ejus
1062 2548 1247 2586 sanguinem.
1274 2547 1407 2585 Pingues
1417 2548 1564 2587 sanguine
1576 2557 1642 2577 me-

986 2595 1045 2625 lius
1067 2605 1173 2636 quam,
1194 2601 1289 2634 pastos
1308 2598 1469 2636 sanguine,
1488 2595 1570 2635 quod
1592 2595 1644 2625 alii

985 2642 1122 2680 habent3
1155 2644 1314 2679 Horatius,
1340 2644 1372 2672 ii.
1404 2643 1468 2674 Od.
1496 2644 1549 2674 29.
1576 2655 1644 2673 san-

986 2695 1077 2728 gaina
1090 2694 1213 2733 pinguis
1229 2704 1357 2731 campus.
