1779 3130
350 149 971 194 METAMORPHOSEON
1004 150 1123 191 LIB.
1158 149 1250 190 IX.
1421 150 1478 191 87

96 266 221 313 Inde
246 267 383 312 nives
409 266 540 322 fieri3
582 265 775 311 nivibus
801 280 1004 327 quoque
1028 265 1176 311 molle
1202 265 1374 311 rotatis

90 341 329 403 Astringi,
358 348 409 388 et
434 341 596 404 spissa
620 341 881 402 glomerari
907 340 1147 402 grandine
1174 356 1382 403 corpus:

95 418 178 464 Sic
199 418 336 463 illum
351 417 525 464 validis
547 424 714 463 actum
736 433 823 479 per
838 416 982 463 inane
1004 417 1218 471 lacertis,
1239 417 1479 477 [bentem‚

95 493 518 556 Exsanguemque
545 500 697 548 metu,
724 508 815 539 nec
843 493 1117 554 quidquam
1142 492 1358 539 humoris
1395 493 1480 538 ha-

96 570 154 617 In
181 570 362 632 rigidas
388 586 584 616 versum
610 569 772 616 silices
799 570 930 632 prior
955 569 1111 615 edidit
1136 576 1274 616 aetas.
1385 572 1481 615 225

94 646 243 693 Nunc
255 663 456 709 quoque
468 647 517 692 in
531 646 754 692 Euboico
771 646 1005 708 scopulus
1018 645 1178 691 brevis
1196 645 1376 691 emicat
1386 645 1484 691 alte

97 723 324 784 Gurgite,
352 730 402 769 et
426 724 653 769 humanae
681 728 843 768 servat
866 721 1075 782 vestigia
1099 720 1282 767 formae.

97 798 275 855 Quem,
305 800 448 861 quasi
475 815 751 853 sensurum,
779 805 942 844 nautae
969 799 1161 844 calcare
1186 804 1432 852 verentur,

97 874 471 940 Appellantque
498 874 713 922 Lichan:
754 882 804 921 at
830 882 900 929 tu,
928 873 957 919 J
963 873 1066 920 ovis
1092 874 1282 936 inclyta
1305 874 1485 936 proles,

97 951 371 998 Arboribus
397 951 556 1006 caesis,
585 967 709 1013 quas
735 951 889 998 ardua
913 957 1136 1012 gesserat
1160 950 1293 1004 OEte‚
1391 952 1488 995 230

100 1027 260 1090 Inque
289 1043 464 1091 pyram
497 1027 714 1082 structis,
743 1042 886 1073 arcus
919 1030 1306 1089 pharetramque
1340 1041 1487 1088 capa-

101 1104 380 1167 Regnaque
405 1104 593 1151 visuras
620 1104 799 1150 iterum
825 1103 1039 1166 Trojana
1063 1103 1271 1164 sagittas
1338 1103 1486 1163 [cem‚

105 1179 253 1228 Ferre
274 1182 422 1243 jubes
448 1180 657 1227 Poeante
686 1187 875 1227 satum:
916 1196 1016 1242 quo
1041 1179 1242 1226 flamma
1269 1178 1493 1225 ministro

102 1312 222 1342 humore
244 1314 362 1343 mollius
382 1320 492 1344 coacto.
538 1314 677 1355 Astringi
696 1324 765 1355 pro-

101 1362 166 1403 prie
191 1361 229 1392 de
252 1361 353 1402 glacie
377 1367 408 1392 et
431 1362 604 1403 grandine3
629 1362 700 1393 vide
725 1363 765 1393 ad

103 1410 124 1440 i.
145 1411 215 1441 120.
262 1410 433 1446 Grandine,
457 1411 489 1441 in
513 1410 708 1452 grandinem,
732 1417 766 1442 ut

104 1470 199 1501 supra
215 1466 302 1490 tauro
321 1462 446 1496 mutari,
456 1466 486 1490 et
501 1459 582 1490 infra
593 1461 666 1490 alite
681 1463 768 1491 verti.

109 1508 160 1538 De
176 1509 283 1539 validis
299 1510 418 1540 lacertis
431 1508 577 1539 Herculis
587 1509 658 1540 vide
669 1509 766 1539 Hein-

108 1557 189 1588 sium
205 1557 245 1588 ad
258 1569 311 1588 xV.
323 1559 398 1588 230.
443 1558 481 1587 In
496 1569 672 1599 exsanguem
689 1565 769 1588 metu

105 1606 235 1647 frigidus
249 1612 296 1636 est
308 1606 427 1647 ingenii
443 1606 543 1638 lusus.
583 1607 674 1636 Prior
688 1614 767 1643 tetus,

107 1661 256 1686 vetustas.
277 1655 374 1691 Infra,
390 1666 443 1686 xv.
459 1657 532 1686 445.
548 1657 658 1695 priores
674 1658 769 1692 anni,-

108 1702 282 1739 Terendus,
306 1704 388 1733 Eun.
405 1703 439 1734 ii.
457 1705 489 1734 2.
506 1705 638 1734 seculum
661 1707 768 1743 prius,-

108 1758 139 1784 et
155 1763 236 1793 saepe
250 1755 377 1792 priores,
393 1753 447 1794 qui
460 1753 534 1783 olim
550 1753 706 1784 vixerunt.

151 1802 226 1832 226.
250 1801 374 1831 Brevem
396 1801 556 1842 explicant
577 1812 638 1832 non
660 1802 769 1838 latum,

108 1849 176 1890 (Sic
215 1849 282 1880 Liv.
318 1849 381 1881 xxi.
411 1851 466 1880 35.
503 1851 600 1880 breres
638 1856 768 1887 montes,-

109 1898 223 1929 Noster
235 1899 365 1930 Heroid.
380 1899 466 1930 xviii.
483 1899 552 1930 174.
564 1901 657 1930 brevis
676 1900 771 1940 aqua)

111 1947 164 1989 qui
193 1958 269 1978 sane
298 1949 358 1978 alte
387 1948 522 1980 eminere
550 1955 664 1990 potest.
710 1949 772 1980 Sed

112 2007 208 2038 quum
233 1997 414 2028 vetustiores
436 1998 577 2040 plerique
600 1999 695 2029 MSS.
711 2000 774 2028 ulto

112 2045 259 2081 habeant,
280 2045 390 2076 Heius.
416 2046 628 2088 reponendum
657 2053 774 2083 censet,

114 2097 147 2125 in
163 2095 298 2125 Euboici.
343 2096 414 2125 Alto
427 2098 561 2136 gurgite,
578 2096 627 2126 vel
651 2096 775 2126 Euboici

115 2143 183 2174 am.
222 2143 385 2174 Euboicum
404 2150 436 2174 ut
451 2144 526 2175 alibi
540 2145 676 2185 AEgaeum
692 2152 723 2175 et
735 2145 774 2175 si-

115 2191 212 2222 milia.
226 2192 309 2222 Vide
322 2192 571 2223 Brouckhusium
587 2193 626 2223 ad
642 2194 773 2235 Proper-

115 2241 204 2278 tium,
221 2242 285 2272 III.
302 2253 332 2272 ν.
352 2243 400 2273 ll.
436 2242 571 2280 Emicat5
589 2242 646 2273 hoc
661 2254 699 2273 ex
715 2243 775 2274 Pa—

116 2290 213 2321 latino
227 2291 388 2322 Gebhard.
403 2301 474 2321 cum
490 2291 626 2322 Grutero
641 2292 778 2333 praetulit

116 2340 162 2380 τῷ
177 2342 284 2370 eminet
296 2339 397 2380 (quod
412 2340 528 2371 habent
543 2340 637 2371 nostri
653 2340 777 2381 Regii.)

117 2389 236 2419 Saltem
263 2390 368 2419 emieat
397 2389 429 2419 id
459 2390 541 2431 quod
570 2390 686 2421 eminet
701 2403 707 2420 :
744 2397 778 2421 ut

119 2443 238 2468 montes
250 2449 417 2479 assurgere,
429 2438 472 2469 sic
489 2439 659 2470 eminentes
676 2445 780 2481 partes

120 2488 256 2522 emicare,
273 2489 422 2526 prosilire,
439 2492 502 2518 etc.
519 2487 655 2518 suaviter
670 2487 780 2518 dicun-

122 2539 183 2564 tur.
230 2535 321 2565 Forte
337 2536 483 2576 scopulus
499 2535 626 2576 quidam
643 2535 685 2565 ibi
702 2535 779 2566 refe—

123 2583 211 2613 rebat
244 2589 402 2624 utcunque
440 2584 568 2614 sormam
602 2584 783 2616 humanam.

126 2630 204 2662 Inde
219 2631 339 2663 fabula.

168 2681 241 2711 229.
266 2682 484 2722 Appellantque
512 2682 648 2717 Lichan,·
677 2681 741 2713 sive
765 2692 782 2712 a

834 1313 932 1348 λὶξαι,
948 1312 1029 1354 quod
1056 1312 1204 1354 ὁρμῆσαι,
1225 1311 1283 1342 hoc
1307 1317 1366 1347 est,
1384 1311 1494 1352 impel-

834 1362 896 1393 lere
913 1367 1007 1403 atque
1024 1361 1174 1402 impetum
1190 1361 1305 1396 facere,
1319 1360 1496 1401 significat3

835 1410 900 1440 sive
912 1410 1006 1440 etiam
1020 1420 1038 1440 a
1051 1409 1158 1445 forma,
1168 1409 1267 1450 λίχας
1279 1408 1362 1439 enim
1376 1409 1498 1439 Graecis

835 1459 1017 1501 ἀπότομον,
1031 1459 1088 1489 hoc
1104 1464 1160 1493 est,
1175 1459 1341 1499 abruptum
1358 1467 1394 1487 ac
1411 1463 1497 1488 trun·

837 1518 921 1543 cum,
940 1507 1105 1548 significat.
1143 1508 1188 1537 Ut
1203 1506 1414 1547 intelligamus
1430 1517 1495 1536 sco-

837 1557 946 1598 pulum
973 1557 1054 1586 hunc
1081 1567 1099 1586 a
1124 1555 1244 1597 reliquo
1269 1556 1395 1591 Cenaeo,
1414 1556 1499 1586 velut

837 1605 1005 1646 abruptum
1033 1604 1189 1646 quendam
1219 1610 1250 1634 et
1279 1603 1499 1634 detruncatum

838 1664 996 1696 apparere.
1038 1655 1147 1684 Ardua
1164 1654 1248 1689 OEte;
1272 1653 1343 1684 vide
1360 1663 1429 1694 quae
1445 1663 1498 1683 su-

837 1713 892 1744 pra
917 1702 956 1732 ad
972 1713 1094 1733 versum
1110 1703 1184 1732 204.
1231 1702 1395 1742 Regnaque
1418 1704 1498 1732 visu-

838 1763 905 1789 ras,·
924 1751 1073 1782 Heinsius
1089 1751 1216 1792 conjicit
1232 1762 1383 1792 regnaque
1399 1762 1500 1781 versu-

839 1813 906 1831 ras:
941 1801 1073 1831 alterum
1103 1800 1177 1830 satis
1205 1800 1338 1842 poetice.
1384 1801 1501 1830 Iterum

840 1852 965 1886 ¹visuras,
982 1850 1124 1881 viderant
1146 1850 1280 1891 primum
1301 1860 1397 1890 quum
1417 1850 1499 1880 Her-

840 1899 927 1930 cules
938 1898 1181 1929 Laomedontem
1193 1898 1399 1940 impugnaret.
1424 1898 1500 1929 Fer-

840 1959 895 1985 re5
912 1948 1084 1990 deportare.
1131 1948 1253 1978 Parente
1267 1954 1359 1983 satus,
1375 1947 1500 1977 Philoc-

842 2002 934 2033 tetes,
963 1996 1016 2038 qui
1043 2006 1153 2037 pyram
1176 1996 1321 2026 accendit
1344 1995 1502 2032 Herculis,

842 2057 896 2087 pro
913 2056 1012 2086 eoque
1028 2045 1128 2075 officio
1148 2051 1259 2086 praeter
1280 2045 1400 2086 reliqua
1416 2055 1502 2075 arma

843 2095 937 2124 etiam
953 2095 1078 2133 sagittas
1098 2094 1165 2135 ejus
1184 2093 1308 2135 accepit
1322 2099 1503 2129 venenatas,

843 2142 909 2173 sine
935 2143 1050 2184 quibus
1072 2142 1164 2172 Troia
1187 2142 1257 2184 capi
1281 2153 1342 2172 non
1365 2148 1504 2183 poterat;

844 2191 915 2221 vide
939 2191 978 2221 ad
1004 2191 1069 2221 xiii.
1090 2192 1141 2221 45.
1187 2190 1283 2232 Apud
1308 2191 1504 2231 Sophoclem,

847 2240 940 2271 1193.
957 2240 1085 2281 Hyllus,
1107 2239 1256 2270 adhibitis
1280 2239 1380 2275 sociis,
1396 2249 1505 2280 pyram

844 2290 946 2325 struit,
961 2294 992 2319 et
1014 2288 1185 2320 secundum
1211 2288 1374 2318 nonnullos
1396 2294 1506 2329 poetas

845 2348 913 2368 eam
930 2337 1087 2368 accendit.
1103 2337 1199 2378 Apud
1213 2337 1331 2368 Julian.
1348 2337 1436 2367 Orat.
1452 2335 1506 2366 vii.

845 2397 877 2428 p.
893 2388 966 2417 408.
989 2386 1114 2427 Jupiter
1137 2386 1203 2427 ipse
1225 2395 1334 2427 pyram
1361 2384 1507 2415 accendit

847 2435 989 2466 fulmine.
1005 2435 1119 2469 Locus,
1139 2434 1192 2464 ubi
1208 2444 1257 2464 res
1272 2433 1327 2463 illa
1343 2439 1442 2473 gesta,
1459 2443 1507 2464 se-

847 2484 978 2515 rioribus
993 2483 1095 2514 adhuc
1112 2482 1301 2524 temporibus
1320 2481 1505 2512 ostendeba-

849 2540 908 2564 tur.
924 2533 1042 2567 Livius,
1061 2531 1167 2562 xxxvi.
1184 2532 1236 2561 30.
1282 2531 1396 2562 Confer
1412 2531 1505 2561 Sene-

850 2593 931 2618 cam,
951 2582 1046 2612 Herc.
1066 2581 1130 2612 OEt.
1150 2580 1228 2610 1607
1249 2591 1318 2621 sqq.
1343 2579 1423 2610 Cum
1446 2579 1506 2609 hac

851 2631 998 2662 Herculis
1028 2629 1240 2661 combustione
1270 2629 1378 2671 Ajacis
1416 2630 1509 2660 funus

852 2685 1012 2721 comparat
1027 2679 1137 2716 Quint.
1153 2679 1226 2710 Cal.
1240 2690 1270 2709 v.
1286 2679 1348 2709 642
1363 2688 1434 2719 sqq.
