<?xml version="1.0" encoding="UTF-8"?>
<!DOCTYPE html PUBLIC "-//W3C//DTD XHTML 1.0 Transitional//EN"
    "http://www.w3.org/TR/xhtml1/DTD/xhtml1-transitional.dtd">
<html xmlns="http://www.w3.org/1999/xhtml" xml:lang="en" lang="en">
 <head>
  <title>
</title>
<meta http-equiv="Content-Type" content="text/html;charset=utf-8" />
  <meta name='ocr-system' content='tesseract 3.04.00' />
  <meta name='ocr-capabilities' content='ocr_page ocr_carea ocr_par ocr_line ocrx_word'/>
</head>
<body>
  <div class='ocr_page' id='page_1' title='image "./povidiinasonisop04oviduoft_0503.png"; bbox 0 0 1779 3130; ppageno 0'>
   <div class='ocr_carea' id='block_1_1' title="bbox 524 181 1155 223">
    <p class='ocr_par' dir='ltr' id='par_1_1' title="bbox 524 181 1155 223">
     <span class='ocr_line' id='line_1_1' title="bbox 524 181 1155 223; baseline 0 -2"><span class='ocrx_word' id='word_1_1' title='bbox 524 181 1090 222; x_wconf 87' lang='lat' dir='ltr'><strong>METAMORPHOSEO</strong></span> <span class='ocrx_word' id='word_1_2' title='bbox 1101 182 1155 223; x_wconf 80' lang='lat' dir='ltr'>N.</span> 
     </span>
    </p>
   </div>
   <div class='ocr_carea' id='block_1_2' title="bbox 151 294 1316 818">
    <p class='ocr_par' dir='ltr' id='par_1_2' title="bbox 154 294 1278 415">
     <span class='ocr_line' id='line_1_2' title="bbox 154 294 1278 349; baseline 0.002 -16"><span class='ocrx_word' id='word_1_3' title='bbox 154 294 359 334; x_wconf 79' lang='lat' dir='ltr'>Extremo</span> <span class='ocrx_word' id='word_1_4' title='bbox 382 309 457 335; x_wconf 83' lang='lat' dir='ltr'>rex</span> <span class='ocrx_word' id='word_1_5' title='bbox 480 303 543 335; x_wconf 79' lang='lat' dir='ltr'>est</span> <span class='ocrx_word' id='word_1_6' title='bbox 566 296 733 349; x_wconf 84' lang='lat' dir='ltr'>sapiens</span> <span class='ocrx_word' id='word_1_7' title='bbox 755 295 899 334; x_wconf 80' lang='lat' dir='ltr'>Numa</span> <span class='ocrx_word' id='word_1_8' title='bbox 923 295 1278 349; x_wconf 77' lang='lat' dir='ltr'>Pythagorasque</span> 
     </span>
     <span class='ocr_line' id='line_1_3' title="bbox 208 361 1168 415; baseline 0.002 -15"><span class='ocrx_word' id='word_1_9' title='bbox 208 361 381 409; x_wconf 78' lang='lat' dir='ltr'><strong>Codice,</strong></span> <span class='ocrx_word' id='word_1_10' title='bbox 405 362 562 415; x_wconf 89' lang='lat' dir='ltr'>quique</span> <span class='ocrx_word' id='word_1_11' title='bbox 585 362 665 402; x_wconf 86' lang='lat' dir='ltr'>fuit</span> <span class='ocrx_word' id='word_1_12' title='bbox 687 362 863 402; x_wconf 69' lang='lat' dir='ltr'>Virbius</span> <span class='ocrx_word' id='word_1_13' title='bbox 888 361 1168 415; x_wconf 76' lang='lat' dir='ltr'>Hippolytus,</span> 
     </span>
    </p>

    <p class='ocr_par' dir='ltr' id='par_1_3' title="bbox 151 428 1298 549">
     <span class='ocr_line' id='line_1_4' title="bbox 151 428 1298 483; baseline 0.001 -16"><span class='ocrx_word' id='word_1_14' title='bbox 151 428 258 468; x_wconf 91' lang='lat' dir='ltr'>Cum</span> <span class='ocrx_word' id='word_1_15' title='bbox 281 428 474 482; x_wconf 86' lang='lat' dir='ltr'>Cipoque</span> <span class='ocrx_word' id='word_1_16' title='bbox 496 429 641 483; x_wconf 77' lang='lat' dir='ltr'>Tages</span> <span class='ocrx_word' id='word_1_17' title='bbox 664 436 792 469; x_wconf 78' lang='lat' dir='ltr'>vates.</span> <span class='ocrx_word' id='word_1_18' title='bbox 858 430 979 469; x_wconf 73' lang='lat' dir='ltr'>Deus</span> <span class='ocrx_word' id='word_1_19' title='bbox 1000 429 1098 469; x_wconf 87' lang='lat' dir='ltr'>inde</span> <span class='ocrx_word' id='word_1_20' title='bbox 1121 428 1298 469; x_wconf 86' lang='lat' dir='ltr'>salutem</span> 
     </span>
     <span class='ocr_line' id='line_1_5' title="bbox 209 495 1118 549; baseline 0.001 -15"><span class='ocrx_word' id='word_1_21' title='bbox 209 495 300 534; x_wconf 82' lang='lat' dir='ltr'>Sub</span> <span class='ocrx_word' id='word_1_22' title='bbox 323 503 520 549; x_wconf 82' lang='lat' dir='ltr'>serpente</span> <span class='ocrx_word' id='word_1_23' title='bbox 541 496 677 536; x_wconf 80' lang='lat' dir='ltr'>latens</span> <span class='ocrx_word' id='word_1_24' title='bbox 698 496 886 536; x_wconf 75' lang='lat' dir='ltr'>reddidit</span> <span class='ocrx_word' id='word_1_25' title='bbox 908 503 954 535; x_wconf 89' lang='lat' dir='ltr'>ut</span> <span class='ocrx_word' id='word_1_26' title='bbox 978 496 1118 544; x_wconf 85' lang='lat' dir='ltr'>Latio,</span> 
     </span>
    </p>

    <p class='ocr_par' dir='ltr' id='par_1_4' title="bbox 153 560 1316 685">
     <span class='ocr_line' id='line_1_6' title="bbox 153 560 1316 616; baseline 0.001 -15"><span class='ocrx_word' id='word_1_27' title='bbox 153 560 316 615; x_wconf 85' lang='lat' dir='ltr'>Magno</span> <span class='ocrx_word' id='word_1_28' title='bbox 337 570 401 603; x_wconf 90' lang='lat' dir='ltr'>est</span> <span class='ocrx_word' id='word_1_29' title='bbox 422 563 463 603; x_wconf 89' lang='lat' dir='ltr'>in</span> <span class='ocrx_word' id='word_1_30' title='bbox 484 562 654 616; x_wconf 87' lang='lat' dir='ltr'>populis</span> <span class='ocrx_word' id='word_1_31' title='bbox 678 562 939 616; x_wconf 76' lang='lat' dir='ltr'>Epidaurius</span> <span class='ocrx_word' id='word_1_32' title='bbox 961 561 1118 615; x_wconf 81' lang='lat' dir='ltr'>hospes</span> <span class='ocrx_word' id='word_1_33' title='bbox 1140 562 1316 602; x_wconf 83' lang='lat' dir='ltr'>honore.</span> 
     </span>
     <span class='ocr_line' id='line_1_7' title="bbox 210 629 1082 685; baseline 0 -16"><span class='ocrx_word' id='word_1_34' title='bbox 210 629 278 670; x_wconf 88' lang='lat' dir='ltr'>Fit</span> <span class='ocrx_word' id='word_1_35' title='bbox 299 631 455 685; x_wconf 81' lang='lat' dir='ltr'>majus:</span> <span class='ocrx_word' id='word_1_36' title='bbox 490 631 612 671; x_wconf 86' lang='lat' dir='ltr'>Deus</span> <span class='ocrx_word' id='word_1_37' title='bbox 633 637 695 670; x_wconf 90' lang='lat' dir='ltr'>est</span> <span class='ocrx_word' id='word_1_38' title='bbox 716 629 856 670; x_wconf 84' lang='lat' dir='ltr'>Julius</span> <span class='ocrx_word' id='word_1_39' title='bbox 878 631 984 670; x_wconf 85' lang='lat' dir='ltr'>urbe</span> <span class='ocrx_word' id='word_1_40' title='bbox 1006 645 1082 669; x_wconf 83' lang='lat' dir='ltr'>sua</span> 
     </span>
    </p>

    <p class='ocr_par' dir='ltr' id='par_1_5' title="bbox 154 696 1206 818">
     <span class='ocr_line' id='line_1_8' title="bbox 154 696 1206 751; baseline -0.001 -14"><span class='ocrx_word' id='word_1_41' title='bbox 154 697 312 746; x_wconf 82' lang='lat' dir='ltr'>Caesar,</span> <span class='ocrx_word' id='word_1_42' title='bbox 335 705 377 737; x_wconf 81' lang='lat' dir='ltr'>at</span> <span class='ocrx_word' id='word_1_43' title='bbox 398 698 440 738; x_wconf 90' lang='lat' dir='ltr'>in</span> <span class='ocrx_word' id='word_1_44' title='bbox 461 697 568 739; x_wconf 87' lang='lat' dir='ltr'>coelo</span> <span class='ocrx_word' id='word_1_45' title='bbox 591 698 707 738; x_wconf 87' lang='lat' dir='ltr'>sidus</span> <span class='ocrx_word' id='word_1_46' title='bbox 728 698 876 745; x_wconf 80' lang='lat' dir='ltr'>micat3</span> <span class='ocrx_word' id='word_1_47' title='bbox 910 697 1038 751; x_wconf 87' lang='lat' dir='ltr'>inque</span> <span class='ocrx_word' id='word_1_48' title='bbox 1058 696 1206 737; x_wconf 81' lang='lat' dir='ltr'>relicta</span> 
     </span>
     <span class='ocr_line' id='line_1_9' title="bbox 211 764 1109 818; baseline -0.001 -15"><span class='ocrx_word' id='word_1_49' title='bbox 211 764 436 818; x_wconf 84' lang='lat' dir='ltr'>Augustus</span> <span class='ocrx_word' id='word_1_50' title='bbox 458 772 570 804; x_wconf 83' lang='lat' dir='ltr'>terra</span> <span class='ocrx_word' id='word_1_51' title='bbox 592 771 761 817; x_wconf 82' lang='lat' dir='ltr'>sceptra</span> <span class='ocrx_word' id='word_1_52' title='bbox 780 770 958 817; x_wconf 82' lang='lat' dir='ltr'>paterna</span> <span class='ocrx_word' id='word_1_53' title='bbox 979 770 1109 803; x_wconf 84' lang='lat' dir='ltr'>tenet.</span> 
     </span>
    </p>
   </div>
   <div class='ocr_carea' id='block_1_3' title="bbox 156 898 1345 1423">
    <p class='ocr_par' dir='ltr' id='par_1_6' title="bbox 156 898 1169 1021">
     <span class='ocr_line' id='line_1_10' title="bbox 156 898 1148 952; baseline -0.003 -12"><span class='ocrx_word' id='word_1_54' title='bbox 156 899 245 940; x_wconf 85' lang='lat' dir='ltr'>Tot</span> <span class='ocrx_word' id='word_1_55' title='bbox 266 914 333 940; x_wconf 88' lang='lat' dir='ltr'>res</span> <span class='ocrx_word' id='word_1_56' title='bbox 355 907 438 939; x_wconf 87' lang='lat' dir='ltr'>tam</span> <span class='ocrx_word' id='word_1_57' title='bbox 461 899 596 939; x_wconf 84' lang='lat' dir='ltr'>varias</span> <span class='ocrx_word' id='word_1_58' title='bbox 617 898 753 939; x_wconf 83' lang='lat' dir='ltr'>vinclo</span> <span class='ocrx_word' id='word_1_59' title='bbox 775 899 1044 952; x_wconf 71' lang='lat' dir='ltr'>conjunxerit</span> <span class='ocrx_word' id='word_1_60' title='bbox 1065 913 1148 938; x_wconf 85' lang='lat' dir='ltr'>uno</span> 
     </span>
     <span class='ocr_line' id='line_1_11' title="bbox 214 964 1169 1021; baseline -0.003 -14"><span class='ocrx_word' id='word_1_61' title='bbox 214 966 277 1007; x_wconf 89' lang='lat' dir='ltr'>Ut</span> <span class='ocrx_word' id='word_1_62' title='bbox 300 966 503 1021; x_wconf 83' lang='lat' dir='ltr'>Pelignus</span> <span class='ocrx_word' id='word_1_63' title='bbox 525 966 630 1014; x_wconf 83' lang='lat' dir='ltr'>olor,</span> <span class='ocrx_word' id='word_1_64' title='bbox 652 966 820 1019; x_wconf 84' lang='lat' dir='ltr'>quaeris,</span> <span class='ocrx_word' id='word_1_65' title='bbox 843 965 973 1006; x_wconf 81' lang='lat' dir='ltr'>amice</span> <span class='ocrx_word' id='word_1_66' title='bbox 992 968 1005 1004; x_wconf 67' lang='grc' dir='ltr'>’ζ</span> <span class='ocrx_word' id='word_1_67' title='bbox 1038 964 1169 1018; x_wconf 82' lang='lat' dir='ltr'>legas.</span> 
     </span>
    </p>

    <p class='ocr_par' dir='ltr' id='par_1_7' title="bbox 158 1031 1219 1154">
     <span class='ocr_line' id='line_1_12' title="bbox 158 1031 1169 1087; baseline -0.004 -13"><span class='ocrx_word' id='word_1_68' title='bbox 158 1034 246 1075; x_wconf 85' lang='lat' dir='ltr'>Ista</span> <span class='ocrx_word' id='word_1_69' title='bbox 265 1034 344 1074; x_wconf 87' lang='lat' dir='ltr'>viri</span> <span class='ocrx_word' id='word_1_70' title='bbox 364 1034 425 1073; x_wconf 77' lang='lat' dir='ltr'>vis</span> <span class='ocrx_word' id='word_1_71' title='bbox 447 1047 623 1087; x_wconf 84' lang='lat' dir='ltr'>arsque:</span> <span class='ocrx_word' id='word_1_72' title='bbox 657 1032 864 1073; x_wconf 79' lang='lat' dir='ltr'>cadavera</span> <span class='ocrx_word' id='word_1_73' title='bbox 884 1031 983 1071; x_wconf 85' lang='lat' dir='ltr'>nolo</span> <span class='ocrx_word' id='word_1_74' title='bbox 1004 1038 1169 1084; x_wconf 73' lang='lat' dir='ltr'>poetaS,</span> 
     </span>
     <span class='ocr_line' id='line_1_13' title="bbox 216 1098 1219 1154; baseline -0.005 -12"><span class='ocrx_word' id='word_1_75' title='bbox 216 1101 530 1142; x_wconf 84' lang='lat' dir='ltr'>Grammaticus</span> <span class='ocrx_word' id='word_1_76' title='bbox 551 1107 694 1154; x_wconf 81' lang='lat' dir='ltr'>partes</span> <span class='ocrx_word' id='word_1_77' title='bbox 715 1114 811 1153; x_wconf 85' lang='lat' dir='ltr'>quae</span> <span class='ocrx_word' id='word_1_78' title='bbox 833 1107 947 1139; x_wconf 87' lang='lat' dir='ltr'>secet</span> <span class='ocrx_word' id='word_1_79' title='bbox 968 1100 1009 1138; x_wconf 87' lang='lat' dir='ltr'>in</span> <span class='ocrx_word' id='word_1_80' title='bbox 1030 1098 1219 1152; x_wconf 82' lang='lat' dir='ltr'>vapidas.</span> 
     </span>
    </p>

    <p class='ocr_par' dir='ltr' id='par_1_8' title="bbox 158 1164 1345 1287">
     <span class='ocr_line' id='line_1_14' title="bbox 158 1164 1345 1220; baseline -0.003 -11"><span class='ocrx_word' id='word_1_81' title='bbox 158 1168 246 1217; x_wconf 86' lang='lat' dir='ltr'>Tu,</span> <span class='ocrx_word' id='word_1_82' title='bbox 268 1169 387 1209; x_wconf 85' lang='lat' dir='ltr'>dedit</span> <span class='ocrx_word' id='word_1_83' title='bbox 407 1175 454 1208; x_wconf 90' lang='lat' dir='ltr'>ut</span> <span class='ocrx_word' id='word_1_84' title='bbox 475 1183 581 1216; x_wconf 88' lang='lat' dir='ltr'>sese,</span> <span class='ocrx_word' id='word_1_85' title='bbox 602 1174 739 1207; x_wconf 84' lang='lat' dir='ltr'>totum</span> <span class='ocrx_word' id='word_1_86' title='bbox 760 1167 928 1220; x_wconf 80' lang='lat' dir='ltr'>aceipe3</span> <span class='ocrx_word' id='word_1_87' title='bbox 962 1180 1039 1206; x_wconf 88' lang='lat' dir='ltr'>nec</span> <span class='ocrx_word' id='word_1_88' title='bbox 1060 1164 1170 1205; x_wconf 84' lang='lat' dir='ltr'>male</span> <span class='ocrx_word' id='word_1_89' title='bbox 1192 1166 1345 1205; x_wconf 81' lang='lat' dir='ltr'>rimans</span> 
     </span>
     <span class='ocr_line' id='line_1_15' title="bbox 216 1232 1051 1287; baseline -0.006 -11"><span class='ocrx_word' id='word_1_90' title='bbox 216 1236 265 1276; x_wconf 92' lang='lat' dir='ltr'>In</span> <span class='ocrx_word' id='word_1_91' title='bbox 286 1235 462 1276; x_wconf 85' lang='lat' dir='ltr'>Nasone</span> <span class='ocrx_word' id='word_1_92' title='bbox 483 1233 584 1274; x_wconf 86' lang='lat' dir='ltr'>mihi</span> <span class='ocrx_word' id='word_1_93' title='bbox 604 1234 785 1287; x_wconf 85' lang='lat' dir='ltr'>quaerito</span> <span class='ocrx_word' id='word_1_94' title='bbox 806 1232 1051 1286; x_wconf 83' lang='lat' dir='ltr'>Virgilium.</span> 
     </span>
    </p>

    <p class='ocr_par' dir='ltr' id='par_1_9' title="bbox 159 1298 1234 1423">
     <span class='ocr_line' id='line_1_16' title="bbox 159 1298 1234 1347; baseline -0.005 -4"><span class='ocrx_word' id='word_1_95' title='bbox 159 1302 262 1343; x_wconf 91' lang='lat' dir='ltr'>Non</span> <span class='ocrx_word' id='word_1_96' title='bbox 283 1317 368 1342; x_wconf 87' lang='lat' dir='ltr'>una</span> <span class='ocrx_word' id='word_1_97' title='bbox 388 1309 453 1342; x_wconf 87' lang='lat' dir='ltr'>est</span> <span class='ocrx_word' id='word_1_98' title='bbox 474 1301 602 1342; x_wconf 77' lang='lat' dir='ltr'>facies</span> <span class='ocrx_word' id='word_1_99' title='bbox 627 1300 827 1340; x_wconf 73' lang='lat' dir='ltr'>Naturae:</span> <span class='ocrx_word' id='word_1_100' title='bbox 866 1305 1016 1347; x_wconf 84' lang='lat' dir='ltr'>mutat,</span> <span class='ocrx_word' id='word_1_101' title='bbox 1039 1305 1082 1338; x_wconf 86' lang='lat' dir='ltr'>et</span> <span class='ocrx_word' id='word_1_102' title='bbox 1104 1298 1234 1339; x_wconf 82' lang='lat' dir='ltr'>audet</span> 
     </span>
     <span class='ocr_line' id='line_1_17' title="bbox 217 1365 1197 1423; baseline -0.005 -13"><span class='ocrx_word' id='word_1_103' title='bbox 217 1370 437 1423; x_wconf 82' lang='lat' dir='ltr'>Quidque,</span> <span class='ocrx_word' id='word_1_104' title='bbox 461 1383 537 1409; x_wconf 83' lang='lat' dir='ltr'>nee</span> <span class='ocrx_word' id='word_1_105' title='bbox 559 1369 601 1407; x_wconf 88' lang='lat' dir='ltr'>in</span> <span class='ocrx_word' id='word_1_106' title='bbox 623 1366 744 1407; x_wconf 80' lang='lat' dir='ltr'>solita</span> <span class='ocrx_word' id='word_1_107' title='bbox 764 1366 941 1407; x_wconf 77' lang='lat' dir='ltr'>vertitur</span> <span class='ocrx_word' id='word_1_108' title='bbox 962 1379 1098 1420; x_wconf 88' lang='lat' dir='ltr'>usque</span> <span class='ocrx_word' id='word_1_109' title='bbox 1119 1365 1197 1405; x_wconf 84' lang='lat' dir='ltr'>via.</span> 
     </span>
    </p>
   </div>
   <div class='ocr_carea' id='block_1_4' title="bbox 1492 185 1535 224">
    <p class='ocr_par' dir='ltr' id='par_1_10' title="bbox 1492 185 1535 224">
     <span class='ocr_line' id='line_1_18' title="bbox 1492 185 1535 224; baseline -0.023 0"><span class='ocrx_word' id='word_1_110' title='bbox 1492 185 1535 224; x_wconf 82' lang='lat' dir='ltr'>xi</span> 
     </span>
    </p>
   </div>
   <div class='ocr_carea' id='block_1_5' title="bbox 1459 431 1535 470">
    <p class='ocr_par' dir='ltr' id='par_1_11' title="bbox 1459 431 1535 470">
     <span class='ocr_line' id='line_1_19' title="bbox 1459 431 1535 470; baseline 0.013 -1"><span class='ocrx_word' id='word_1_111' title='bbox 1459 431 1535 470; x_wconf 90' lang='lat'>115</span> 
     </span>
    </p>
   </div>
   <div class='ocr_carea' id='block_1_6' title="bbox 1463 764 1541 804">
    <p class='ocr_par' dir='ltr' id='par_1_12' title="bbox 1463 764 1541 804">
     <span class='ocr_line' id='line_1_20' title="bbox 1463 764 1541 804; baseline 0 -1"><span class='ocrx_word' id='word_1_112' title='bbox 1463 764 1541 804; x_wconf 75' lang='lat'>120</span> 
     </span>
    </p>
   </div>
  </div>
 </body>
</html>
