1779 3130
249 164 334 204 112
666 161 716 202 P.
749 160 961 202 OVIDII
994 160 1272 202 NASONIS

250 276 360 323 Nec
385 291 474 322 nos
499 280 585 321 au't
609 275 761 320 durus
787 280 942 337 pater,
971 281 1057 321 aut
1081 276 1356 321 reverentia
1379 274 1536 331 famae,

248 353 353 399 Aut
372 351 518 398 timor
538 349 811 413 impedient
828 368 838 406 ;
874 356 1067 396 tantum
1088 351 1220 397 absit
1237 366 1388 397 causa
1406 351 1630 398 timendi.

251 427 433 474 Dulcia
455 426 669 473 fraterno
692 426 783 471 sub
810 426 1007 472 nomine
1031 425 1160 473 furta
1180 434 1424 488 tegemus.

253 504 346 550 Est
369 502 489 549 mihi
514 503 715 549 libertas
738 509 905 548 tecum
931 509 1123 549 secreta
1147 503 1399 565 loquendi,
1539 505 1634 548 558

254 579 320 626 Et
343 580 517 626 damus
544 579 820 642 amplexus,
843 585 892 625 et
910 578 1166 640 jungimus
1192 579 1361 625 oscula
1385 594 1566 625 coram.

253 656 503 710 Quantum
520 663 611 711 est,
626 655 760 718 quod
775 655 923 702 desit!
941 655 1173 702 miserere
1184 654 1383 701 fatentis
1401 670 1632 708 amorem,

253 732 321 779 Et
345 749 441 779 non
465 731 684 787 fassurae,
712 731 806 777 nisi
831 738 1033 792 cogeret
1056 731 1259 776 ultimus
1285 731 1455 777 ardor:

255 808 395 855 Neve
420 823 624 863 merere,
651 823 760 854 meo
786 806 1032 853 subscribi
1058 822 1209 853 causa
1234 805 1511 869 sepulcr0.’'

258 884 399 931 Talia
413 884 1067 946 nequicquamperarantem
1084 882 1231 945 plena
1242 882 1441 944 reliquit
1457 882 1637 943 [haesit.

261 960 392 1007 Cera
418 975 634 1014 manum,
663 974 987 1020 summusque
1019 958 1069 1004 in
1102 958 1322 1020 margine
1353 974 1524 1005 versus
1556 958 1640 1004 ad-

260 1036 494 1082 Protinus
519 1036 761 1098 impressa
785 1034 947 1096 signat
971 1051 1062 1081 sua
1085 1035 1290 1082 crimina
1314 1051 1524 1096 gemma,
1547 1038 1642 1082 565

261 1112 423 1166 Quam
448 1112 597 1159 tinxit
623 1111 835 1158 lacrimis
859 1129 868 1159 ε
908 1112 1126 1175 linguam
1159 1111 1409 1159 defecerat
1433 1112 1608 1158 humor
1629 1129 1639 1159 :

262 1188 442 1252 Deque
468 1189 568 1237 suis
594 1205 746 1235 unum
771 1187 966 1235 famulis
992 1189 1283 1253 pudibunda
1305 1189 1498 1235 vocavit
1520 1206 1530 1245 ;

305 1324 378 1354 555.
395 1322 512 1357 Durus,
533 1332 667 1357 severus,
685 1332 788 1352 severe
810 1332 921 1352 curans

265 1381 363 1401 mores
378 1370 561 1401 liberorum:
597 1371 754 1406 Horatius,
773 1371 799 1401 I.
819 1371 919 1412 Epist.

264 1420 285 1450 i.
308 1421 360 1450 23.
385 1431 454 1460 quos
477 1422 554 1450 dura
574 1422 681 1459 premit
706 1422 839 1451 custodia
861 1431 922 1450 ma-

263 1474 356 1498 trum.
402 1468 694 1510 Opponiturfacilis
712 1474 811 1510 pater.
861 1469 920 1498 Re-

263 1518 406 1552 verentia,
422 1527 507 1547 cura.
547 1517 643 1546 Causa
661 1518 783 1547 timendi
800 1516 919 1552 fuisset,

264 1565 287 1595 si
305 1572 358 1596 aut
373 1566 475 1607 palam
497 1572 551 1596 aut
567 1565 749 1596 immodeste
765 1576 796 1596 se
819 1566 920 1596 amirs-

264 1620 343 1644 seut.
382 1614 596 1655 Dulciafurta
613 1624 629 1644 e
646 1613 789 1654 Virgilio,
803 1615 920 1654 Georg.

265 1663 306 1693 iv.
318 1664 400 1700 3463
424 1673 534 1693 suaves
550 1673 679 1697 amores,
692 1662 805 1703 quibus
817 1673 923 1693 aman-

266 1717 311 1742 tes
327 1712 408 1741 clam
425 1712 578 1742 fruuntur.
616 1711 793 1753 Iifraterno
809 1713 860 1741 sub
874 1724 926 1741 720-

267 1762 343 1790 mine
366 1767 521 1801 teguntur,
541 1771 637 1801 quum
661 1761 717 1791 sub
741 1759 842 1801 specie
864 1761 924 1791 fra-

267 1815 361 1840 ternae
379 1815 409 1840 et
425 1809 545 1840 sororiae
562 1809 686 1850 pietatis
702 1810 851 1840 celantur.

311 1860 386 1890 560.
414 1860 520 1895 Desit;
543 1858 690 1889 Heinsius
705 1859 830 1900 conjicit
844 1860 926 1898 defit.

270 1908 363 1948 Regii
379 1907 473 1938 nostri
492 1909 578 1937 desit.
615 1907 770 1941 Quantum
784 1914 837 1942 est,
851 1910 926 1947 quod

269 1959 364 1992 desit3
389 1966 424 1986 ac
441 1955 466 1985 si
486 1955 612 1991 diceret,
628 1966 737 1996 parum
761 1955 927 1986 admodum

269 2005 356 2035 deest
369 2005 407 2034 ad
425 2004 612 2046 explendum
626 2014 759 2034 amorem
777 2010 926 2034 nostrum.

272 2053 353 2084 Neve
376 2064 496 2088 merere,
518 2060 577 2083 etc.
623 2052 697 2083 Noli
722 2053 925 2090 committere,

271 2107 305 2132 ut
328 2109 361 2132 tu
383 2112 479 2132 causa
502 2101 606 2131 mortis
627 2111 704 2131 meae
726 2101 927 2132 subscribaris

270 2150 302 2180 in
318 2156 516 2180 monumento
537 2159 617 2180 meo.
663 2150 723 2180 Hic
739 2159 843 2179 versus
861 2160 927 2180 sus-

270 2205 379 2240 pectus
392 2204 457 2229 erat
471 2198 608 2228 Heinsio.
633 2198 844 2228 Retinendum
857 2209 927 2228 eum

272 2253 354 2278 recte
370 2252 476 2277 censet
493 2247 678 2282 Gronovius,
694 2246 768 2287 quia
783 2246 814 2276 in
830 2246 929 2277 titulis

273 2295 498 2336 sepulcralibus
513 2296 612 2335 elogio
627 2305 721 2325 causa
736 2294 842 2325 mortis
856 2295 929 2325 addi

273 2344 403 2375 solebat.
448 2343 530 2374 Vide
556 2343 761 2373 Kirchmann.
791 2342 828 2373 de
853 2343 930 2374 Fun.

274 2392 366 2422 Rom.
381 2392 424 2422 iii.
436 2393 491 2422 20.
515 2391 702 2433 Exemplum
713 2391 784 2421 talis
798 2390 929 2432 inscrip-

275 2441 365 2471 tionis
388 2447 435 2472 est
456 2440 539 2482 apud
562 2440 732 2475 Tibullum,
751 2440 814 2469 ΙΙΙ.
836 2440 868 2470 ii.
890 2441 930 2471 29

276 2490 384 2531 sq.ubi
400 2490 504 2520 confer
517 2490 653 2520 Brouck.
683 2489 786 2519 Etiam
804 2489 931 2520 Heroid.

276 2539 308 2569 ii.
325 2540 393 2569 155.
430 2539 595 2569 Inscribere
610 2549 669 2568 meo
684 2550 773 2568 causa
789 2540 931 2569 invidiosa

277 2589 421 2626 sepulcro.
445 2589 486 2617 Et
501 2598 645 2628 magnam
658 2587 718 2618 vim
734 2587 847 2617 habere
865 2587 930 2618 haec

277 2637 433 2666 debebant
448 2636 531 2677 apud
548 2636 648 2666 fratris
664 2636 811 2666 animum.
867 2636 931 2667 Ita-

279 2695 340 2726 que
365 2691 397 2715 et
415 2684 490 2715 alibi
509 2685 553 2715 sic
575 2684 652 2715 alter
674 2685 843 2715 amantium
868 2695 931 2715 mo-

987 1333 1058 1353 vere
1075 1328 1202 1354 conatur
1215 1322 1357 1358 alterum,
1374 1327 1407 1352 ut
1420 1321 1546 1352 Heroid.
1560 1321 1646 1352 xviii.

987 1372 1060 1402 200.

1030 1420 1103 1450 563.
1144 1419 1368 1459 Peraranlem.]
1419 1419 1643 1458 Properantem,

988 1469 1071 1510 quod
1095 1469 1212 1499 habent
1236 1469 1330 1498 MSS.
1358 1474 1430 1503 tres,
1448 1473 1552 1509 posset
1577 1467 1645 1508 qui-

988 1518 1059 1548 dem
1084 1528 1100 1548 e
1116 1529 1206 1548 versu
1228 1518 1302 1548 586.
1317 1516 1454 1552 defendi,
1471 1516 1525 1547 sed
1545 1522 1576 1546 et
1601 1516 1646 1546 al-

989 1572 1087 1597 terum
1109 1567 1189 1596 bene
1213 1577 1244 1597 se
1265 1566 1383 1603 habet3
1408 1576 1480 1595 nam
1504 1571 1535 1595 et
1558 1576 1647 1595 arare

989 1614 1027 1645 de
1043 1621 1226 1656 properante
1243 1615 1391 1656 scriptore
1408 1613 1522 1644 dicitur
1536 1624 1647 1654 eoque,

990 1663 1044 1705 qui
1060 1664 1167 1694 tabula
1178 1670 1282 1694 cerata
1292 1663 1400 1694 utitur.
1423 1663 1527 1693 Etiam
1540 1663 1648 1692 Amor.

991 1713 1020 1742 I.
1044 1712 1086 1742 xi.
1106 1713 1135 1742 7.
1158 1723 1222 1753 pro,
1249 1714 1287 1742 acl
1314 1713 1463 1742 dominnm
1489 1718 1646 1750 peraratas

992 1772 1077 1791 ¹mane
1095 1762 1217 1791 tabellas
1238 1760 1357 1801 perfer:
1381 1760 1455 1790 edit.
1473 1759 1572 1801 prima
1593 1759 1648 1790 ha-

992 1810 1045 1839 bet
1066 1816 1246 1848 properatas.
1291 1809 1413 1839 Tabula
1433 1810 1523 1847 plena
1542 1808 1648 1839 litera-

993 1868 1059 1887 rum
1084 1860 1203 1897 reliquit
1227 1869 1370 1893 manum,·
1394 1857 1567 1897 ingeniose,
1589 1867 1650 1887 non

994 1906 1116 1937 suffecit
1142 1907 1300 1942 scribenti,
1329 1906 1418 1941 adeo,
1448 1911 1482 1936 ut
1510 1916 1649 1942 summus,

994 1955 1132 1992 ultimus,
1170 1967 1269 1986 versus
1305 1954 1437 1995 margini
1475 1954 1652 1985 allinendus

994 2010 1086 2034 esset.
1131 2004 1234 2034 Etiam
1248 2003 1398 2045 Apostolo
1415 2003 1513 2034 Paulo
1529 2006 1581 2043 (ut
1592 2003 1650 2033 hoe

992 2052 1090 2083 obiter
1113 2052 1245 2088 addam)
1272 2053 1304 2082 id
1325 2052 1477 2082 accidisse
1506 2053 1649 2089 arbitror,

994 2112 1090 2141 quum
1113 2102 1245 2143 pliorem
1269 2101 1309 2131 ad
1331 2101 1467 2131 Timoth.
1487 2100 1651 2142 epistolam

993 2149 1151 2185 scriberet,
1178 2155 1222 2185 ut,
1253 2149 1416 2179 deficiente
1445 2159 1526 2184 cera,
1556 2149 1653 2180 verba

993 2197 1102 2238 μηκέτι
1123 2197 1297 2239 ὑδροπὶτει,
1314 2204 1375 2228 etc.
1392 2197 1424 2227 in
1439 2198 1577 2239 margine
1593 2208 1650 2239 ap-

995 2246 1150 2287 pingenda
1174 2253 1286 2282 essent,
1310 2247 1392 2277 unde
1417 2257 1453 2276 eo
1478 2246 1545 2287 ipso
1569 2247 1650 2284 loco,

996 2295 1050 2325 sed
1067 2295 1250 2337 importune,
1266 2295 1365 2326 textui
1381 2295 1471 2325 illata
1484 2301 1566 2326 sunt.

1040 2345 1114 2374 565.
1128 2344 1263 2374 Crimina
1275 2355 1285 2380 ,·
1298 2343 1449 2379 nonnulli,
1462 2344 1652 2385 approbante

998 2392 1136 2427 Heinsio,
1163 2394 1308 2423 carmina.
1354 2393 1415 2422 Sua
1443 2394 1589 2427 carmina,
1614 2393 1650 2423 li-

998 2446 1089 2476 teras,
1105 2451 1174 2481 quae
1195 2441 1352 2471 habebant
1367 2451 1422 2471 sua
1436 2441 1583 2473 crimina:
1607 2442 1651 2472 sic

998 2489 1040 2519 vi.
1071 2491 1141 2520 131.
1175 2490 1301 2520 coeleszia
1331 2491 1469 2520 crimina.
1524 2490 1652 2521 Gemmoe

998 2538 1148 2578 signando
1169 2544 1334 2579 usurpatae,
1362 2544 1525 2579 postquam
1551 2539 1650 2580 scalpi

999 2593 1171 2628 coeperunt.
1203 2587 1309 2617 Tibul.
1337 2587 1364 2616 I.
1386 2586 1427 2617 vi.
1451 2588 1506 2618 25.
1533 2598 1652 2629 gemma?

998 2637 1162 2677 signumve,
1183 2636 1215 2666 id
1235 2641 1292 2671 est,
1317 2636 1439 2676 signum
1464 2636 1495 2666 iu
1514 2646 1649 2677 gemma.

1000 2686 1141 2716 Gemmae
1163 2692 1266 2717 autem
1282 2687 1383 2727 tingui
1405 2687 1514 2728 linguae
1532 2687 1653 2717 humore
