1779 3130
228 163 314 205 438
605 161 655 200 Ρ.
690 159 903 201 OVIDII
938 159 1217 201 NASONIS

230 277 350 324 Vela
374 274 517 330 dedi;
560 274 678 320 nihil
704 282 796 330 est,
823 281 928 321 toto
953 274 1088 338 quod
1114 280 1303 337 perstet
1326 273 1376 319 in
1401 274 1547 320 orbe:

226 353 424 399 Cuncta
448 351 625 405 fluunt,
653 350 914 412 omnisque
939 366 1124 412 vagans
1149 349 1385 396 formatur
1409 350 1588 411 imago,

226 429 342 490 Ipsa
367 443 571 490 quoque
597 427 796 474 assiduo
821 427 1056 473 labuntur
1080 435 1306 490 tempora
1330 433 1483 480 mom,

226 504 339 550 Nou
386 519 529 550 secus
579 519 635 550 ac
679 504 891 551 flumen:
954 519 1118 566 neque
1167 504 1298 549 enim
1346 502 1616 549 consistere

422 581 624 636 flumen,
1525 581 1617 624 180

226 658 334 704 Nec
350 657 470 704 levis
489 657 611 703 hora
631 663 816 719 potest3
847 656 935 702 sed
958 663 1013 702 ut
1026 655 1160 702 unda
1178 654 1447 718 impellitur
1467 654 1614 708 unda,

227 734 545 796 Urgeturque
570 733 701 796 prior
725 733 972 787 veniente,
1003 741 1246 793 urgetque
1272 732 1511 794 priorem3

223 811 471 873 Tempora
489 809 559 856 sic
578 809 775 871 fugiunt
794 808 992 871 pariter,
1015 808 1299 871 pariterque
1322 813 1614 869 sequuntur,

225 887 292 934 Et
310 902 435 933 nova
453 893 567 932 sunt
586 901 803 948 semper;
833 901 946 931 nam
969 885 1104 947 quod
1124 885 1216 931 fuit
1240 891 1371 945 ante,
1389 883 1615 930 relictum

424 969 500 1008 est
518 980 527 1019 3
1401 961 1613 1022 [vantur.

227 1039 420 1101 Fitque,
444 1038 577 1102 quod
603 1037 736 1084 haud
756 1036 932 1092 fuerat,
951 1045 1302 1100 momentaque
1329 1043 1510 1084 cuncta
1528 1052 1613 1082 no-

226 1115 419 1170 Cernis,
448 1122 496 1161 et
514 1129 731 1161 emersas
758 1113 807 1160 in
834 1113 997 1160 lucem
1023 1114 1227 1161 tendere
1254 1121 1442 1169 noctes,
1524 1115 1615 1159 186

223 1285 422 1320 terrestrium,
437 1284 610 1314 273—-430
624 1294 632 1320 ·,
656 1282 694 1312 de
715 1281 888 1312 incremen-

224 1335 262 1365 tis
287 1333 397 1364 futuris
424 1331 560 1362 civitatis
587 1332 753 1365 Romanae,
782 1331 889 1361 431—

225 1384 297 1414 452.
343 1381 441 1412 Redit
457 1392 504 1415 ee,
520 1380 602 1410 unde
618 1390 744 1410 exorsus
759 1385 835 1414 erat,
849 1379 887 1409 ad

224 1442 311 1462 esum
341 1431 480 1461 carnium
511 1428 796 1468 mactationemque
823 1429 889 1458 ani-

225 1479 363 1510 malium.
403 1479 443 1507 Iit
459 1478 706 1517 quonium—vela
720 1478 799 1512 dedi,
813 1487 888 1517 quo-

225 1529 306 1559 niam
336 1527 492 1569 copiosam
519 1525 699 1567 disputandi
728 1525 889 1555 materiam

224 1583 358 1609 tractare
391 1586 484 1617 coepx,
514 1575 732 1616 liberrimeque
769 1580 887 1615 partem

222 1628 288 1668 ejus
304 1625 520 1657 absconditam
531 1624 670 1666 exposui,
686 1634 811 1665 pergam
828 1634 889 1664 quo

223 1675 316 1716 coepi.
368 1674 467 1704 Ventis
482 1674 545 1702 vela
560 1675 632 1703 dare
649 1671 687 1702 de
704 1678 823 1702 oratore
839 1682 888 1702 co-

224 1724 307 1765 piose
331 1723 459 1763 lateque
482 1721 662 1763 disputante
687 1720 781 1751 etiam
806 1721 888 1762 apud

224 1772 373 1807 Plinium,
388 1772 433 1801 II.
446 1771 506 1812 Ep.
523 1770 565 1800 xi.
582 1772 613 1801 3.
628 1770 681 1800 ubi
697 1770 766 1799 vide
783 1774 888 1799 notam

225 1827 370 1851 nostram.
419 1819 546 1854 Perstet,
564 1829 686 1859 semper
713 1817 794 1848 idem
823 1828 887 1848 ma-

226 1875 298 1899 neat
313 1869 429 1910 absque
445 1867 630 1897 mutatione.
679 1867 809 1901 Fluunt,
821 1876 888 1896 mu-

225 1924 340 1951 tantur,
358 1921 521 1946 transeunt
533 1914 669 1945 fluminis
685 1914 791 1944 instar.
824 1913 890 1945 Ῥεῖ

222 1967 265 1997 τὰ
295 1965 419 2000 πάντα,
442 1966 493 1995 καὶ
520 1962 613 1995 οὐδὲν
641 1962 739 2004 μένει.
784 1964 889 1993 Verba

225 2016 515 2054 amnisque—imago
532 2011 682 2042 facillima
695 2011 770 2040 mihi
782 2011 887 2041 viden-

225 2070 292 2094 tur:
311 2074 373 2093 non
389 2061 446 2092 nisi
462 2067 622 2102 vagantes,
635 2062 780 2091 continuo
791 2066 889 2090 trans-

224 2118 344 2148 euntes,
357 2111 509 2151 imagines
525 2110 712 2148 formantu13
729 2120 791 2139 ver.
807 2111 887 2140 2592

228 2162 282 2191 Nil
310 2162 442 2200 equidem
468 2161 581 2189 durare
604 2159 657 2188 diu
683 2159 736 2187 sub
760 2160 890 2198 imagine

225 2211 323 2241 eadem
343 2209 540 2238 Crediderim.
572 2207 772 2236 Burmannus
785 2211 888 2236 tamen

225 2259 348 2293 fatetur,
365 2268 396 2288 se
424 2257 491 2286 haec
516 2266 578 2286 non
602 2255 788 2296 intelligere,
804 2255 888 2285 ideo-

224 2317 283 2348 que
313 2305 432 2340 suadet,
463 2307 613 2344 amnisque
644 2306 713 2344 vagi
731 2304 888 2344 ι[οινιιείιυ-

225 2358 331 2396 imago,
358 2355 388 2384 h.
409 2365 438 2384 e.
461 2354 566 2393 fingite
595 2352 692 2387 vobi=‚
717 2353 884 2388 auditores,

225 2404 329 2434 omnia.
357 2403 415 2434 ritu
446 2402 581 2432 fluminis
615 2401 699 2432 ferri.
746 2403 790 2431 At
826 2401 883 2431 hoc

225 2464 295 2483 mox
333 2452 471 2493 sequitur
500 2462 563 2482 ver.
596 2451 667 2481 180.
711 2451 824 2491 Itaque
854 2455 885 2480 et

225 2512 329 2532 carere
353 2507 529 2543 poteramus
552 2501 650 2530 altera
677 2499 744 2540 ejus
763 2499 885 2540 conjec-

226 2557 304 2585 tura,
316 2561 384 2591 quae
402 2549 523 2589 longius
539 2548 632 2578 etiarn
650 2548 714 2578 abit
730 2558 748 2577 a
759 2547 886 2587 vulgata

223 2598 388 2638 scriptura,
404 2600 556 2637 annusque
571 2598 640 2637 'vagi
663 2603 798 2626 versatur
814 2598 886 2626 ima-

227 2659 273 2676 συ.
305 2647 495 2688 Bernegger.
516 2646 566 2687 (et
579 2646 676 2677 codex
695 2646 815 2687 Regius
830 2646 886 2681 Β.)

222 2672 240 2688 2³

229 2707 316 2736 saga.

1003 1282 1073 1313 179.
1099 1282 1166 1322 Ipsa
1189 1289 1329 1321 tempora,
1346 1281 1377 1312 in
1401 1281 1516 1322 quibus
1540 1280 1619 1311 fiunt

956 1330 1017 1360 illae
1035 1331 1233 1361 mutationes.
1280 1331 1355 1360 Labi
1371 1330 1409 1360 de
1426 1329 1518 1360 celeri
1539 1336 1617 1359 tem-

956 1379 1038 1420 poris
1050 1379 1181 1410 decursu
1194 1379 1267 1414 dici,
1280 1385 1384 1408 notum
1400 1384 1457 1408 cst.
1488 1378 1617 1408 Plurimi

957 1435 1060 1458 tamen
1074 1434 1193 1458 veteres
1209 1439 1269 1458 non
1286 1427 1433 1462 deterius,
1445 1428 1619 1461 volvuntur,

957 1477 1040 1518 quod
1060 1477 1169 1507 eodem
1185 1487 1277 1507 sensu
1292 1476 1331 1506 de
1355 1482 1502 1516 tempore,
1517 1475 1618 1505 flumi-

958 1526 1059 1562 nibus,
1075 1525 1185 1561 stellis,
1201 1525 1328 1555 dicitur.
1376 1524 1489 1565 Itaque
1514 1523 1620 1553 multis

957 1575 988 1604 in
1004 1575 1080 1605 locis
1092 1575 1159 1605 haec
1175 1574 1236 1604 duo
1249 1575 1342 1604 verba
1354 1573 1481 1604 confusa
1496 1583 1513 1602 a
1525 1572 1618 1602 libra-

958 1624 1008 1654 riis
1022 1623 1227 1665 reperiuntur.
1276 1623 1445 1653 Voti-untur
1460 1621 1572 1662 legitur
1587 1620 1619 1651 in

958 1672 1066 1713 Regiis
1091 1672 1260 1703 codicibus.
1308 1671 1471 1700 Consistere
1487 1670 1620 1708 flumen.

957 1722 987 1751 Si
1004 1721 1072 1762 quis
1088 1721 1182 1751 vellet
1202 1720 1397 1754 calumniari,
1414 1724 1518 1760 posset
1539 1718 1618 1759 obji-

957 1781 1037 1805 cere,
1061 1776 1092 1800 at
1118 1769 1260 1800 consistit
1288 1769 1389 1798 hieme
1415 1767 1517 1808 glacie
1544 1777 1618 1797 con-

954 1819 1106 1849 strictum.
1153 1819 1239 1849 Levis
1263 1819 1335 1847 hora
1360 1817 1529 1857 ingeniose,
1545 1815 1619 1857 quia

956 1868 1099 1899 celeritur
1123 1868 1242 1898 transit.
1288 1867 1438 1898 Cios-anus
1462 1872 1493 1896 et
1520 1865 1618 1896 Hein-

955 1917 1018 1946 sius
1040 1917 1213 1957 probabant
1237 1917 1406 1956 repellitur,
1430 1914 1512 1955 quod
1541 1924 1617 1944 non-

956 1965 1033 1995 nulli
1050 1966 1175 1996 habent.
1213 1966 1331 2004 Impelli
1346 1971 1377 1994 et
1392 1965 1508 2004 urgeri,
1523 1963 1618 1994 verba

955 2014 1089 2048 delecta,
1105 2014 1179 2054 quia
1194 2014 1306 2044 finctus
1328 2013 1457 2042 fluctum
1479 2011 1618 2052 proxime

955 2063 1106 2103 sequitur,
1121 2063 1294 2103 acriterque
1310 2061 1432 2103 premit.
1467 2061 1540 2090 Non
1558 2060 1617 2090 mi-

956 2121 1029 2141 nore
1057 2111 1183 2141 delectu
1208 2112 1369 2145 Horatius,
1385 2110 1429 2140 11.
1447 2109 1509 2140 Od.
1533 2108 1620 2140 xviii.

960 2160 1008 2189 15.
1030 2160 1180 2190 'Truditur
1195 2160 1256 2189 [lies
1271 2161 1328 2188 die.

1002 2209 1072 2239 186.
1101 2209 1216 2242 Cernis,
1231 2215 1255 2238 e(
1275 2218 1410 2242 emersus,
1429 2207 1506 2246 eta]
1546 2207 1618 2237 Non

955 2256 1173 2297 intelligebant
1193 2256 1284 2296 hujus
1302 2265 1408 2286 versus
1428 2255 1617 2295 elegantiam

954 2305 1102 2335 Heinsius
1128 2312 1158 2334 et
1179 2306 1390 2338 Burmannus,
1410 2303 1462 2344 qui
1485 2314 1501 2333 e
1523 2305 1616 2335 MSS.

955 2354 1056 2383 Oxon.
1071 2353 1190 2384 Arond.
1211 2359 1241 2383 et
1259 2351 1367 2393 viginti
1385 2352 1453 2382 aliis
1469 2352 1614 2393 praesere-

953 2403 1028 2431 bant
1049 2404 1194 2436 emeritas,
1211 2401 1285 2442 quia
1305 2402 1444 2430 emet-itus
1463 2400 1502 2429 de
1525 2410 1616 2431 cursu

953 2450 1049 2485 finito,
1070 2456 1207 2491 tempore
1223 2457 1344 2484 exacto,
1361 2449 1423 2479 dici
1440 2449 1529 2479 solet.
1570 2450 1614 2479 At

953 2510 1044 2529 cursu
1074 2499 1160 2529 finito
1190 2509 1250 2529 non
1286 2498 1421 2539 amplius
1458 2499 1616 2528 tendimus.

954 2548 1052 2577 Immo
1067 2554 1173 2579 noctes
1187 2559 1301 2578 emersae
1316 2558 1332 2577 e
1350 2547 1437 2582 mari,
1459 2546 1612 2586 incipien-

955 2603 1011 2632 tes,
1035 2608 1094 2627 non
1113 2603 1241 2627 manent
1262 2596 1329 2631 diu,
1347 2595 1401 2626 sed
1418 2596 1474 2625 iter
1491 2601 1613 2626 tantum

954 2657 1008 2686 per
1023 2645 1139 2676 coelum
1156 2645 1335 2679 instituunt,
1351 2644 1561 2685 festinamque
1585 2643 1615 2674 in

954 2705 1024 2725 cnm
1040 2694 1155 2729 locum,
1168 2694 1248 2725 unde
1265 2704 1333 2724 mox
1352 2693 1403 2723 lux
1420 2694 1521 2723 oritur.
1568 2693 1615 2722 Si-
