1779 3130
399 152 1013 194 METAMORPHOSEON
1050 152 1166 194 LlB.
1195 154 1284 194 Xl.

1450 156 1534 196 :219

146 267 318 314 Terret
343 283 473 322 aves,
501 283 697 330 semper
722 282 910 329 pennas
938 267 1172 314 habuisse
1198 268 1399 331 putetis.

144 343 232 388 Vir
255 342 373 390 fuit:
414 350 464 391 et
489 351 629 390 tanta
653 351 729 390 est
754 344 903 389 animi
929 344 1222 400 constantia,
1251 351 1489 406 quantum

143 417 273 465 Acer
296 426 416 474 erat,
444 419 675 480 belloque
699 419 854 473 ferox,
882 418 945 465 ad
970 420 1166 482 vimque
1192 428 1408 482 paratus,

147 493 359 541 Nomine
388 495 663 550 Daedalion,
691 494 774 540 illo
799 495 1020 556 genitore
1045 502 1257 552 creatus,

1431 499 1526 543 295

142 568 241 622 Qui
265 577 409 617 vocat
433 571 690 626 Auroram,
717 571 943 633 coeloque
967 572 1262 619 novissimus
1287 572 1406 619 exit.

144 645 295 693 Culta
318 647 436 693 mihi
462 663 560 710 pax
585 654 683 704 est;
725 647 861 710 pacis
887 648 1005 694 mihi
1031 664 1150 694 cura
1174 648 1370 694 tuendae

142 721 477 785 Conjugiique
501 724 616 772 fuit:
659 723 795 770 fratri
821 724 922 771 fera
947 725 1078 771 bella
1103 725 1382 786 placebant.

142 796 280 844 Illius
304 797 458 845 virtus
484 807 675 861 gentes,
703 816 946 862 regesque
972 799 1184 861 subegit,

141 872 264 926 Quae
290 890 419 921 nunc
445 875 701 922 Thisbaeas
729 876 883 936 agitat
908 882 1097 922 mutata
1121 875 1392 921 columbas.
1430 878 1526 920 300

208 949 340 997 Nata
365 957 469 997 erat
493 950 607 996 huic
636 950 846 1003 Chione,
870 967 981 1012 quae
1007 950 1320 997 dotatissima
1342 949 1498 997 forma

140 1024 279 1072 Mille
306 1027 468 1088 procis
494 1027 695 1089 placuit,
723 1027 799 1073 bis
825 1033 1018 1090 septem
1044 1026 1226 1072 nubilis
1252 1027 1409 1073 annis.

139 1101 285 1148 Forte
310 1110 610 1150 revertentes
640 1104 875 1157 Phoebus,
906 1102 1142 1164 Maiaque
1167 1110 1378 1157 creatus,

140 1176 231 1224 Ille
257 1179 358 1225 suis
385 1179 612 1242 Delphis,
642 1180 719 1225 hic
746 1180 927 1226 vertice
955 1178 1214 1240 Cylleneo‚

139 1252 318 1300 Videre
334 1254 461 1301 hanc
482 1256 692 1317 pariter3
733 1255 915 1317 pariter
936 1261 1131 1300 traxere
1150 1254 1380 1299 calorem.
1425 1255 1521 1298 305

135 1358 297 1400 perspicue
314 1371 321 1397 ;
361 1359 616 1400 quandoquidem
659 1366 690 1390 et
723 1360 792 1390 aliae

136 1417 209 1437 aves
227 1414 315 1448 rapto
336 1408 453 1438 vivunt.
499 1409 573 1439 Ver.
593 1409 667 1439 293.
687 1408 792 1439 delen-

136 1456 210 1486 dum
226 1462 332 1487 censet
345 1457 494 1488 Heinsius
508 1457 583 1498 quia
598 1458 647 1488 vix
664 1457 793 1488 Latinus

135 1503 186 1539 sit,
211 1509 243 1535 et
267 1504 352 1546 quia,
377 1516 413 1536 eo
437 1505 573 1542 sublato,
603 1506 708 1536 omnia
732 1505 793 1536 sint

136 1552 239 1593 plana.
284 1555 340 1584 Est
366 1564 440 1584 sane
459 1560 632 1595 corruptus,
656 1553 707 1585 sed
731 1565 792 1595 quo

135 1602 237 1632 minus
265 1613 335 1633 eum
364 1603 533 1639 deleamus,
563 1602 694 1642 impedit
723 1602 792 1639 hoc,

135 1650 218 1691 quod
233 1651 319 1681 nulla
335 1651 487 1692 oppositio
511 1657 558 1682 est
573 1651 605 1681 in
622 1652 749 1681 volucris
762 1657 793 1682 et

133 1709 223 1736 acer,-
257 1709 393 1740 namque
420 1700 515 1730 etiam
544 1700 685 1730 volucres
708 1710 793 1730 acres

133 1746 196 1776 dici
222 1753 370 1788 possunt:
398 1760 467 1778 acer
489 1754 673 1789 perpetuum
694 1748 793 1778 bella·

134 1796 207 1826 toris
220 1796 393 1837 epitheton.
414 1797 486 1838 Ipsa
499 1799 608 1827 militia
620 1799 696 1827 acris
709 1797 790 1838 apud

135 1845 309 1881 Horatium,
325 1846 353 1875 I.
372 1846 435 1876 Od.
451 1846 535 1877 xxix.
551 1848 583 1877 2.
608 1848 724 1877 Versus
738 1846 792 1877 ille

133 1894 196 1924 293
226 1898 313 1923 extat
346 1893 378 1924 in
407 1894 518 1924 nostris
548 1894 728 1930 Codicibus,
759 1899 790 1925 et

133 1942 214 1972 bene
243 1953 312 1972 eum
341 1943 475 1973 servavit
504 1943 626 1984 Gierig.
683 1943 790 1979 Ferm,

133 1990 309 2029 animosus3
331 1991 449 2027 Livius,
472 1991 557 2022 xxvi.
580 1993 634 2022 26.
659 1993 791 2022 consules

132 2041 277 2070 bellicosos
305 2042 396 2076 ambo,
430 2042 505 2071 viros
534 2052 616 2071 acres
646 2040 734 2071 nimis
762 2048 791 2071 et

123 2089 261 2129 ferocem
293 2088 468 2125 Sallustius,
492 2091 568 2130 Jug.
591 2101 644 2120 xx.
670 2090 701 2120 2.
725 2089 790 2128 Ipse

133 2149 213 2174 acer,
242 2139 411 2174 bellicosus5
448 2138 600 2174 Velleius,
631 2138 659 2168 I.
689 2138 733 2168 iii.
758 2139 788 2169 l.

133 2198 202 2216 acer
217 2187 296 2217 belli.
329 2186 377 2216 Vis
391 2186 430 2216 de
445 2187 539 2222 bello,
555 2193 589 2217 ut
605 2187 637 2217 in
652 2187 715 2223 illo,
732 2190 790 2218 vim

133 2246 242 2274 parare
264 2234 378 2272 alicui;
408 2235 470 2265 vid.
494 2235 585 2265 Corte
609 2235 649 2265 ad
672 2236 790 2266 Sallus-

135 2284 222 2318 tium,
239 2283 310 2313 Cat.
326 2293 418 2314 xxxv.
434 2286 466 2315 5.
513 2284 574 2317 Qui
593 2291 676 2314 vocat
692 2285 789 2314 Auro-

136 2344 199 2362 ram
209 2333 379 2372 eleganter,
391 2343 484 2373 quem
497 2333 635 2374 sequitur
647 2333 766 2364 Aurora
779 2346 787 2372 3

134 2381 290 2417 Tibullus,
306 2381 333 2412 Ι.
346 2381 389 2411 ix.
409 2382 463 2412 62.
486 2388 550 2411 rota
570 2382 789 2423 Luciferipro-

136 2436 218 2460 vocat
246 2436 312 2460 orta
335 2431 433 2466 diem,
469 2429 631 2471 Virgilius,
659 2431 733 2461 ΑΕΗ.
758 2430 789 2461 ii.

135 2480 210 2510 802.
224 2478 347 2509 Lucifer
362 2481 446 2509 ducit
462 2481 549 2509 diem.
578 2478 660 2509 Hinc
678 2489 788 2509 nomen

140 2527 285 2568 Luciferi.
317 2527 378 2558 Sed
394 2527 468 2568 quia
482 2527 563 2558 idem
578 2528 679 2558 Solem
696 2528 788 2558 inter-

137 2576 210 2606 dum
225 2576 374 2616 sequitur,
391 2576 461 2606 hinc
471 2576 566 2607 etiam
585 2577 722 2617 Abi-ieje]-
737 2587 787 2606 vo-

136 2631 223 2655 catur
242 2635 259 2654 a
278 2625 404 2655 Catullo
424 2625 527 2656 Carni.
544 2626 595 2656 63.
644 2625 788 2664 Orloqae,

137 2679 196 2703 etc.
212 2674 281 2704 vide
297 2673 329 2703 ii.
351 2675 421 2704 115.

897 1359 970 1389 300,
988 1358 1156 1398 Thisbaeas]
1176 1358 1290 1394 Thisbe,
1302 1358 1374 1388 urbs
1390 1357 1522 1388 Boeotiae

863 1407 1015 1438 columbis
1039 1408 1212 1443 abundans,
1234 1407 1266 1438 in
1289 1407 1395 1448 primis
1417 1412 1523 1448 portus

860 1456 1074 1487 Thisbaeorum
1103 1457 1255 1487 columbis
1283 1456 1406 1497 plenus.
1449 1456 1519 1486 Ste-

860 1505 955 1546 phan.
981 1505 1013 1535 in
1037 1505 1072 1535 h.
1088 1517 1118 1535 v.
1141 1506 1305 1540 Homerus,
1326 1505 1365 1534 Il.
1387 1505 1426 1534 B.
1447 1505 1519 1535 502.

861 1552 1083 1594 πολυτρήρων
1105 1552 1224 1593 θίσβη,
1248 1552 1401 1583 columbis
1420 1553 1517 1582 abun-

860 1602 949 1632 dans.
980 1602 1110 1638 Statius,
1124 1602 1176 1633 vii.
1187 1603 1262 1632 261.
1277 1602 1407 1632 Dionaeis
1418 1602 1520 1631 avibus

860 1652 1046 1680 circumsona
1065 1650 1182 1680 Thisbe.
1219 1650 1302 1680 Hinc
1319 1649 1409 1680 docte
1424 1654 1456 1679 et
1470 1660 1518 1679 or-

861 1706 932 1730 nate
958 1699 1101 1729 Thisbaeas
1119 1701 1265 1729 colmnbas
1289 1709 1354 1740 pro,
1374 1699 1519 1728 columbas

860 1749 1012 1778 universe.
1036 1748 1097 1778 Sed
1113 1748 1169 1778 hos
1184 1757 1307 1789 quoque
1323 1746 1400 1777 duos
1412 1757 1518 1777 versus

860 1795 1009 1827 delendos
1035 1802 1141 1827 censet
1166 1796 1323 1831 Heinsius,
1352 1795 1426 1836 quia
1451 1796 1518 1825 Na-

859 1846 988 1875 soniano
1008 1845 1098 1875 nitori
1117 1855 1178 1876 non
1196 1844 1403 1886 respondeant
1421 1850 1452 1875 et
1466 1855 1519 1875 su-

858 1893 967 1935 perflui
993 1893 1067 1924 sint.
1113 1894 1151 1924 In
1171 1904 1233 1934 quo
1257 1893 1333 1922 mihi
1359 1903 1450 1923 secus
1471 1893 1516 1923 vi-

857 1942 963 1973 detur:
987 1943 1065 1973 solet
1079 1942 1162 1973 enim
1179 1943 1265 1973 Naso
1286 1948 1388 1972 noster
1402 1941 1517 1983 passim

857 1990 978 2031 aliquid
1015 2001 1176 2032 aspergere
1222 1990 1260 2021 de
1298 1996 1417 2020 mutato
1459 2001 1517 2020 usu

858 2039 967 2070 virium
984 2045 1015 2070 et
1030 2039 1179 2070 virtutum
1196 2038 1355 2069 hominum
1370 2039 1515 2069 transfor-

856 2093 1021 2118 matorum.
1061 2088 1181 2119 Mansit
1195 2088 1279 2118 fratri
1296 2088 1455 2128 ingenium
1472 2088 1516 2117 fe-

856 2148 920 2168 rox.
966 2138 1093 2177 Agitare
1129 2138 1257 2168 verbum
1294 2136 1451 2178 proprium
1476 2137 1514 2166 de

859 2186 1054 2216 venatoribus
1080 2191 1112 2216 et
1141 2186 1249 2216 avibus
1277 2184 1461 2225 rapacibus;
1486 2196 1515 2215 ν.

857 2235 932 2265 606.
961 2235 1003 2264 Ut
1031 2236 1101 2265 solet
1127 2236 1269 2274 accipiter
1294 2235 1423 2273 trepidus
1448 2235 1513 2274 agi-

859 2290 922 2313 tare
937 2284 1093 2314 columbus.

899 2331 972 2362 301.
998 2331 1136 2371 Chiona]
1163 2331 1278 2361 Confer
1298 2330 1435 2360 fabulam
1451 2330 1514 2359 200

857 2379 986 2420 Hygini,
999 2380 1053 2420 qui
1070 2379 1158 2410 addit
1173 2379 1259 2409 illam
1275 2379 1313 2408 ab
1331 2377 1400 2408 aliis
1415 2377 1513 2418 poetis

858 2428 1039 2458 Plziloniden
1064 2426 1186 2458 vocari:
1213 2433 1244 2457 et
1263 2426 1306 2456 sic
1332 2436 1401 2456 eam
1422 2431 1513 2456 vocat

857 2477 1054 2519 Pherecydes
1083 2476 1165 2519 apud
1187 2476 1292 2506 Schol.
1318 2475 1442 2506 Homeri
1470 2475 1509 2506 ad

857 2526 919 2556 Od.
934 2530 971 2556 T.
985 2527 1061 2556 432.

900 2576 973 2604 305.
1000 2575 1125 2604 'l'rtmcre
1148 2575 1284 2608 calorem,
1310 2579 1343 2603 ut
1371 2573 1411 2602 iv.
1437 2573 1509 2603 679.

859 2625 950 2654 trahit
968 2625 1077 2654 inscius
1093 2626 1191 2664 ignes:
1217 2622 1285 2653 vide
1303 2621 1342 2652 ad
1356 2633 1386 2651 x.
1403 2623 1476 2652 594.
