1779 3130
375 150 993 192 METAMORPHOSEON
1028 152 1146 192 LIB.
1185 153 1247 194 X.
1428 156 1509 197 163

126 265 376 311 Solverat:
418 272 469 310 at
491 265 628 325 virgo
655 264 890 326 Cinyreia
915 266 1119 327 pervigil
1145 267 1242 328 igni

122 341 356 403 Carpitur
381 341 635 395 indomito,
662 340 945 403 furiosaque
971 349 1083 389 vota
1108 350 1355 390 retractat.
1405 348 1502 392 370

122 415 187 461 Et
211 417 356 463 modo
382 417 640 479 desperat;
674 417 821 462 modo
848 417 952 463 vult
976 424 1196 465 tentare:
1229 420 1498 482 pudetque,

121 491 186 537 Et
210 493 372 555 cupit;
403 500 468 549 et,
490 493 624 556 quod
644 499 773 554 agat,
797 510 892 540 non
916 494 1127 541 invenit:
1159 502 1313 557 utque
1340 499 1496 543 securi

122 568 304 616 Saucia
326 570 461 616 trabs
487 570 677 631 ingens,
706 571 787 616 ubi
814 571 960 633 plaga
984 570 1250 618 novissima
1275 580 1442 628 restat,

120 644 231 698 Quo
255 646 416 701 cadat,
439 646 488 692 in
509 646 659 693 dubio
687 654 778 702 est,
800 648 1035 710 omnique
1059 664 1087 694 a
1107 656 1248 710 parte
1273 649 1496 705 timetur3

122 720 205 767 Sic
231 722 421 768 animus
446 723 577 770 vario
602 722 874 769 labefactus
899 724 1099 771 vulnere
1125 731 1267 771 nutat
1401 728 1498 772 375

120 796 232 843 Huc
255 798 391 853 levis,
408 807 558 861 atque
572 799 709 855 illuc3
735 807 1084 862 momentaque
1104 800 1252 846 sumit
1270 807 1494 862 utroque.

120 873 228 920 Nec
250 875 424 921 modus
440 882 525 921 aut
539 875 753 937 requies,
767 875 857 921 nisi
876 891 1021 931 mors,
1033 876 1275 938 reperitur
1290 877 1493 924 amoris:

119 949 256 996 Mors
276 952 465 1013 placet:
495 952 713 1013 erigitur,
730 952 1010 1015 laqueoque
1031 953 1280 999 innectere
1306 953 1473 1000 fauces

120 1026 376 1085 Destinat3
418 1035 482 1083 et,
510 1044 633 1075 zona
659 1045 850 1075 summo
872 1030 933 1076 de
960 1037 1103 1092 poste
1124 1030 1369 1087 revincta;

118 1109 148 1126 “
177 1103 306 1151 Care
330 1105 438 1151 vale
465 1104 667 1168 Cinyra,
694 1121 894 1152 causam
921 1113 970 1153 te
996 1105 1215 1168 intellige
1242 1107 1460 1153 mortis.''

119 1178 287 1228 Dixit:
327 1188 378 1227 et
402 1182 608 1244 aptabat
632 1182 835 1244 pallenti
855 1182 1051 1228 vincula
1075 1183 1219 1228 collo.
1398 1186 1488 1229 381

119 1255 375 1304 Murmura
398 1259 658 1305 verborum
683 1258 806 1304 fidas
832 1258 1037 1305 nutricis
1064 1259 1126 1305 ad
1152 1274 1294 1305 aures

159 1399 232 1429 373.
256 1400 366 1429 Saucia
391 1400 469 1429 trabs
493 1400 624 1441 ingens]
656 1399 770 1430 Simili-

115 1446 256 1477 tudinem
285 1458 461 1489 expressam
491 1458 557 1478 esse
584 1458 600 1478 e
627 1447 769 1488 Virgilio,

117 1496 244 1527 AEneid.
273 1497 304 1526 ii.
333 1498 407 1527 626.
437 1502 527 1538 putat
563 1498 770 1527 Burmannus.

116 1545 166 1576 Cf.
182 1557 275 1587 supra
290 1546 354 1576 viii.
371 1547 444 1576 472.
460 1546 513 1576 ubi
529 1546 689 1576 fluctuatio
705 1546 769 1576 ani-

116 1593 158 1623 mi
171 1595 243 1631 alia,
255 1595 427 1636 eademque
442 1595 623 1626 suavissima
636 1594 769 1635 imagine

113 1642 301 1674 illustratur:
329 1646 418 1679 trabs,
442 1645 549 1681 arbor;
577 1643 705 1678 Statius,
731 1644 770 1674 vi.

112 1692 168 1721 91.
183 1694 271 1722 ilic-ece
288 1694 392 1727 trabes,
405 1692 502 1723 ilices.
535 1693 621 1722 Vario
636 1693 769 1728 vulnere,

114 1740 199 1771 vario
224 1742 338 1771 affectu
361 1747 393 1772 et
416 1747 509 1772 motu.
554 1742 642 1771 Bene
666 1747 770 1771 autem

115 1796 216 1820 motus
235 1790 305 1820 illos
320 1796 410 1820 vocat
425 1791 563 1825 vulnera,
581 1790 655 1831 quia
678 1790 709 1820 in
729 1789 768 1820 si-

114 1838 289 1869 militudine
305 1840 389 1869 trabs
404 1841 561 1869 sauciatur
572 1840 680 1879 plagis·
703 1839 769 1870 Eti-

114 1896 164 1917 am
180 1888 344 1928 labefactus
365 1888 408 1918 sic
426 1889 504 1918 bene
524 1888 707 1918 translatum
729 1889 769 1919 ad

112 1937 264 1968 animum.
304 1938 400 1973 Levis,
416 1948 525 1979 parurn
541 1937 599 1967 sibi
614 1943 769 1974 constans,

112 1993 203 2017 nutat
225 1987 282 2017 huc
303 1992 390 2026 atque
409 1987 494 2022 illuc,
510 1996 581 2016 mox
600 1985 692 2016 furori
714 1997 769 2017 suo

113 2034 269 2076 indulget,
286 2045 357 2064 mox
378 2045 462 2065 sanae
480 2034 590 2065 rationi
606 2035 766 2076 obtempe-

114 2094 179 2115 rare
196 2084 278 2114 vult:
307 2084 407 2118 Quum
427 2085 457 2113 in
473 2085 562 2113 (lubio
579 2089 620 2113 est
639 2086 767 2120 animus,

109 2144 203 2172 parvo
229 2139 370 2162 momento
399 2133 456 2162 Ῐιιισ
486 2134 560 2162 illuc
589 2134 767 2172 impellitur.

114 2182 321 2221 Mumentaque
338 2184 428 2211 sumit
449 2188 582 2221 utroque.
626 2183 719 2212 Nunc
735 2182 766 2212 in

112 2230 192 2261 hanc
216 2236 334 2271 partem
357 2230 497 2266 inclinat,
513 2240 595 2260 nunc
618 2230 650 2260 in
668 2230 766 2267 illam,

110 2279 197 2310 librae
212 2279 308 2309 instar
324 2279 478 2320 ancipitis,
496 2278 577 2309 unde
592 2279 685 2310 ducta
702 2290 765 2310 me-

112 2328 244 2369 taphora.
256 2327 384 2363 Tibulli,
399 2328 461 2359 IV.
478 2328 500 2358 i.
518 2329 556 2358 41
572 2340 578 2357 ;
596 2329 685 2358 Justa
697 2332 767 2368 pari

111 2379 260 2416 premitur
275 2378 369 2407 ¹relati
382 2389 448 2407 cum
461 2379 588 2417 pondere
604 2379 691 2414 libra,
706 2384 767 2409 etc.

113 2428 235 2457 Sumere
256 2433 403 2456 momenta
421 2426 498 2457 ferre
522 2435 553 2457 ut
575 2427 692 2463 Florus,
709 2428 766 2459 IV.

114 2476 167 2507 xii.
180 2477 232 2507 54.
248 2487 360 2506 sumere
376 2478 509 2514 impetus.
535 2477 634 2517 Supra
649 2477 703 2507 vii.
716 2478 766 2508 79.

113 2537 258 2556 assumere
273 2527 416 2555 alimenta
432 2538 449 2554 (ι
466 2527 569 2555 ventis.

157 2575 231 2605 377.
254 2575 360 2604 Modus
377 2575 425 2604 vel
448 2573 528 2609 finis,
550 2579 584 2604 ut
608 2574 715 2605 Horat.
740 2574 766 2604 Ι.

115 2621 178 2654 Ο(1.
199 2623 239 2653 vi.
261 2624 293 2653 7.
316 2624 352 2652 sit
377 2625 478 2653 modus
503 2623 574 2653 lasso
597 2625 697 2658 muris,
718 2623 766 2653 vel

117 2672 306 2710 moderati03
330 2674 458 2708 Seneca,
475 2672 621 2702 controv.
634 2673 685 2702 ⁴20.
708 2673 766 2701 κά-

837 1401 925 1430 cilius
950 1401 983 1430 z'n
1007 1411 1105 1431 autore
1116 1400 1212 1440 finem
1239 1402 1382 1439 impetres,
1407 1413 1493 1440 quum

838 1451 967 1479 modum.
1012 1449 1108 1490 Apud
1123 1448 1247 1479 Terent.
1264 1449 1346 1478 Eun.
1361 1449 1387 1478 I.
1403 1449 1423 1478 i.
1443 1449 1494 1479 12.

838 1498 990 1528 Parmeno
1028 1502 1133 1538 negat,
1163 1507 1297 1528 amorem
1333 1497 1495 1529 admittere

837 1549 966 1577 modum.

881 1595 954 1625 378.
972 1595 1054 1625 DIors
1070 1595 1194 1634 placet]
1222 1594 1308 1623 Mors
1325 1594 1492 1624 remedium

838 1645 950 1673 amoris
966 1643 1119 1679 ultimum,
1136 1649 1169 1674 ut
1189 1644 1283 1673 habet
1303 1643 1493 1684 epigramma

837 1692 945 1722 incerti
982 1692 1125 1729 auctoris,
1152 1693 1208 1722 lib.
1236 1692 1256 1721 i.
1281 1692 1491 1733 Autliologiae,

836 1751 906 1782 cap.
926 1742 987 1773 27:
1009 1740 1135 1781 Ἐρώτα
1158 1740 1253 1771 παύει
1281 1741 1386 1782 λιμός.
1413 1741 1439 1771 εἰ
1459 1741 1490 1772 δὲ

835 1790 881 1830 μὴ
897 1790 1029 1831 χρόνος.
1064 1789 1143 1820 Ἐὰν
1161 1788 1191 1819 δὲ
1210 1788 1289 1830 μηδὲ
1305 1791 1411 1821 ταῦτα
1428 1791 1492 1827 τὴν

837 1837 943 1880 φλόγα
958 1837 1070 1880 σβέσῃ,
1084 1840 1244 1880 Θεραπεία
1261 1849 1310 1868 σοι
1324 1839 1361 1869 τὸ
1376 1839 1496 1870 λοιπὸν

838 1894 989 1935 ἠρτῆσθω
1015 1893 1148 1934 βρόχος.
1188 1893 1281 1930 Quod
1309 1893 1430 1929 Suidas,
1463 1900 1495 1924 ut

836 1949 868 1972 et
883 1942 1036 1978 Laertius,
1052 1942 1170 1972 Crateti
1186 1942 1304 1973 tribuit.
1342 1942 1494 1979 Destinat,

836 1991 1007 2027 constituit,
1034 1997 1068 2021 ut
1105 1991 1272 2033 saepissime
1309 1991 1393 2033 apud
1430 1992 1493 2022 Pli-

836 2039 933 2076 nium,
946 2040 977 2070 in
993 2039 1153 2081 EpistoliS.

878 2090 952 2119 380.
982 2089 1110 2119 Causam
1139 2095 1167 2118 te
1198 2089 1364 2130 intellige]
1387 2090 1492 2126 Quum

835 2137 966 2178 Myrrha
994 2147 1120 2167 causam
1142 2136 1247 2167 mortis
1271 2136 1387 2167 nemini
1412 2138 1493 2168 fassa

832 2191 922 2222 esset,
941 2192 1038 2227 pater,
1054 2185 1117 2216 filia
1142 2185 1290 2221 extincta,
1307 2185 1394 2216 illam
1418 2196 1492 2216 cau—

833 2245 898 2265 sam
918 2234 1092 2275 intelligere
1109 2245 1169 2264 non
1190 2240 1320 2275 poterat.
1358 2236 1493 2265 Praestat

833 2284 926 2324 igitur
948 2284 1032 2314 haud
1057 2283 1153 2314 dubie
1182 2284 1272 2314 unius
1296 2283 1433 2314 Medicei
1459 2290 1492 2314 et

834 2331 1039 2363 Arundeliani
1055 2331 1160 2368 lectio,
1176 2344 1295 2362 causum
1314 2339 1340 2362 te
1356 2333 1492 2372 intellige

834 2384 954 2412 mortis:
978 2381 1054 2411 scito
1079 2387 1108 2411 te
1132 2391 1197 2411 esse
1221 2391 1347 2411 causam
1368 2381 1492 2419 mortis3

833 2435 865 2459 et
893 2429 1110 2471 anteponenda
1140 2435 1186 2459 est
1214 2429 1348 2469 vulgatae
1379 2430 1491 2469 (quam

835 2479 915 2509 male
935 2478 1051 2508 habent
1073 2477 1167 2518 Regii
1190 2477 1301 2516 nostri)
1318 2489 1492 2518 causamque

833 2528 991 2567 i11tellige5
1016 2526 1101 2557 illam
1118 2525 1211 2566 igitur
1227 2526 1338 2566 recepi.

876 2577 949 2606 382.
964 2576 1126 2605 Murmura
1140 2577 1303 2610 verboruma,
1315 2575 1394 2614 etc.]
1412 2575 1488 2605 Haec

835 2629 866 2654 ct
881 2624 1044 2665 sequentia
1065 2624 1169 2654 confer
1183 2634 1254 2654 cum
1270 2623 1411 2664 Virgilio,
1426 2623 1489 2654 Cir.

836 2675 898 2705 233
923 2685 992 2715 sqq.
1039 2674 1137 2710 Fides,
1160 2673 1255 2705 virtus
1274 2673 1374 2715 prima
1393 2673 1488 2704 nutri-
