1779 3130
377 151 998 194 METAMORPHOSEON
1032 153 1151 194 LIB.
1186 153 1249 194 X.
1435 154 1518 195 185

133 264 402 313 Restabat:
445 272 475 290 “
500 266 696 322 Vunej’
729 267 906 329 inquit,
937 272 966 290 “
990 267 1126 324 ades,
1157 267 1266 315 Dea
1300 269 1516 315 muneris

330 349 501 390 auctor
518 343 565 400 ;''
1420 348 1515 392 673

133 417 293 480 Inque
319 419 446 465 latus
472 419 650 481 campi,
679 436 777 481 quo
801 421 988 467 tardius
1014 421 1096 467 illa
1121 420 1319 478 rediret,

124 493 257 540 Jecit
281 496 342 541 ab
368 496 571 557 obliquo
597 496 808 542 nitidum
827 497 1114 558 juveniliter
1139 513 1328 544 aurum.

124 570 202 615 An
229 578 435 633 peteret,
463 572 598 632 virgo
624 572 727 618 visa
752 580 828 618 est
852 573 1109 629 dubitare3
1151 574 1291 634 coegi

125 645 335 701 Tollere,
364 655 414 694 et
438 648 597 709 adjeci
624 649 819 694 sublato
845 649 1066 711 pondera
1091 649 1248 705 mal03

126 721 443 786 Impediique
470 724 631 771 oneris
657 724 840 786 pariter
865 724 1104 786 gravitate
1130 740 1383 786 moraque.

127 798 267 845 Neve
293 816 433 847 meus
460 816 620 847 sermo
645 816 794 846 cursu
820 801 884 847 sit
908 801 1092 847 tardior
1116 801 1228 856 illo;

129 876 386 924 Praeterita
408 884 486 924 est
509 877 644 939 virgo
668 895 677 925 ε
706 877 852 923 duxit
877 893 966 924 sua
990 878 1194 940 praemia
1217 877 1390 923 victor.
1416 880 1512 924 680

127 952 373 1015 Dignane,
401 955 480 1000 cui
506 962 668 1016 grates
695 961 882 1017 ageret,
910 953 990 1000 cui
1015 954 1136 1000 turis
1163 954 1398 1000 honorem

127 1028 313 1085 Ferret,
340 1030 523 1086 Adoni,
551 1031 649 1077 fui?
687 1047 777 1078 nec
803 1036 969 1092 grates
994 1030 1251 1076 immemor
1276 1030 1394 1091 egit,

125 1104 234 1153 Nec
261 1106 379 1153 mihi
406 1115 516 1154 tura
542 1108 707 1155 dedit:
749 1107 964 1154 subitam
995 1113 1253 1153 convertor
1279 1106 1328 1152 in
1358 1106 1507 1163 iram;

124 1182 494 1246 Contemnique
519 1184 708 1238 dolens,
735 1201 796 1230 ne
823 1183 915 1230 sim
942 1183 1221 1245 spernenda
1244 1181 1436 1238 futuris,

124 1258 370 1323 Exemplo
385 1276 551 1316 caveo,
565 1276 745 1322 meque
765 1260 874 1322 ipsa
889 1259 1122 1305 exhortor
1138 1258 1186 1304 in
1206 1258 1394 1304 ambos,
1413 1261 1509 1304 685

121 1334 330 1398 Templa
356 1336 517 1383 Deum
544 1336 703 1391 matri,
725 1352 837 1398 quae
857 1335 1108 1398 quondam
1129 1335 1290 1381 clarus
1317 1333 1511 1381 Echion

123 1411 330 1459 Fecerat
355 1429 417 1459 ex
442 1420 572 1468 voto,
599 1413 871 1460 nemorosis
898 1413 1067 1458 abdita
1091 1411 1242 1467 silvis,

120 1487 446 1547 Transibant3
489 1497 540 1536 et
565 1489 656 1536 iter
680 1490 882 1552 longum
908 1489 1220 1551 requiescere
1247 1487 1416 1535 suasit.

120 1659 240 1700 Regius
260 1666 290 1690 et
307 1660 506 1689 Burmannus
525 1660 776 1701 interpretantur,

117 1718 189 1738 cum
213 1708 320 1738 ardore
342 1713 374 1738 et
397 1709 525 1749 impetu,
550 1713 584 1738 ut
607 1709 707 1739 solent
726 1710 777 1751 ju-

120 1768 222 1788 venes.
269 1757 389 1787 Laudat
414 1758 623 1793 Burmannus,
648 1757 690 1787 iii.
707 1759 776 1789 Art.

118 1806 227 1836 Amat.
241 1807 506 1846 733.j1tueniliter
521 1818 624 1836 arcum
639 1809 776 1846 corripit,

118 1862 149 1885 et
164 1855 195 1885 ii.
208 1855 299 1885 Trist.
315 1856 384 1885 117.
401 1856 714 1893 anniumjuveniliter
731 1857 775 1885 nti

118 1905 248 1944 ingenio.
272 1903 365 1934 Adde
381 1914 484 1944 supra,
498 1903 541 1933 iil.
557 1904 775 1942 6262jur=enili

116 1960 248 1993 guttura
261 1964 363 1994 pugno
381 1954 473 1991 rupit.
512 1952 629 1988 Causa,
646 1963 700 1983 cur
716 1953 774 1983 for-

118 2002 188 2032 titer
200 2002 330 2043 jaceret,
344 2006 425 2036 erat,
442 2012 497 2041 quo
520 2003 637 2031 cardius
659 2003 713 2031 illa
729 2012 774 2032 re—

116 2054 207 2082 diret.

159 2101 234 2130 679.
253 2100 423 2130 Nevemeus
436 2110 540 2133 sermo,
553 2099 631 2139 etc.]
651 2098 776 2139 Frigida

116 2149 281 2180 sententia.
328 2150 489 2178 Praeterita
515 2155 555 2178 est
592 2150 686 2189 virgo.
724 2148 774 2179 Cl.

117 2200 263 2228 Baconus
282 2198 361 2228 hanc
383 2197 522 2228 fabulam
543 2198 774 2238 interpretatus,

116 2248 287 2281 Atalantae,
309 2246 420 2287 inquit,
441 2245 472 2275 id
492 2251 549 2281 est,
572 2245 644 2275 artis
662 2256 775 2286 praero-

115 2296 251 2336 gativam
274 2300 306 2325 et
328 2295 476 2335 vigorem,
502 2294 584 2324 mala
608 2303 701 2323 aurea
728 2304 775 2324 re-

117 2345 241 2376 tardant
255 2357 260 2373 ε
286 2343 342 2374 illa
357 2343 439 2374 enim
453 2343 624 2384 plerunque
640 2342 774 2373 stadium

115 2394 230 2425 deserit
257 2399 289 2423 et
317 2392 357 2423 ad
386 2392 506 2422 lucrum
534 2391 683 2427 declinat,
711 2397 774 2422 etc.

117 2444 194 2479 Quae
220 2442 323 2472 videre
347 2451 447 2483 operae
471 2440 615 2482 pretium.
662 2442 774 2476 Duxit,

114 2501 226 2533 nempe
249 2500 386 2525 uxorem,
408 2501 463 2519 sua
484 2492 617 2528 praemia,
640 2496 673 2519 ut
699 2490 773 2519 Per-

115 2551 186 2571 seus
202 2538 446 2575 Andromedam,
462 2537 505 2568 iv.
523 2539 598 2569 756.
628 2537 689 2568 Sed
706 2539 773 2578 Hy-

115 2589 216 2630 ginus,
234 2589 324 2619 Hanc
339 2600 428 2628 quum
445 2589 476 2617 in
493 2590 626 2627 patriam
641 2589 775 2617 duceret.

159 2639 234 2668 681.
263 2638 350 2667 Turis
374 2638 510 2667 honorem
526 2637 658 2678 ferret]
689 2635 775 2666 Alibi

116 2687 236 2716 honores
263 2686 443 2727 simpliciter
475 2685 513 2716 de
541 2685 646 2716 sacris.
694 2685 776 2714 Tura

162 2735 262 2765 VOL.
277 2734 338 2765 IV.

846 1661 938 1691 dedit.
974 1660 1082 1690 Burin.
1098 1659 1205 1690 mallet
1226 1666 1296 1690 tura
1317 1661 1402 1695 tulit,
1421 1670 1507 1701 repe-

845 1709 953 1739 titione
969 1708 1114 1739 familiari
1131 1714 1234 1739 nostro
1248 1714 1348 1750 poetae
1363 1721 1368 1738 :
1389 1714 1507 1739 utrum·

845 1768 905 1798 que
924 1758 1067 1788 Latinum
1083 1763 1150 1795 est3
1175 1757 1245 1788 vide
1261 1757 1300 1788 ad
1316 1757 1338 1788 i.
1354 1759 1428 1788 248.

888 1808 961 1837 684.
979 1807 1190 1846 contemnique
1206 1808 1328 1842 dolens,·
1345 1806 1433 1837 deest
1448 1818 1503 1837 me.

844 1855 948 1895 Vulgo
971 1854 1114 1885 scribitur
1137 1862 1363 1894 contemptuque
1388 1856 1502 1886 dolens.

846 1903 950 1939 Cavea,
972 1914 1081 1934 moneo
1107 1909 1161 1934 aut
1185 1903 1342 1944 prohibeo,
1367 1914 1405 1934 ex
1426 1904 1507 1944 juris

843 1952 978 1983 Romani
1002 1952 1163 1990 formulis3
1187 1952 1257 1983 vide
1278 1952 1403 1983 Ernest.
1424 1952 1506 1983 clav.

843 2001 945 2033 Cicer.
961 2001 1019 2032 hac
1038 2012 1127 2032 voce.

886 2051 960 2080 686.
986 2051 1105 2089 Templa
1124 2051 1222 2079 Derim
1238 2051 1339 2086 matri,
1353 2056 1411 2081 etc.
1424 2051 1507 2092 apud

844 2098 1070 2140 Apollodorum
1081 2104 1110 2128 et
1123 2099 1281 2139 Hyginum
1293 2098 1508 2139 ingrediuntur

843 2147 878 2177 τὸ
892 2145 1022 2187 τέμενος
1039 2148 1123 2183 Διὸς,
1139 2147 1359 2187 Jovisfanum.
1398 2148 1507 2177 Clarus

845 2195 970 2226 Echion.
994 2195 1129 2232 Quidam
1147 2206 1285 2236 magnus.
1310 2196 1410 2226 Recte
1427 2195 1506 2226 Gla-

842 2254 953 2275 reanus
974 2243 1123 2285 intelligit.
1141 2244 1312 2279 ΕεΙιίοηενη,
1330 2244 1441 2275 Cadmi
1457 2254 1506 2273 so-

843 2293 937 2329 cium,
954 2293 1042 2334 cujus
1057 2292 1103 2323 iii.
1125 2292 1195 2322 126.
1214 2293 1328 2323 mentio
1344 2293 1397 2329 fit3
1423 2293 1503 2322 Ata-

842 2343 929 2373 lanta
945 2343 1027 2374 enim
1041 2343 1107 2372 liaec
1123 2342 1295 2372 Schoeneia
1310 2342 1367 2372 fuit
1383 2341 1504 2372 Boeoti-

843 2402 891 2422 ca.
911 2393 1109 2422 Burmannus
1120 2401 1190 2422 vero
1199 2390 1319 2425 mallet,
1334 2390 1504 2421 Echionem

842 2441 1011 2476 Arcadem,
1027 2440 1065 2470 de
1079 2450 1141 2481 quo
1158 2439 1220 2469 viii.
1232 2441 1306 2469 311.
1318 2439 1504 2480 intelligere,

841 2490 916 2530 quia
929 2493 1042 2520 Noster
1059 2498 1130 2518 cum
1153 2488 1222 2518 aliis
1242 2487 1320 2517 duas
1335 2487 1503 2518 Atalantas

840 2537 1028 2568 confuderit.
1047 2536 1109 2567 Ubi
1122 2536 1248 2566 tandem
1263 2536 1422 2567 confudit?
1439 2537 1502 2567 Ne-

841 2589 957 2617 morost‘s
973 2588 1063 2616 silvis.
1088 2587 1187 2626 Supra
1202 2585 1222 2615 i.
1233 2586 1306 2616 568.
1324 2585 1374 2614 Est
1386 2596 1499 2620 nemus,

842 2637 917 2676 quod
947 2637 1064 2665 claudit
1094 2636 1179 2670 silla,
1207 2633 1258 2663 ubi
1285 2633 1355 2663 vide
1385 2639 1502 2664 notam.

843 2684 892 2714 Sic
907 2683 1013 2714 abdita
1030 2694 1096 2714 esse
1108 2682 1248 2713 solebant
1262 2683 1362 2713 multa
1374 2681 1502 2722 templa.

974 2733 1001 2762 B
1013 2733 1032 2762 b
