1779 3130
408 159 1025 200 METAMORPHOSEON
1061 159 1178 200 LIB.
1212 160 1298 201 XI.

1454 161 1537 201 ⁴217

152 273 377 336 Accipit:
418 273 495 319 hic
522 289 726 334 regnum
752 274 857 320 sine
882 274 944 328 vi,
973 274 1077 320 sine
1103 274 1256 327 caede,
1284 274 1487 321 tenebat

152 349 376 396 Lucifero
402 349 622 410 genitore
648 356 802 404 satus,
830 350 1144 412 patriumque
1169 349 1379 396 nitorem
1436 351 1527 395 271

150 425 251 471 Ore
276 425 436 471 ferens
464 424 607 485 Ceyx
630 443 640 480 ;
681 425 764 471 illo
790 427 874 487 qui
900 434 1123 489 tempore
1147 433 1368 483 moestus,

151 501 520 562 Dissimilisque
545 501 637 555 sui,
665 500 862 548 fratrem
888 503 1092 564 lugebat
1117 503 1422 564 ademptum.

148 576 259 630 Quo
284 584 548 639 postquam
571 577 801 624 AEacides
827 578 987 624 fessus
1013 594 1231 639 curaque
1256 578 1434 640 viaque

146 653 322 709 Venit3
363 661 413 700 et
438 654 650 709 intravit,
679 654 849 717 paucis
876 654 1245 708 comitantibus,
1274 655 1445 700 urbem
1469 672 1478 709 ;

146 728 384 791 Quosque
428 745 603 791 greges
644 747 894 793 pecorum,
940 747 1052 792 quae
1095 746 1265 776 secum
1308 737 1529 776 armenta

342 806 586 860 trahebat,

1432 808 1527 851 276

146 879 300 927 Haud*
322 882 491 944 procul
516 897 544 928 a
569 882 719 929 muris
746 884 837 929 sub
862 899 1020 945 opaca
1044 883 1169 930 valle
1196 882 1411 943 reliquit.

144 956 303 1020 Copia
329 974 482 1020 quum
506 957 637 1005 facta
661 965 737 1004 est
762 958 975 1005 adeundi
1002 959 1160 1021 prima
1184 957 1409 1020 tyranni3

143 1032 436 1080 Velamenta
461 1049 607 1080 manu
634 1034 945 1097 praeteudens
971 1034 1214 1097 supplice,
1243 1033 1329 1095 qui
1355 1033 1433 1088 sit,

141 1224 342 1264 Eurytionem
362 1224 538 1265 pervenisse
554 1225 651 1255 Pelea
666 1225 798 1256 fraterno

140 1272 289 1312 sanguine
306 1273 469 1314 pollutum.
494 1274 561 1304 Nee
577 1274 667 1304 aliter
682 1274 798 1304 Auton.

142 1321 294 1351 Liberalis
309 1333 315 1357 ;
356 1322 542 1362 Apollonius
572 1323 656 1360 Rh.;
694 1323 797 1353 Schol.

144 1370 364 1410 Lycophronis,
377 1381 408 1411 p.
424 1371 464 1401 37
480 1383 487 1409 3
503 1371 660 1412 Hyginus,
675 1372 740 1402 fab.
754 1372 796 1402 iv.

140 1429 174 1458 p.
191 1419 245 1448 36.
286 1419 398 1459 Itaque
417 1425 470 1449 aut
485 1419 560 1449 alios
577 1426 716 1450 auctores
732 1421 795 1450 No-

140 1472 202 1496 ster
223 1474 349 1497 secutus
366 1472 422 1501 est,
440 1472 493 1497 aut
512 1467 635 1501 Peleus,
653 1469 725 1498 exul
745 1479 796 1499 va-

140 1526 208 1555 gus,
224 1515 339 1545 relictis
356 1515 462 1545 inultis
481 1515 550 1545 aliis
568 1515 653 1552 locis,
671 1517 796 1547 tandem

140 1564 223 1604 apud
240 1563 441 1604 Eurytionem
457 1563 556 1594 haesit.

181 1613 258 1642 271.
284 1612 426 1653 Lucifero
448 1619 529 1642 satus
552 1612 661 1653 Cey‚1.]
709 1614 794 1653 Ceyx

141 1660 323 1701 Phosphori,
342 1661 399 1690 hoc
413 1667 470 1696 est,
484 1661 616 1691 Luciferi
633 1658 691 1691 fuit
704 1661 795 1696 filius,

140 1710 380 1750 llalcyonesque
407 1709 546 1740 maritus.
602 1710 690 1749 Ceyr,
719 1711 794 1740 Tra-

139 1757 310 1788 chiniorum
327 1768 393 1792 rex,
413 1757 506 1788 eliam
529 1758 673 1788 Herculis
688 1758 794 1788 amici-

138 1806 181 1836 tia
209 1812 319 1844 notus3
358 1806 528 1836 Pausanias
557 1807 654 1836 Attic.
683 1818 713 1848 p.
744 1809 795 1837 79.

140 1855 275 1884 Nitorem
302 1854 425 1884 omnino
450 1854 488 1884 de
518 1854 629 1895 insigni
660 1855 795 1896 corporis

138 1903 366 1943 pulchritudine
383 1902 554 1944 capiamus,
575 1903 613 1934 de
635 1914 697 1944 qua
713 1915 794 1945 saepe

138 1951 262 1982 dicitur.
292 1951 452 1987 Horatius,
470 1953 499 1982 I.
517 1952 578 1982 Od.
594 1952 657 1983 xix.
673 1955 703 1983 5.
724 1953 795 1984 Urit

136 2011 182 2030 me
211 2001 348 2040 Glycerae
379 2002 468 2035 nitor,
498 2000 586 2041 isque
617 2001 695 2031 nitor
723 2012 793 2032 cum

137 2049 300 2090 splendore
331 2049 464 2079 siderum
495 2049 665 2090 comparari
695 2051 793 2088 solet,

139 2098 184 2128 ΙΙ.
205 2098 267 2128 Od.
285 2109 315 2128 v.
340 2099 375 2128 18
392 2109 471 2139 sqq3
494 2105 525 2128 et
549 2108 641 2139 supra
668 2098 700 2128 ii.
720 2100 793 2130 723.

137 2146 190 2177 ubi
207 2146 276 2176 vide
294 2153 396 2176 notam
413 2146 451 2177 de
468 2146 601 2176 Luciferi
619 2147 792 2187 splendore.

137 2195 240 2225 Etiam
263 2195 430 2231 Lucianus,
452 2207 482 2236 p.
512 2196 582 2225 129.
608 2196 792 2227 eum‘vocat

138 2245 197 2275 τὸν
212 2243 410 2284 Ἑωσφόρου,
430 2245 531 2274 καλοῦ
549 2244 673 2284 πατρὸς
688 2246 792 2277 καλὸν

138 2292 218 2323 υἱόν.
255 2292 350 2322 Conf.
380 2297 411 2322 et
437 2291 553 2333 Hygini
581 2292 717 2322 fabulam
740 2294 791 2324 65.

138 2341 241 2371 Etiam
252 2340 416 2371 amabilem
427 2346 458 2371 et
473 2341 632 2371 liberalem
645 2340 792 2372 describit

136 2390 219 2420 hunc
240 2400 355 2430 regem,
380 2399 452 2419 cum
476 2389 579 2419 Schol.
602 2389 726 2419 Homeri
753 2391 791 2420 ad

137 2439 176 2469 11.
192 2439 213 2469 i.
229 2439 304 2468 558.
344 2438 549 2480 Apollodorus
564 2444 594 2468 et
609 2438 660 2468 alii
674 2438 791 2469 elatum

137 2497 208 2517 eum
229 2487 393 2523 finxerunt,
410 2487 487 2517 adeo
507 2493 539 2517 ut
556 2489 668 2518 Jovem
687 2498 719 2517 se
738 2498 792 2529 ap-

137 2535 245 2577 pellari
262 2536 400 2566 voluerit.
434 2537 592 2566 Dissimilis
606 2539 664 2572 sui,
680 2548 740 2567 non
755 2547 791 2568 ea

138 2584 293 2614 hilaritate
322 2584 430 2621 animi,
462 2595 521 2615 non
551 2595 589 2615 ea
626 2584 791 2616 serenitate

138 2632 254 2667 vultus,
279 2644 340 2663 non
361 2644 397 2663 eo
417 2633 578 2674 splendore
596 2633 710 2668 cultus,
733 2644 793 2674 quo

137 2679 217 2710 alias
243 2691 308 2711 esse
333 2681 462 2713 solebat.
508 2682 623 2713 Luctus
646 2682 791 2722 deformat

183 2729 282 2759 VOL.
307 2730 365 2760 IV.

867 1225 1024 1255 hominem
1053 1225 1181 1265 ejusque
1205 1225 1321 1253 domum
1345 1223 1428 1265 apud
1455 1223 1524 1254 Vir-

866 1274 986 1314 gilium,
1002 1274 1078 1303 AEn.
1094 1271 1149 1302 xii.
1166 1273 1241 1302 805.

909 1324 984 1352 276.
1004 1322 1144 1352 Pet-orum
1159 1331 1177 1350 a
1188 1320 1281 1351 sciolo
1292 1319 1434 1350 additum
1446 1330 1524 1355 esse,

867 1372 919 1413 qui
942 1370 1108 1401 crediderit
1126 1371 1162 1401 τὸ
1178 1380 1282 1410 greges
1305 1369 1336 1399 id
1358 1369 1524 1409 requirere,

866 1426 900 1449 ut
930 1421 1073 1449 armentis
1106 1417 1219 1459 opponi
1256 1423 1392 1458 possent,
1418 1422 1524 1448 censet

866 1470 1088 1504 I3urniannus3
1128 1467 1249 1508 praefert
1273 1465 1366 1506 igitur
1394 1476 1432 1496 ex
1462 1477 1524 1496 uno

866 1516 987 1547 Heinsii
1004 1516 1072 1545 MS.
1086 1526 1189 1556 greges
1203 1525 1308 1544 secum.
1332 1514 1440 1544 Posset
1455 1514 1524 1554 qui-

865 1563 937 1593 dem
951 1575 1088 1602 pecorum
1106 1564 1226 1599 abesse,
1243 1562 1294 1593 sed
1312 1562 1412 1603 potuit
1427 1562 1522 1593 etiam

866 1611 938 1641 addi
952 1624 959 1649 3
986 1612 1145 1653 Virgilius,
1162 1612 1236 1641 AEn.
1250 1610 1302 1640 vii.
1317 1612 1393 1640 538.
1425 1611 1523 1644 Quin-

864 1672 918 1700 que
940 1672 1043 1702 greges
1067 1662 1113 1691 illi
1138 1662 1304 1693 balantum,
1328 1660 1420 1699 quina
1443 1661 1523 1689 redi-

865 1710 933 1739 hant
951 1710 1107 1740 Armenta.
1139 1708 1232 1748 Regii
1249 1707 1342 1738 nostri
1356 1718 1460 1749 greges
1472 1719 1523 1747 pe-

862 1768 975 1787 corum.
1025 1758 1138 1788 Per-ora
1159 1756 1221 1787 dici
1239 1757 1370 1786 minores
1392 1757 1520 1792 bestias,

863 1817 946 1841 oves,
980 1806 1092 1842 hircos,
1122 1816 1230 1847 capras
1259 1811 1392 1835 constat.
1438 1805 1520 1835 Hinc

860 1866 966 1893 pecora
993 1861 1023 1885 et
1048 1862 1184 1884 armenta
1210 1853 1254 1883 ita
1279 1853 1520 1894 conjunguntur,

863 1910 897 1934 ut
915 1914 1019 1944 greges
1036 1909 1067 1933 et
1091 1909 1237 1939 armentu,
1260 1901 1348 1932 Curt.
1364 1902 1459 1932 VIII.
1480 1902 1522 1933 iv.

866 1953 903 1982 19
917 1963 925 1989 ;
949 1952 1009 1981 IX.
1026 1951 1089 1982 viii.
1104 1952 1158 1982 29.
1200 1952 1240 1980 Et
1254 1961 1357 1990 greges
1369 1961 1520 1989 pecorum,

863 2000 946 2042 apud
972 2000 1106 2031 eundem
1135 2000 1176 2030 V.
1205 1999 1246 2029 vi.
1279 2000 1326 2029 15.
1373 1998 1519 2029 Trahebat

861 2049 934 2079 felix
952 2050 1080 2079 verbum
1096 2049 1134 2078 ad
1155 2047 1376 2079 declarandum
1395 2047 1519 2078 tardum

861 2098 1015 2129 incessum
1037 2103 1254 2128 armentorum.
1300 2097 1359 2126 Sub
1379 2098 1467 2132 valle,
1487 2097 1518 2127 in

862 2147 960 2184 valle;
987 2146 1055 2176 vide
1080 2147 1305 2181 Burmannum,
1329 2145 1368 2175 ad
1393 2145 1412 2175 i.
1432 2146 1516 2183 684;

859 2195 1012 2231 Tibullus,
1042 2196 1087 2226 ΙΙ.
1114 2194 1159 2224 iii.
1187 2195 1236 2224 19.
1266 2194 1342 2223 valle
1366 2195 1418 2223 sub
1441 2195 1517 2224 altu.

863 2244 962 2283 Opaca
978 2245 1016 2274 ab
1030 2245 1149 2274 umbra.
1183 2242 1211 2272 U
1214 2244 1354 2272 mbrosmn
1367 2244 1518 2281 exquirere

858 2294 965 2323 vallem
985 2293 1131 2333 gregibus
1150 2292 1241 2333 jubet
1264 2291 1375 2331 virgil.
1397 2290 1515 2331 Georg.

858 2341 902 2372 iii.
918 2342 992 2372 331.
1016 2341 1116 2381 quue
1133 2341 1190 2370 sub
1206 2339 1353 2370 calidiore
1367 2338 1448 2368 coelo
1462 2349 1514 2368 ne-

858 2390 1024 2420 cessarium
1041 2394 1116 2420 erat.

900 2440 975 2469 279.
991 2438 1171 2473 Velamenta,
1181 2436 1258 2466 vitta
1271 2446 1356 2466 ramo
1371 2435 1515 2476 oleagino

858 2488 901 2517 ita
929 2486 1132 2521 circumdata,
1162 2491 1196 2515 ut
1229 2484 1301 2514 inde
1338 2483 1516 2524 dependens

860 2546 984 2565 manum
1000 2535 1190 2565 obvolveret.
1235 2533 1342 2563 Talem
1359 2532 1440 2562 enim
1456 2532 1515 2562 vit-

860 2590 958 2614 tatum
988 2593 1107 2613 ramum
1143 2584 1335 2621 praetendere,
1372 2580 1514 2621 praeferre

860 2643 953 2663 manu
983 2632 1125 2662 solebant
1150 2630 1325 2672 supplices;
1350 2630 1513 2664 Homerus,

860 2682 898 2712 Il.
916 2685 953 2712 A.
978 2682 1026 2710 14.
1072 2679 1232 2720 Virgilius,
1254 2678 1306 2709 vii.
1331 2679 1401 2709 154.
1428 2680 1514 2707 ramis

990 2730 1011 2759 F
1028 2731 1041 2759 f
