1779 3130
367 163 987 207 METAMORPHOSEON
1020 163 1140 205 LIB.
1174 163 1309 204 VIII.
1473 164 1529 205 13

150 280 321 334 Solvit,
347 287 404 326 ut
427 294 656 340 egressus
682 278 871 324 ratibus
899 277 1138 324 Curetida
1161 284 1341 324 terram

149 355 401 417 Contigit3
443 362 492 402 et
517 353 689 417 spoliis
714 354 949 400 decorata
972 360 1048 400 est
1071 353 1207 414 regia
1230 353 1360 400 fixis.

148 433 386 479 Creverat
409 431 728 494 opprobrium
753 430 975 492 generis3
1016 430 1302 492 foedumque
1328 432 1532 494 patebat

148 509 325 555 Matris
351 509 666 562 adulterium,
694 507 901 554 monstri
926 507 1143 553 novitate
1165 507 1402 554 biformis.
1440 510 1530 554 156

149 585 381 632 Destinat
404 586 534 631 hunc
559 583 723 630 Minos
742 583 971 631 thalamis
999 599 1248 630 removere
1273 583 1529 646 pudorem,

149 661 520 724 Multiplicique
545 661 709 715 domo,
736 661 985 722 caecisque
1011 660 1262 706 includere
1287 659 1450 706 tectiS.

150 737 401 793 Daedalus,
429 737 626 799 ingenio
651 737 801 784 fabrae
826 737 1178 784 celeberrimus
1204 736 1339 791 artis,

151 812 301 860 Ponit
316 830 439 876 opus
457 831 467 870 3
497 814 765 876 turbatque
777 820 937 868 notaS,
956 820 1005 860 et
1019 813 1207 860 lumina
1224 813 1411 859 flexum
1443 815 1533 859 160

149 981 216 1012 cuis
231 982 313 1022 affigi
330 982 489 1019 solebant3
513 981 626 1022 quibus
641 981 810 1022 antiquitas

149 1031 378 1060 venerationem
392 1037 423 1061 et
439 1031 634 1071 majestatem
651 1032 786 1070 augebat
801 1043 807 1060 z

152 1090 189 1109 ea
202 1085 386 1120 consumpta
398 1079 480 1109 refici
497 1090 556 1109 non
571 1084 636 1109 erat
652 1089 726 1109 mos.
751 1080 810 1110 Pe-

150 1128 244 1158 rizon.
262 1127 430 1158 Animadv.
447 1128 554 1158 histor.
570 1138 640 1169 cap.
658 1128 690 1157 7.

199 1178 268 1208 155.
294 1177 501 1216 opprobrium,
525 1176 734 1212 Minotaurus,
757 1177 810 1217 qui

152 1225 314 1267 opprobrio
333 1231 399 1257 erat
421 1225 567 1265 (Heroid.
591 1225 633 1255 iv.
662 1225 731 1263 57.)
749 1228 809 1256 cri—

153 1287 217 1305 men
239 1277 352 1311 matris,
376 1274 422 1305 illi
445 1277 560 1316 generi,
579 1275 645 1315 jam
665 1275 808 1306 adoleve-

152 1331 209 1359 rat,
226 1330 256 1354 et
271 1323 345 1354 dum
362 1331 525 1354 monstrum.
540 1323 617 1354 illud
643 1325 764 1364 (usin-me
779 1324 811 1355 in

152 1373 239 1413 regia
254 1383 389 1407 versans,
416 1376 557 1407 novitate,
583 1372 733 1403 inusitata
755 1384 811 1404 sua

152 1422 250 1452 forma
273 1427 304 1452 et
328 1428 448 1457 natura,
465 1421 608 1451 omnibus
632 1422 811 1463 spectaculo

155 1477 231 1506 erat,
257 1472 377 1510 putebat
404 1470 542 1511 quotidie
563 1471 669 1500 matris
692 1472 811 1501 adulte-

153 1522 371 1563 riumjirdimz,
395 1519 425 1549 id
444 1527 501 1556 est,
516 1530 534 1549 a
552 1525 662 1549 natura
677 1519 813 1550 humana

155 1570 334 1600 abhorrens.
393 1569 499 1599 Minos
536 1568 630 1609 igitur
671 1571 811 1604 destinat,

155 1617 329 1653 constituit,
356 1618 434 1652 vult,
464 1617 546 1648 hunc
575 1619 727 1656 pudorem,
756 1617 812 1648 hoc

155 1673 335 1701 monstrum,
348 1666 429 1706 quod
442 1665 470 1696 ei
483 1665 592 1707 pudori
606 1671 671 1695 erat
684 1665 745 1706 (sic
756 1677 812 1705 pu-

156 1718 210 1746 dor
225 1722 256 1745 et
271 1715 314 1745 ix.
325 1714 416 1754 577.)
435 1725 579 1745 removere
601 1715 640 1744 ab
657 1714 729 1744 aula
744 1724 813 1745 sua.

204 1765 273 1795 158.
290 1763 514 1803 Multiplicique
527 1765 619 1799 domo,
629 1763 815 1804 etc.]1nge-

158 1812 332 1843 niosissima
356 1811 524 1853 descriptio
547 1811 717 1852 labyrinthi
739 1812 814 1843 Cre-

158 1860 263 1896 tensis,
300 1860 333 1890 in
367 1871 430 1901 qua
466 1866 537 1891 aute
570 1860 676 1891 oculos
707 1860 816 1891 habuit

158 1909 337 1945 AEneidem,
366 1921 396 1939 v.
425 1910 487 1939 588
516 1920 586 1950 sqq.
632 1909 747 1940 Confer
784 1916 813 1940 et

160 1959 330 1994 Catullum,
353 1957 407 1988 lxi.
435 1959 514 1995 112,
539 1958 687 1993 Plinium,
710 1958 816 1989 xxxvi.

162 2010 221 2046 133
245 2007 428 2043 Diodorum,
448 2007 468 2037 i.
487 2009 540 2038 61.
563 2007 716 2038 Struxisse
741 2007 816 2038 Dae-

159 2058 264 2088 dalum
295 2056 353 2087 hoc
382 2056 547 2086 aedificium
585 2055 625 2086 ad
657 2057 817 2098 exemplar

160 2105 344 2147 AEgyptiaci
359 2105 452 2141 illius,
464 2105 518 2136 sed
531 2106 732 2136 centesimam
748 2111 816 2136 tan-

161 2162 226 2186 tum
250 2154 316 2195 ejus
336 2160 456 2195 partem
478 2153 633 2184 imitatum
653 2165 730 2190 esse,
747 2165 816 2195 quae

159 2204 303 2234 itinerum
320 2204 479 2243 ambages,
494 2213 703 2244 occursusque
724 2210 755 2234 et
770 2215 817 2235 re-

160 2264 267 2284 cursus
291 2253 526 2294 inexplicabiles
552 2253 733 2288 contineret,
750 2263 815 2284 cre-

160 2303 223 2333 bris
252 2301 367 2332 foribus
392 2301 499 2332 inditis
525 2301 564 2331 ad
590 2301 741 2332 fallendos
767 2313 818 2332 oe-

161 2361 278 2386 cursus,
294 2350 550 2391 redeundumque
572 2350 605 2380 in
623 2361 739 2381 errores
754 2361 820 2381 eos-

162 2399 246 2436 dem,
269 2405 376 2430 auctor
398 2404 445 2430 est
471 2399 603 2435 Plinius,
631 2399 714 2430 dicto
738 2399 818 2431 loco.

162 2447 224 2478 Sed
241 2458 337 2489 quum
353 2458 444 2477 nemo
460 2448 608 2478 Veterum
632 2447 689 2478 hoe
711 2458 819 2478 monu-

163 2503 303 2528 mentum
320 2497 385 2538 ipse
403 2497 523 2533 viderit,
539 2508 640 2538 neque
656 2498 819 2535 Homerus,

164 2546 217 2587 qui
239 2557 322 2588 saepe
344 2547 471 2577 Cretam
501 2546 619 2582 laudat,
644 2547 710 2588 ejus
730 2557 818 2577 men-

162 2595 278 2626 tionem
303 2596 421 2631 feceiit‚
439 2606 536 2637 quum
558 2595 693 2637 denique
708 2606 818 2638 parum

164 2644 312 2675 credibile
335 2645 384 2681 sit,
402 2645 467 2686 jam
493 2644 717 2686 antiquissimis
740 2650 817 2676 tem-

164 2694 289 2734 poribus
327 2694 387 2725 tale
431 2700 614 2735 tantumque
653 2694 816 2725 aedificium

875 993 941 1013 esse
964 987 1153 1017 extructum,
1172 993 1232 1012 non
1252 982 1360 1012 dubito
1386 981 1536 1013 accedere

877 1030 1039 1062 senteutiae
1068 1030 1202 1061 Cedreni
1228 1037 1259 1062 et
1284 1029 1535 1071 Eustathii‚quae

876 1080 1056 1111 confirmata
1081 1079 1175 1110 etiam
1203 1084 1250 1109 est
1287 1089 1305 1109 a
1338 1078 1532 1120 Tournejfart,

882 1129 998 1169 l'oyuge
1013 1131 1055 1159 du
1072 1129 1200 1163 Levant,
1217 1134 1293 1158 tom.
1311 1127 1332 1157 i.
1350 1138 1381 1168 p.
1398 1128 1439 1158 65
1454 1139 1460 1156 :
1484 1128 1532 1158 fu-

876 1177 935 1208 isse
961 1188 1071 1218 nempe
1100 1177 1311 1217 labyrinthum
1340 1175 1430 1225 ill-,um
1457 1174 1535 1206 nihil

878 1226 974 1262 alind,
1003 1226 1062 1256 nisi
1090 1226 1273 1267 speluncam
1302 1226 1535 1256 subterraneam

878 1286 948 1305 eum
978 1275 1084 1305 multis
1110 1274 1304 1315 ambagibus,
1335 1273 1367 1303 in
1397 1284 1460 1315 qua
1487 1284 1535 1304 ars

879 1324 1032 1365 adjuverit
1058 1330 1210 1353 naturam.
1256 1322 1372 1354 Confer
1404 1324 1535 1364 Goguet,

881 1385 933 1403 ron
955 1373 1062 1412 Urspr.
1078 1374 1107 1403 d.
1126 1373 1258 1407 Gesetze,
1276 1377 1353 1402 tom.
1370 1370 1403 1402 ii.
1418 1383 1450 1412 p.
1467 1373 1538 1403 185.

882 1422 992 1452 Domus
1013 1423 1179 1460 ‘rnultiplen
1216 1420 1437 1462 Apollodorus,
1453 1420 1538 1451 dicto

878 1470 958 1506 loco,
987 1470 1103 1511 οἴκημα
1134 1471 1282 1510 καμπαῖς
1314 1469 1538 1506 πολυπλόκοις

880 1520 1023 1550 πλανῶν
1048 1520 1111 1557 τὴν
1134 1518 1254 1554 ἔξοδον.
1303 1518 1404 1554 Caecis,
1420 1519 1451 1549 in
1469 1518 1540 1559 qui-

880 1568 937 1598 bus
974 1567 1078 1598 nullus
1124 1572 1316 1608 prospectus.
1376 1566 1539 1608 Virgilius,

880 1616 963 1646 dicto
980 1616 1058 1652 loco,
1076 1618 1155 1646 caecis
1170 1617 1343 1654 parietibus.

926 1667 997 1696 159.
1015 1666 1169 1700 Daedalns,
1191 1675 1304 1705 genere
1326 1663 1540 1701 Atheniensis,

882 1725 920 1745 ex
944 1715 981 1746 iis
1005 1726 1082 1746 unus
1104 1715 1157 1756 qui
1176 1716 1364 1745 Ereclztlzidae
1380 1718 1541 1750 vocantur,

883 1763 960 1794 adeo
986 1764 1154 1805 praeclarus
1169 1763 1229 1793 fuit
1246 1763 1444 1798 architectus,
1461 1769 1496 1793 ut
1511 1767 1543 1793 et

882 1823 976 1854 opera
1002 1813 1147 1854 quaedam
1172 1811 1315 1842 miranda
1339 1811 1489 1847 effecerit,
1512 1817 1544 1841 et

883 1868 1002 1892 statuas
1029 1871 1099 1902 quae
1130 1860 1280 1902 aspicere,
1305 1860 1542 1901 ambulareque,

883 1916 915 1940 et
938 1910 1054 1951 spirare
1080 1909 1275 1945 videbantur,
1300 1908 1472 1946 effinxerit,
1497 1915 1544 1939 at-

884 1970 944 2000 que
961 1959 1032 1989 hinc
1051 1959 1192 1989 Dacialea
1201 1964 1314 1989 vocant
1330 1957 1434 1988 Graeci
1450 1968 1544 2000 opera

885 2008 1074 2049 αὐτόμαται
1100 2007 1158 2038 hoc
1182 2013 1240 2043 est,
1260 2018 1330 2048 quae
1354 2012 1464 2048 sponte
1489 2017 1544 2038 sua

884 2063 1056 2093 moventur,
1082 2063 1137 2088 aut
1152 2067 1260 2088 vocem
1286 2056 1395 2087 edunt.
1443 2057 1543 2087 Fabra

884 2118 944 2142 ars,
966 2106 1185 2137 architectura.
1229 2107 1357 2147 Ingenio
1384 2107 1470 2142 artis,
1493 2105 1542 2141 iis,

885 2166 953 2197 quae
970 2155 1129 2196 ingeniose
1150 2154 1268 2185 invenit
1282 2154 1314 2184 in
1331 2164 1367 2184 ea
1381 2159 1456 2185 arte.
1493 2153 1541 2184 Si—

885 2203 999 2234 militer
1021 2214 1115 2245 prope
1139 2203 1269 2238 Plinius,
1294 2213 1445 2244 panegyr.
1467 2201 1544 2233 xlix.

887 2254 918 2283 7.
943 2255 1065 2294 ingenia
1093 2264 1256 2287 mnarum,
1278 2252 1332 2282 ubi
1349 2251 1419 2282 vide
1444 2257 1544 2282 notas.

890 2303 1003 2332 Turlmt
1026 2309 1118 2337 notas,
1133 2301 1252 2332 scilicet
1267 2302 1397 2336 viarum,
1415 2301 1543 2332 confun-

887 2351 933 2381 dit
958 2361 1021 2386 eas,
1046 2361 1106 2382 non
1131 2361 1201 2380 suas
1225 2349 1338 2391 cuique
1363 2349 1419 2379 <lat
1444 2355 1544 2385 notas,

887 2399 941 2430 sed
960 2399 1102 2429 omnibus
1123 2398 1259 2429 easdem.
1306 2398 1389 2428 Hinc
1405 2398 1544 2439 dignosci

889 2459 949 2478 non
974 2453 1126 2490 poterant.
1172 2447 1332 2487 Virgilius,
1349 2447 1432 2478 dicto
1451 2447 1542 2477 loco:

888 2509 946 2537 qua
968 2499 1054 2538 signa
1078 2498 1216 2537 sequendi
1234 2497 1364 2527 Fallere!
1384 2499 1544 2535 indepren-

887 2557 935 2575 sus
970 2552 999 2576 et
1033 2547 1228 2576 irremeabilis
1263 2556 1359 2576 error.
1419 2545 1545 2576 Fleaum

887 2594 1020 2635 poetice,
1037 2594 1112 2635 quia
1132 2594 1191 2636 ipsi
1215 2595 1383 2631 anfractus,
1399 2596 1544 2635 ambages,

887 2643 971 2674 flexi.
1019 2643 1190 2684 Virgilius:
1216 2647 1274 2685 ipse
1294 2646 1372 2676 dolos
1391 2644 1465 2676 tecti
1480 2656 1542 2674 am-

889 2694 1029 2733 bagesque
1045 2693 1173 2724 resolvit.
