1779 3130
384 149 1003 193 METAMORPHOSEON
1037 149 1156 190 LIB.
1190 150 1281 192 XI.
1436 152 1521 193 215

139 266 304 314 Tertia
323 266 478 314 forma
500 266 594 313 fuit
614 265 877 312 maculosae
898 264 1114 325 tigridis;
1144 264 1228 311 illa
1426 268 1521 311 245

139 341 359 389 Territus
384 342 614 390 AEacides
640 358 668 389 a
691 357 895 404 corpore
920 342 1124 388 brachia
1149 342 1307 388 solvit.

142 418 263 465 Inde
292 419 426 465 Deos
450 419 631 482 pelagi,
657 419 768 464 vino
795 434 942 481 super
967 434 1169 480 aequora
1191 418 1316 472 fuso,

141 494 206 540 Et
231 495 422 557 pecoris
447 495 600 550 fibris,
628 501 678 541 et
701 494 836 540 fumo
864 496 985 541 turis
1012 495 1199 541 adorat.

143 570 314 617 Donec
343 570 646 634 Carpathius
672 571 836 618 medio
862 571 925 618 de
951 572 1147 634 gurgite
1171 578 1325 625 vates,

143 652 172 670 “
194 646 446 701 AEacida‚⁷'
473 647 616 700 dixit,
645 653 675 670 ‘⁶
699 647 929 693 thalamis
955 647 1145 710 potiere
1171 647 1355 709 petitis.
1428 651 1524 695 250

140 722 215 769 Tu
241 724 404 778 modo,
433 740 586 786 quum
612 723 776 785 gelido
802 724 966 786 sopita
989 723 1216 785 quiescet
1239 723 1288 769 in
1314 730 1467 779 antro,

142 798 371 860 Ignaram
398 801 588 863 laqueis
614 801 876 863 vincloque
902 801 1100 847 innecte
1121 799 1299 846 tenaci.

143 875 250 923 Nec
277 884 325 923 te
350 877 569 939 decipiat
592 885 792 924 centum
813 877 1021 924 mentita
1038 877 1244 938 figuras3
1279 875 1526 937 [formet.''

143 952 243 999 Sed
270 970 439 1016 preme
465 954 710 1016 quidquid
737 955 844 1010 erit,
872 955 990 1000 dum
1020 954 1154 1015 quod
1187 953 1280 1000 fuit
1303 960 1418 1001 ante
1450 970 1523 1000 re-

145 1028 355 1075 Dixerat
380 1030 486 1075 haec
514 1030 745 1086 Proteus,
770 1037 820 1077 et
844 1030 1067 1076 condidit
1092 1045 1289 1091 aequore
1308 1031 1523 1086 vultum;

140 1104 459 1167 Admisitque
486 1123 600 1152 suos
628 1106 676 1152 in
701 1107 852 1154 verba
876 1107 1141 1153 novissima
1160 1106 1358 1154 fluctus.
1430 1109 1526 1153 256

141 1180 336 1227 Pronus
362 1188 467 1228 erat
491 1181 653 1238 Titan,
681 1182 1019 1245 inclinatoque
1044 1182 1249 1229 tenebat

143 1256 442 1321 Hesperium
468 1266 665 1306 temone
690 1259 897 1316 fretum3
939 1275 1093 1321 quum
1125 1258 1331 1321 pulchra
1354 1258 1525 1306 relicto

141 1333 317 1382 Nereis
344 1335 616 1397 ingreditur
641 1343 880 1383 consueta
903 1335 1087 1381 cubilia
1111 1341 1283 1398 ponto.

139 1410 237 1458 Vix
262 1412 390 1459 bene
415 1412 660 1474 virgineos
687 1413 870 1460 Peleus
897 1413 1144 1459 invaserat
1171 1417 1321 1466 artus,

183 1565 256 1595 249.
282 1566 480 1605 Carpathium
505 1577 600 1602 mare,
618 1566 797 1608 Carpathon

140 1613 272 1644 insulam
307 1625 401 1656 prope
434 1616 608 1657 AEgyptum
645 1616 798 1647 ambiens.

140 1663 178 1692 In
202 1673 237 1693 eo
260 1662 362 1693 Protei
384 1663 484 1699 sedes,
499 1665 575 1695 forte
599 1664 673 1705 quia
694 1665 800 1695 fabula

139 1712 206 1752 ejus
221 1722 259 1743 ex
279 1714 416 1753 [Egypto
431 1712 462 1742 in
479 1714 635 1744 Graeciam
651 1713 799 1744 translata

142 1766 217 1790 erat.
254 1761 433 1791 Secundum
444 1761 668 1803 Apollodorum
683 1761 798 1792 Peleus

139 1821 200 1840 non
217 1821 235 1840 a
251 1811 371 1846 Proteo,
383 1810 437 1841 sed
454 1821 470 1841 a
487 1811 621 1842 Chirone
640 1810 799 1847 edocetur,

140 1870 204 1900 qua
216 1865 279 1890 arte
290 1859 444 1901 capienda
453 1860 492 1890 sit
503 1862 574 1891 Dea
586 1859 690 1890 maris.
714 1860 797 1890 Auc-

140 1914 188 1938 tor
209 1908 395 1948 Argumenti
421 1909 606 1950 Neptunum
637 1908 799 1943 admiscet,

141 1957 195 1998 qui
217 1967 234 1988 a
250 1958 344 1987 Peleo
359 1957 503 1998 placatus
517 1968 624 1999 preces
645 1957 712 1998 ejus
727 1957 800 1988 Pro-

140 2012 191 2036 teo
206 2006 480 2037 commendaverit.

184 2056 258 2086 253.
294 2056 423 2086 Mentiri
449 2061 484 2085 ut
504 2066 535 2085 v.
559 2056 632 2086 326.
655 2061 687 2086 et
709 2066 802 2096 saepe.

141 2105 197 2134 Sed
210 2115 320 2143 preme,
336 2104 368 2134 id
384 2110 430 2134 est
444 2104 595 2135 tenaciter
614 2109 696 2135 tene.
743 2105 802 2134 Re-

130 2153 282 2193 formare,
306 2152 339 2182 in
364 2153 495 2193 priorem
519 2153 647 2183 sormam
672 2158 803 2188 mutare,

142 2207 176 2231 ut
190 2201 233 2231 ix.
249 2202 321 2231 400.
336 2202 516 2242 resin-matus
534 2204 563 2231 in
578 2204 685 2240 primos
700 2212 802 2232 annos.

141 2249 203 2279 Sed
220 2260 300 2280 nunc
315 2249 522 2285 intransitive,
542 2250 573 2280 in
592 2250 724 2291 priorem
740 2249 800 2280 for-

141 2309 224 2328 mam
240 2298 349 2333 rcdire,
365 2310 396 2329 se
414 2304 544 2329 mutare.

185 2348 260 2377 256.
277 2348 472 2387 Admisitque,
484 2347 560 2387 etc.]
580 2346 756 2387 Ingeniose‚
771 2351 802 2376 ut

141 2393 173 2426 ii.
189 2396 263 2425 363.
279 2402 373 2426 cor-tet
390 2398 419 2425 in
438 2397 522 2425 verbu
540 2397 691 2425 novissima
710 2398 800 2425 venit.

186 2444 259 2474 257.
285 2444 386 2474 Prona
409 2443 554 2474 dicuntur
577 2443 689 2479 sidera,
706 2454 801 2484 quum

142 2492 183 2523 ad
206 2503 351 2523 occasum
374 2498 516 2533 vergunt.
561 2492 666 2523 Etiam
693 2504 803 2531 pronus

142 2543 283 2576 mundus,
307 2552 378 2582 pars
404 2541 476 2572 eoeli
500 2540 722 2574 occidentalis:
747 2542 801 2571 Se-

144 2600 222 2620 neca
239 2591 330 2621 Herc.
347 2592 420 2620 Fur.
437 2591 505 2621 125,
556 2591 609 2620 Vm
623 2602 718 2630 prona
732 2589 804 2620 solis

145 2637 316 2669 occidentis
331 2649 424 2680 supra
438 2638 470 2670 ii.
487 2640 546 2677 673
569 2639 631 2670 vid.
647 2638 803 2669 Brouckh.

147 2685 186 2716 ad
206 2686 411 2727 Propertium,
427 2688 454 2717 I.
470 2688 531 2718 xvi.
547 2688 602 2718 23.
650 2688 700 2717 De
715 2688 805 2717 ineli-

1427 1415 1524 1458 260

867 1573 936 1597 nato
953 1574 1064 1597 temone
1079 1564 1150 1596 vide
1162 1565 1202 1596 ad
1219 1577 1249 1596 X.
1268 1566 1341 1596 447.
1390 1566 1527 1599 Tenebat.

869 1616 1011 1646 Tenemus
1026 1615 1126 1646 locum
1141 1625 1233 1656 quem
1247 1615 1416 1656 attigimus.
1442 1616 1526 1648 Auc-

868 1671 913 1696 tor
941 1665 1126 1705 Argumenti
1156 1664 1362 1695 meridianum
1395 1666 1527 1697 calorem

867 1714 1015 1744 nominat.

909 1764 982 1793 260.
1011 1763 1065 1792 Vit·
1090 1765 1158 1793 bene
1184 1768 1267 1792 amat
1290 1762 1412 1798 Noster,
1436 1769 1470 1793 ut
1495 1764 1528 1795 ii,

866 1812 926 1849 47;
950 1813 1035 1842 Fast.
1049 1823 1079 1842 v.
1097 1813 1179 1849 2783
1202 1811 1243 1842 vi.
1259 1812 1333 1841 513.
1380 1812 1462 1842 Bene
1477 1813 1527 1843 hic

866 1859 988 1890 videtur
1009 1870 1123 1898 augere
1140 1860 1201 1890 vim
1224 1861 1281 1890 τοῦ
1301 1862 1360 1890 vix.
1406 1861 1526 1891 Peleus.

867 1909 993 1944 Peleus,
1011 1909 1112 1949 inquit
1134 1908 1326 1949 Fulgentius,
1342 1914 1389 1939 est
1411 1911 1528 1948 πηλὸς,

868 1958 978 1992 lutum,
993 1962 1084 1993 terra,
1096 1957 1127 1987 id
1142 1962 1200 1993 est,
1212 1967 1300 1994 caro;
1316 1957 1424 1987 Thetis
1435 1968 1527 1999 aqua,

867 2005 900 2036 id
924 2010 983 2041 est,
1008 2005 1139 2043 humor;
1162 2005 1296 2046 Jupiter,
1321 2006 1374 2046 qui
1397 2011 1529 2047 utraque

869 2054 970 2095 gignit
992 2061 1024 2085 et
1047 2054 1218 2095 conjungit,
1239 2060 1285 2084 est
1307 2054 1398 2094 ignis,
1426 2054 1456 2085 id
1483 2061 1529 2086 est

870 2103 993 2133 anima:
1019 2102 1091 2133 hinc
1106 2108 1198 2133 natus
1208 2108 1254 2132 est
1264 2102 1415 2139 Achilles,
1426 2103 1457 2133 id
1473 2110 1530 2141 est,

870 2151 960 2181 homo
975 2151 1140 2190 perfectus.
1188 2151 1281 2180 Nocet
1297 2151 1417 2187 formas,
1429 2152 1461 2182 in
1476 2163 1528 2183 no-

870 2210 924 2230 vas
939 2210 1060 2240 semper
1075 2199 1188 2229 formas
1208 2199 1331 2234 transit,
1348 2205 1383 2229 ut
1402 2200 1436 2230 ii.
1452 2202 1527 2232 648.

870 2248 930 2278 Pro
952 2249 1047 2278 tendit
1073 2258 1089 2277 e
1112 2247 1250 2288 margine
1267 2248 1389 2288 Gryph.
1406 2248 1480 2279 edit.
1498 2256 1529 2280 et

869 2306 940 2327 curn
964 2296 1092 2327 Mitsch.
1111 2295 1184 2326 dedi
1212 2298 1304 2331 tendi,
1327 2296 1408 2336 quod
1434 2297 1528 2328 etiam

869 2344 999 2375 Heinsio
1015 2345 1181 2380 arridebat,
1196 2345 1248 2385 qui
1272 2344 1357 2375 addit
1372 2357 1377 2373 :
1405 2346 1441 2375 In
1457 2356 1527 2387 par-

870 2399 915 2423 tes
924 2393 1061 2425 diversas
1074 2393 1242 2424 tenduntur
1253 2393 1393 2429 brachia,
1405 2395 1529 2435 quando

869 2442 1005 2482 ligantur
1042 2448 1110 2483 post
1148 2447 1278 2482 tergum.
1324 2441 1462 2483 Ideoque
1499 2450 1530 2475 et

869 2502 985 2521 aversas
1000 2491 1100 2521 malit.
1147 2491 1218 2521 Sine
1234 2501 1339 2521 causa.
1385 2492 1434 2522 De
1451 2493 1529 2534 liga-

869 2539 952 2569 tione
968 2545 1035 2580 post
1054 2546 1175 2580 tergum
1191 2550 1251 2570 non
1265 2545 1312 2570 est
1331 2550 1441 2577 sermo,
1457 2548 1527 2573 tan·

871 2593 937 2618 turn
961 2588 999 2618 de
1021 2587 1166 2619 distentis
1184 2588 1330 2619 brachiis.
1376 2590 1527 2622 Nonnulli

871 2636 964 2666 etiam
978 2637 1086 2678 legunt
1102 2639 1221 2668 brachia
1238 2639 1369 2674 tendens,
1388 2638 1463 2669 Tum
1479 2642 1527 2671 de-

871 2696 961 2720 mum,
977 2691 1039 2715 etc.
