1779 3130
239 176 324 218 470

618 172 668 213 Ρ.
702 171 915 214 OVIDII
949 173 1229 215 NASONIS

239 289 475 338 AEneadae
501 294 740 352 praestant
765 295 814 335 et
838 294 1008 335 mente
1032 294 1083 335 et
1105 304 1226 335 voce
1252 288 1484 336 favorem.

238 368 430 414 Annuit
454 366 559 423 his3
589 366 839 428 motisque
863 365 1002 412 Deus
1023 373 1130 412 rata
1154 365 1361 428 pignora
1384 366 1563 421 cristis,

240 444 337 491 Ter
361 443 573 507 repetita
597 443 738 490 dedit
762 443 951 490 vibrata
976 443 1120 489 sibila
1145 442 1329 504 lingua.

239 520 368 567 Tum
394 520 630 583 gradibus
657 520 824 567 nitidis
851 520 1114 574 delabitur,
1141 535 1328 582 oraque
1353 525 1483 567 retro
1536 522 1632 566 685

237 597 434 652 Flectit,
462 604 513 643 et
537 596 769 658 antiquas
797 597 1021 643 abiturus
1049 596 1254 659 respicit
1278 612 1405 650 aras,

235 673 582 736 Assuetasque
607 673 798 727 domos,
826 673 1153 735 habitataque
1181 673 1369 736 templa
1394 673 1594 720 salutat.

237 750 363 798 Inde
388 766 477 814 per
501 749 699 811 injectis
727 749 1017 812 adopertam
1038 749 1242 796 fioribus
1265 750 1440 811 ingens

240 828 407 891 Serpit
421 828 644 879 humum,
662 825 926 888 flectitque
943 826 1096 882 sinus,
1115 827 1432 889 mediamque
1450 843 1536 890 per
1551 843 1630 873 ur-

238 903 422 951 Tendit
446 904 507 950 ad
534 903 735 950 incurvo
762 903 980 949 munitos
1007 919 1187 964 aggere
1213 911 1402 966 portus.

1493 904 1630 965 [bem

235 981 444 1028 Restitit
468 981 546 1026 hic
568 999 577 1036 ;
609 995 889 1042 agmenque
912 996 1073 1035 suum,
1092 981 1354 1043 turbaeque
1375 981 1630 1043 sequentis

237 1058 469 1104 Officium
497 1056 693 1119 placido
718 1055 853 1102 visus
879 1056 1128 1104 dimittere
1155 1057 1309 1112 vultu,

240 1135 436 1198 Corpus
463 1134 512 1179 in
538 1133 762 1179 Ausonia
787 1133 955 1196 posuit
980 1141 1111 1180 rate:
1141 1133 1356 1180 numinis
1383 1132 1466 1180 illa

241 1211 410 1258 Sensit
435 1227 588 1267 onus3
631 1225 906 1273 pressaque
934 1209 1029 1257 Dei
1055 1210 1294 1272 gravitate
1320 1209 1488 1257 carina

237 1287 475 1335 AEneadae
502 1287 737 1349 gaudent,
765 1303 999 1348 caesoque
1025 1287 1075 1332 in
1100 1286 1243 1333 litore
1268 1294 1408 1333 tauro

1533 1288 1630 1333 695

223 1364 388 1412 ‘Torta
413 1370 660 1411 coronatae
687 1363 885 1410 solvunt
907 1363 1181 1410 retinacula
1206 1363 1332 1410 navi.

305 1441 580 1504 Impulerat
604 1439 726 1486 levis
752 1455 871 1486 aura
896 1447 1080 1486 ratem:
1112 1440 1250 1486 Deus
1272 1440 1457 1487 eminet
1481 1440 1596 1494 alte,

238 1517 582 1581 Impositaque
609 1533 840 1580 premens
867 1518 1075 1580 puppini
1098 1517 1290 1564 cervice
1311 1532 1565 1564 recurvam

239 1595 494 1641 Caeruleas
520 1595 784 1657 despectat
803 1610 987 1656 aquas;
1018 1594 1330 1656 modicisque
1357 1609 1445 1657 per
1465 1608 1633 1655 aequor

234 1671 430 1718 Ionium
457 1671 701 1734 Zephyris
727 1680 870 1718 sexto
898 1671 1209 1718 Pallantidos
1235 1679 1345 1718 ortu

278 1794 350 1824 686.
380 1794 553 1832 Antiquas3
592 1793 663 1823 vide
701 1793 741 1824 ad
773 1793 792 1823 i.
825 1794 897 1824 116.

233 1842 342 1874 Valer.
367 1843 547 1873 Maximus:
578 1847 599 1859 “
617 1844 678 1873 Per
701 1843 786 1873 urbis
815 1844 897 1874 cele-

233 1893 383 1922 berrimas
407 1898 511 1932 partes
533 1891 659 1921 mitibus
677 1892 775 1922 oculis
791 1898 821 1922 et
837 1893 898 1922 levi

233 1947 335 1972 tractu
358 1940 423 1970 labi
447 1940 629 1980 eoepit—ad
654 1940 807 1971 triremem
834 1942 898 1971 Ro-

234 1999 361 2018 manam
378 1987 553 2029 perrexit.’'

277 2039 350 2068 691.
380 2038 485 2067 Turboe
508 2040 653 2078 sequentis
677 2038 818 2078 officium,
835 2045 899 2069 tur-

233 2088 307 2118 bam
334 2086 426 2116 officii
458 2096 552 2116 causa
579 2087 679 2126 ipsum
712 2098 901 2129 prosequen-

234 2142 310 2166 tem.
358 2134 498 2175 Officium
523 2136 652 2165 verbum
683 2136 839 2177 proprium
863 2137 901 2166 de

235 2185 361 2219 honore,
388 2184 441 2225 qui
466 2184 560 2213 alicui
583 2184 715 2214 habetur
739 2186 900 2224 sectando,

234 2232 431 2267 deducendo,
450 2238 513 2263 etc.
563 2234 668 2263 Posuit
692 2241 767 2264 rate.
793 2234 900 2264 Valer.

236 2283 324 2312 Max.
349 2286 368 2298 ¹‘
386 2282 431 2311 Eo
448 2282 631 2312 conscendit
645 2283 698 2313 ubi
714 2285 755 2320 Q.
773 2283 901 2324 Ogulnii

234 2332 329 2372 legati
349 2331 585 2361 tabernaculum
611 2338 686 2367 erat,
703 2331 798 2373 inque
818 2333 897 2362 niul-

235 2378 373 2421 tiplicem
403 2380 521 2412 orbem.
547 2390 601 2421 per
630 2391 785 2410 sumniam
810 2382 896 2422 quie-

235 2434 311 2462 tem,
326 2434 373 2458 est
390 2428 608 2458 convolutus.''

279 2479 353 2507 694.
375 2477 535 2517 Pressaque
555 2478 622 2510 Dei,
639 2479 718 2518 etc]
746 2478 837 2509 Conf.
855 2477 898 2507 iii.

236 2528 308 2557 621.
323 2526 458 2556 Dorvill.
475 2527 505 2556 in
522 2527 628 2557 codice
643 2527 771 2568 antiquo
787 2527 901 2568 reperit

236 2577 341 2605 cni-imi
365 2581 416 2605 est.
462 2575 544 2605 Hinc
568 2575 651 2605 idem
668 2577 757 2606 malit
774 2576 897 2616 legere:

236 2630 264 2654 et
299 2634 395 2663 pressa
425 2624 482 2653 Dei
517 2626 670 2665 grai-italo
705 2626 809 2654 carina·
843 2631 896 2654 est.

238 2673 391 2706 AEneadoe,
409 2679 471 2702 etc.

279 2721 352 2752 695.
380 2722 456 2751 Cam
481 2730 578 2758 taum,

603 2734 640 2753 cx
667 2733 749 2752 more
776 2722 834 2752 soli
843 2732 897 2752 en-

1534 1674 1631 1717 700

965 1794 1041 1824 tium
1067 1793 1366 1835 appellentiunique.
1415 1793 1569 1823 Coronatae
1590 1793 1629 1823 ob

963 1843 1135 1873 discessum
1160 1849 1310 1883 optatum,
1327 1848 1362 1873 ut
1386 1842 1460 1872 alibi
1484 1843 1524 1872 ob
1549 1841 1630 1872 redi-

965 1898 1030 1922 tum
1054 1891 1187 1926 salvum,
1212 1891 1371 1921 hostemve
1390 1892 1522 1921 victum.
1571 1890 1631 1921 Re-

966 1942 1103 1971 tinacula
1120 1942 1200 1970 uari.
1232 1940 1337 1981 Vulgo
1351 1940 1502 1970 edebatur
1518 1941 1632 1969 retina-

965 1991 1033 2019 cula
1049 1991 1166 2028 puppis,
1184 1989 1267 2030 quod
1289 1988 1449 2019 revocavit
1465 1989 1632 2019 Mitscher-

968 2038 1100 2075 lichius;
1135 2038 1192 2068 hoc
1219 2037 1350 2068 mutavit
1375 2037 1533 2072 Heinsius,
1559 2037 1633 2078 quia

969 2087 1062 2117 etiam
1081 2089 1202 2125 puppim
1223 2097 1293 2116 mox
1314 2086 1474 2126 sequitur3
1497 2086 1550 2116 sed
1571 2097 1631 2116 non

970 2136 1105 2166 debebat
1128 2135 1240 2165 mutari
1263 2145 1364 2170 casus,
1381 2142 1412 2165 et
1432 2134 1630 2165 scribendum

969 2191 1036 2215 erat
1052 2187 1148 2218 navis,
1165 2184 1247 2225 quod
1266 2184 1381 2214 habent
1396 2184 1520 2214 codices
1537 2184 1630 2225 Regii

970 2234 1077 2264 nostri.

1014 2284 1086 2313 700.
1104 2283 1256 2322 Zephyris,
1272 2281 1371 2312 ventis
1386 2282 1510 2311 omnino
1526 2292 1533 2318 3
1557 2291 1630 2311 nam

967 2333 1005 2362 ab
1029 2332 1185 2373 Epidauro
1208 2331 1333 2361 Italiam
1358 2331 1535 2372 petentibus
1557 2341 1629 2361 con-

967 2382 1078 2411 trarius
1099 2386 1145 2410 est
1161 2380 1329 2421 Zephyrus.
1376 2380 1536 2409 Lacinium
1560 2390 1630 2421 pro-

967 2430 1151 2460 montorium
1169 2440 1261 2471 prope
1277 2430 1457 2463 Crotonem,
1470 2439 1540 2458 cum
1557 2435 1629 2459 tem-

965 2481 1014 2518 plo
1036 2478 1173 2509 Laciniae
1196 2478 1339 2513 junonis,
1357 2483 1466 2508 sancto
1485 2478 1629 2508 omnibus

968 2528 1050 2558 circa
1066 2528 1188 2568 populis
1203 2538 1209 2563 ;
1225 2528 1343 2562 Livius,
1360 2527 1443 2556 xxiv,
1460 2528 1489 2557 3.
1522 2527 1627 2567 Scyla—

968 2588 1051 2607 ceum
1064 2577 1113 2606 vel
1126 2577 1308 2616 Scylaeium,
1321 2575 1441 2606 colonia
1454 2576 1626 2606 Athenien-

966 2627 1044 2655 sium
1067 2626 1099 2655 in
1123 2627 1209 2655 litore
1229 2625 1298 2655 sita.
1344 2626 1393 2655 De
1412 2625 1540 2666 Iapygia
1556 2625 1627 2655 vide

966 2674 1004 2704 ad
1023 2674 1083 2704 xiv.
1099 2676 1171 2705 458.
1212 2675 1375 2713 Amphissz'a
1389 2685 1468 2709 sam,
1484 2683 1626 2714 promon-

966 2724 1075 2754 tonum
1093 2725 1283 2761 Locsofurng
1309 2723 1378 2753 ride
1394 2724 1571 2753 'l’urnebum
1595 2722 1626 2752 in
