1779 3130
352 150 975 196 METAMORPHOSEON
1007 149 1128 191 LIB.
1158 150 1250 191 IX.
1438 151 1495 193 77

112 270 337 318 Tradidit
353 268 543 316 Aonius
564 266 795 330 pavidam
813 265 1128 328 Calydonida
1144 265 1323 313 Nesso.

113 348 253 402 Mox,
270 354 326 394 ut
345 354 465 401 erat,
487 345 819 409 pharetraque
840 342 1017 405 gravis,
1035 343 1295 406 spolioque
1320 343 1492 399 leonis,

113 425 244 472 Nam
268 424 472 478 clavam,
496 430 545 469 et
569 438 745 469 curvos
770 428 904 467 trans
930 419 1086 483 ripam
1107 420 1310 467 miserat
1334 435 1494 475 arcus,

116 507 146 525 “
165 499 586 563 Quandoquidem
611 498 756 561 eoepi,
775 503 1070 560 superentur
1088 496 1338 552 flumina,''
1356 497 1499 543 dixit.

116 578 162 625 N
168 595 224 625 ee
249 577 471 633 dubitat3
513 592 605 622 nee
631 591 731 638 qua
755 573 819 620 sit
843 574 1259 620 clementissimus
1286 574 1444 620 amnis

116 655 321 710 Quaerit,
350 661 401 701 et
425 652 667 715 obsequio
693 651 870 698 deferri
896 651 1086 714 spernit
1106 667 1363 713 aquarum.

115 731 329 794 Jamque
354 739 529 778 tenens
555 730 729 792 ripam,
746 728 923 775 missos
945 745 1098 791 quum
1117 729 1315 776 tolleret
1340 744 1499 783 arcus,

118 808 358 871 Conjugis
385 807 583 869 agnovit
606 822 808 862 vocem;
852 805 1117 869 Nessoque
1143 812 1347 869 parante

118 885 307 932 Fallere
328 884 625 948 depositum,
655 889 684 906 “
705 882 816 937 Quo
841 889 889 929 te
915 882 1144 937 fiducia,''
1167 883 1365 938 clamat,
1411 886 1503 929 120

118 968 147 986 “
161 962 304 1009 Vana
318 962 517 1026 pedum,
529 961 757 1016 violente,
775 960 930 1023 rapit?
957 961 1062 1015 tibi,
1081 960 1243 1008 Nesse
1259 960 1496 1017 biformis,

118 1038 359 1095 Dicimus,
387 1038 585 1093 exaudi,
611 1053 705 1085 nee
730 1053 807 1085 res
832 1038 1073 1102 intercipe
1099 1045 1309 1086 nostras.

121 1116 175 1163 Si
201 1123 250 1164 te
275 1117 412 1163 nulla
436 1116 532 1163 mei
555 1115 829 1164 reverentia
853 1116 1032 1173 movit3
1075 1122 1126 1163 at
1150 1115 1295 1163 orbes

120 1247 200 1272 sum,
213 1246 304 1277 quem
321 1235 410 1267 uncis
425 1245 462 1266 ex
476 1234 603 1266 Heinsio
614 1234 782 1266 incluserat

121 1285 173 1316 Cl.
192 1286 310 1326 Gierig,
326 1284 434 1315 eodem
458 1284 527 1314 loeo
550 1284 666 1315 habent
687 1283 782 1314 nostri

119 1335 212 1376 Regii
227 1335 293 1365 sine
306 1334 393 1365 uncis
406 1339 437 1364 et
446 1333 536 1364 obelo
552 1333 627 1364 ullo.
658 1334 781 1368 Aonius,

121 1384 250 1415 Alcides
265 1384 396 1415 Boeotus
419 1383 485 1414 sive
499 1383 686 1421 Thebanus;
711 1382 782 1413 vide

123 1433 163 1464 ad
179 1433 224 1464 iii.
244 1434 292 1464 13.

169 1484 241 1514 113.
268 1482 309 1513 Ut
333 1489 409 1517 erat,
424 1481 468 1519 ὡς
484 1482 567 1523 εἶχε;
590 1481 661 1512 vide
682 1480 783 1512 Hein—

122 1532 204 1563 sium
216 1531 256 1562 ad
271 1543 301 1562 x.
318 1532 348 1562 7.
387 1532 508 1567 Gravis,
524 1535 680 1572 gravatus,
693 1541 784 1562 onus-

125 1587 188 1612 tus.
235 1582 286 1611 De
325 1591 398 1612 arcu
436 1580 582 1611 Herculis
618 1579 785 1611 admodum

126 1643 229 1667 curvo,
255 1630 327 1661 vide
349 1630 522 1661 lVinkelm.
545 1630 590 1660 H.
616 1630 657 1660 A.
679 1640 710 1671 p.
733 1630 786 1660 98.

128 1681 225 1711 Trans
248 1682 343 1719 ripam
366 1682 499 1715 miserat,
522 1678 734 1709 transmiserat
753 1678 785 1708 in

124 1730 253 1761 alteram
280 1728 389 1770 ripam.
448 1729 538 1759 Unus
574 1738 628 1770 pro
665 1729 785 1758 miserat

125 1780 219 1811 habet
234 1781 366 1818 jecerat,
394 1777 476 1819 quod
505 1778 611 1819 placet
641 1777 784 1813 Ciofano,

125 1839 185 1859 non
201 1828 274 1858 item
286 1827 476 1863 Burmanno,
488 1826 561 1868 quia
573 1826 604 1856 in
618 1836 707 1857 versu
727 1827 784 1857 118

124 1875 273 1917 repetitur
288 1878 383 1907 missos
397 1887 496 1907 arcus.
523 1877 629 1913 Quum
642 1875 680 1906 de
693 1886 785 1907 sensu

125 1924 217 1966 hujus
240 1924 299 1955 loci
323 1935 429 1956 omnes
449 1924 645 1961 conveniant,
662 1930 693 1956 et
712 1935 784 1956 con·

127 1980 187 2005 stet
202 1974 370 2005 Herculem
382 1976 491 2014 jecisse
511 1985 582 2005 suos
597 1985 686 2006 arcus
703 1981 787 2005 trans

126 2023 265 2060 fluvium,
281 2023 506 2065 praeferendam
530 2030 606 2065 puto
622 2023 787 2054 lectionem

127 2072 262 2109 Ciofani‚
278 2083 370 2114 quam
387 2072 483 2103 habet
497 2078 599 2103 noster
613 2072 733 2114 Regius
746 2073 787 2112 A3

128 2121 248 2163 Regius
276 2122 316 2157 B,
342 2123 472 2152 miserat.
517 2122 706 2162 superentur
720 2123 789 2163 flu-

127 2172 208 2200 mina
220 2181 230 2207 ,·
246 2170 350 2201 nando
365 2170 536 2212 trajiciatur
550 2175 649 2201 totum
661 2171 788 2203 flumen.

173 2220 243 2250 116.
261 2220 422 2260 Dubium]
449 2219 556 2250 Haeret
570 2225 599 2250 et
613 2229 718 2250 secum
735 2220 789 2251 de-

127 2268 249 2304 liberat,
265 2279 348 2299 more
364 2279 482 2305 eorum,
500 2268 552 2310 qui
574 2279 622 2299 res
636 2268 786 2311 periculo-

128 2327 178 2347 sas
223 2317 457 2358 aggrediuntur.
528 2318 786 2355 clementissimus,

129 2365 353 2406 quietissimus.
407 2366 560 2407 Obsequio,
606 2373 668 2398 etc.
713 2367 785 2398 Art.

130 2415 238 2446 Amat.
266 2414 298 2446 ii.
333 2416 412 2446 181:
453 2416 594 2457 Obsequio
612 2422 788 2455 tranantur

129 2476 227 2504 aquae:
258 2475 311 2496 nec
334 2467 451 2496 vincere
475 2468 563 2504 possis
590 2466 744 2501 Flumina,
764 2467 788 2495 εἰ

132 2519 247 2549 contra,
264 2525 350 2554 quam
373 2516 455 2554 rapit
476 2516 571 2551 unda,
585 2521 680 2545 nates.
726 2514 787 2545 Sed

131 2562 285 2593 Hercules
313 2562 440 2594 nolebat
468 2564 598 2604 obsequio
626 2574 786 2604 aquarum,

131 2610 190 2641 hoc
214 2617 272 2648 est,
296 2611 341 2642 ita
369 2617 404 2643 ut
426 2613 658 2654 obsequeretur,
682 2623 713 2643 se
738 2623 789 2643 ae-

133 2661 344 2692 commodaret
355 2661 449 2692 fluvio
463 2661 652 2698 decuwenti,
666 2662 790 2703 deferri,

133 2708 275 2740 inferiore
291 2709 359 2741 loco
375 2710 415 2741 ad
437 2711 535 2752 ripam
555 2710 715 2752 pervenire
736 2711 792 2741 ad-

844 1235 974 1276 juvante
987 1244 1080 1275 aqua.
1107 1234 1158 1265 Sic
1171 1243 1295 1275 quoque
1310 1243 1411 1264 mores
1425 1232 1506 1264 Her-

847 1282 927 1314 culis
942 1283 1102 1325 expressit.
1146 1282 1261 1314 Lenzio
1281 1284 1447 1323 obsequium
1460 1288 1507 1314 est

848 1332 880 1363 id
896 1333 979 1374 quod
995 1332 1172 1364 clementia.

895 1383 966 1414 119.
990 1382 1148 1419 Parmam
1181 1382 1290 1414 Codex
1310 1381 1352 1417 A,
1370 1383 1506 1421 paranti,

850 1438 884 1463 ut
895 1432 1045 1474 jungatur
1060 1442 1132 1462 cum
1147 1433 1255 1463 clamat
1266 1442 1276 1468 ,-
1300 1430 1354 1461 sed
1370 1430 1427 1461 hoc
1443 1441 1511 1461 ver—

850 1482 925 1512 bum
941 1479 1039 1511 rarius
1053 1491 1124 1511 cum
1140 1480 1246 1511 dativo
1258 1479 1405 1521 reperitur
1417 1490 1511 1520 quam

852 1537 887 1561 ut
909 1529 1047 1561 omnium
1068 1529 1160 1560 codd.
1175 1535 1206 1560 et
1224 1528 1396 1559 editionum
1416 1528 1513 1570 scrip-

852 1585 922 1610 tura
931 1584 1078 1610 mutetur.
1101 1578 1266 1610 Terentius
1277 1577 1417 1619 quidem,
1427 1577 1516 1609 And.

853 1629 917 1659 III.
933 1628 967 1659 ii.
983 1629 1031 1658 ll.
1044 1630 1106 1659 illis
1121 1639 1183 1668 quae
1198 1634 1270 1658 sunt
1293 1628 1384 1662 intus,
1401 1628 1511 1657 clamat

852 1680 888 1708 cle
900 1680 959 1708 viu.
998 1678 1117 1707 Fallere
1131 1678 1305 1716 depositum,
1316 1686 1422 1717 rapere
1439 1687 1511 1706 con-

848 1727 957 1769 jugem
979 1727 1147 1764 creditam
1171 1726 1225 1757 sed
1244 1725 1323 1756 illud
1344 1725 1513 1766 indignita-

852 1782 914 1808 tem
938 1776 981 1806 rei
1004 1775 1103 1816 magis
1125 1774 1280 1816 exprimit.
1326 1774 1513 1813 Depositum,

853 1825 936 1867 quod
962 1825 1094 1866 alicujus
1120 1824 1193 1854 fidei
1219 1822 1419 1854 commissum
1445 1829 1510 1862 est;

852 1875 905 1917 qui
919 1874 950 1905 id
966 1885 1027 1905 non
1040 1873 1252 1915 reddit,fallit
1266 1876 1439 1913 depositum,
1455 1874 1513 1904 fal-

852 1924 889 1954 lit
910 1934 991 1958 eum,
1009 1924 1062 1964 qui
1082 1923 1275 1965 deposuerat.
1320 1922 1467 1964 Apollod.
1482 1933 1514 1964 p.

858 1973 935 2004 157:
960 1971 976 2003 ὁ
996 1971 1026 2003 δὲ
1051 1971 1297 2014 διαπορθμεύων
1320 1972 1426 2009 αὐτὴν
1445 1971 1515 2003 ἐπε-

853 2022 950 2064 χείρει
962 2021 1140 2062 βιάζεσθαι·
1152 2023 1211 2059 τῆς
1221 2019 1253 2051 δὲ
1263 2020 1516 2062 ἀνακραγούσης

856 2072 1047 2114 αἰσθόμενος
1083 2071 1099 2102 ὁ
1138 2069 1305 2113 Ἡρακλῆς
1340 2070 1513 2106 ἐξελθόντα

857 2121 987 2153 Νέσσον
1013 2120 1152 2156 ἐτόξευσε
1188 2119 1231 2157 εἰς
1269 2120 1333 2158 τὴν
1364 2118 1515 2161 καρδίαν.

856 2171 917 2202 Sed
941 2170 1075 2202 Ovidius
1099 2170 1193 2200 aliam
1218 2169 1367 2201 rationem
1391 2175 1516 2200 secutus

857 2226 914 2257 est,
930 2226 964 2251 ut
979 2226 1009 2251 et
1025 2230 1094 2261 sqq.
1111 2219 1234 2250 docent.

902 2271 974 2300 121.
1013 2268 1168 2310 Brformz's,
1196 2268 1267 2298 vide
1296 2267 1337 2298 ad
1368 2267 1401 2297 ii.
1433 2268 1516 2306 630;

855 2320 981 2350 Semivir
1013 2318 1122 2348 Nessus
1150 2316 1182 2347 in
1214 2315 1342 2347 Heroid.
1368 2315 1411 2346 ix.
1443 2317 1515 2347 141.

857 2369 923 2399 Tibi
948 2369 1074 2398 dicimus
1099 2372 1152 2397 aut
1177 2368 1241 2397 dico
1266 2365 1459 2407 indignantis
1483 2372 1515 2396 et

854 2416 1002 2448 minantis
1035 2416 1187 2454 formula3
1216 2414 1344 2445 Heroid.
1375 2426 1432 2445 xx.
1461 2415 1514 2446 53.

856 2466 959 2497 Graeci
974 2467 1067 2507 φωνῶ
1081 2476 1126 2500 σε,
1141 2470 1194 2495 aut
1208 2465 1295 2494 καλῶ
1309 2475 1355 2494 σε.
1402 2463 1462 2495 Res
1478 2464 1516 2496 de

856 2515 1010 2551 omnibus,
1028 2525 1096 2555 quae
1120 2513 1207 2544 nobis
1232 2513 1394 2548 debentur,
1410 2513 1516 2551 etiam,

856 2570 890 2594 ut
911 2557 1075 2599 hoc'loco,
1103 2563 1141 2594 de
1165 2563 1308 2604 conjuge.
1353 2562 1516 2602 Intercipe.

857 2613 939 2644 Vide
956 2612 995 2642 ad
1009 2611 1072 2643 viii.
1088 2613 1162 2643 291.

905 2661 976 2692 123.
993 2662 1082 2692 Orbes
1096 2663 1234 2701 paterni5
1253 2660 1328 2691 satis
1343 2666 1513 2703 opportune

860 2718 891 2742 et
906 2711 1014 2742 acerbe
1032 2710 1132 2741 Nesso
1146 2710 1177 2741 in
1193 2710 1369 2741 memoriam
1390 2716 1513 2742 revocat
