1779 3130
371 157 984 199 METAMORPHOSEON
1020 158 1137 198 LIB.
1173 158 1311 198 XIII.

1447 157 1531 198 :31:13

148 269 313 318 Pelias
338 288 448 319 esse
474 279 639 335 potest
664 272 947 318 imbellibus
973 273 1115 319 hasta
1140 272 1351 319 lacertis.

146 346 194 393 Ν
198 363 255 394 ec
281 349 505 411 clypeus,
532 348 656 395 vasti
682 349 883 395 caelatus
909 349 1123 410 imagine
1148 349 1334 404 mundi,

1434 350 1524 394 110

145 423 423 471 Conveniet
447 424 646 478 timidae,
670 432 898 485 nataeque
924 426 986 472 ad
1011 425 1138 472 furta
1162 425 1387 471 sinistrae.

144 498 527 546 Debilitaturum
553 499 673 561 quid
697 507 745 546 te
771 501 915 561 petis,
943 501 1181 563 improbe,
1209 500 1420 546 munus?

143 573 290 628 Quod
315 575 404 620 tibi
430 576 468 620 si
495 575 665 638 populi
690 575 946 622 donaverit
971 592 1103 623 error
1127 576 1320 630 Achivi,

143 649 248 696 Cur
272 650 513 713 spolieris,
542 651 650 706 erit,
678 666 791 706 non,
819 667 906 697 cur
930 652 1164 698 metuaris
1191 653 1252 698 ab
1277 652 1445 698 hoste:

140 724 206 772 Et
228 725 360 788 fuga,
382 742 479 788 qua
505 727 610 773 sola
627 734 851 782 cunctos,
876 727 1204 784 timidissime,
1226 728 1396 782 vincis,
1427 730 1516 773 115

139 801 302 849 Tarda
325 802 490 849 futura
514 803 602 849 tibi
628 809 719 857 est,
747 803 1022 864 gestamina
1048 810 1186 850 tanta
1209 804 1439 850 trahenti.

138 878 299 934 Adde,
328 879 462 941 quod
490 879 581 926 iste
607 886 737 934 tuus,
769 887 869 925 tam
895 896 1001 926 raro
1026 880 1194 943 praelia
1217 896 1411 943 passus,

138 953 338 1017 Integer
362 964 439 1003 est
463 956 669 1019 clypeus
692 973 701 1002 :
743 963 925 1011 nostro,
953 957 1038 1019 qui
1063 957 1161 1003 tela
1184 956 1385 1003 ferendo

139 1030 281 1077 Mille
307 1039 446 1094 patet
473 1033 649 1095 plagis,
677 1049 829 1079 novus
858 1040 935 1080 est
959 1049 1216 1080 successor
1241 1032 1514 1080 habendus.

138 1106 386 1170 Denique,
404 1109 524 1170 quid
540 1108 701 1155 verbis
718 1125 842 1172 opus
859 1110 967 1156 est?
994 1117 1278 1172 spectemur
1292 1107 1484 1170 agendo
1503 1123 1512 1152 ε

135 1183 288 1230 Arma
313 1184 399 1230 viri
425 1184 562 1231 fortis
588 1184 776 1231 medios
803 1186 1061 1232 mittantur
1086 1186 1135 1232 in
1160 1187 1355 1241 hostes;

1425 1185 1509 1228 121

136 1258 261 1306 Inde
279 1261 454 1321 jubete
481 1261 600 1323 peti,
627 1269 676 1307 et
701 1260 993 1309 referentem
1019 1269 1190 1308 ornate
1216 1260 1399 1307 relatis.

202 1334 417 1383 Finierat
441 1336 711 1384 Telamone
736 1345 886 1391 satus,
915 1337 1149 1400 vulgique
1176 1344 1403 1384 secutum

181 1512 251 1542 116.
277 1512 406 1543 Trahere
418 1512 576 1553 eleganter
587 1513 626 1544 de
643 1512 790 1554 pondere,

133 1561 216 1600 quod
233 1560 335 1591 tardat
349 1560 543 1592 incedentem
555 1567 586 1592 et
600 1561 769 1602 fugientem
781 1573 789 1600 ;

133 1608 294 1649 Virgilius,
323 1610 437 1650 Georg.
464 1610 508 1640 iv.
539 1611 591 1640 94.
619 1609 658 1640 de
684 1610 788 1645 obeso¹

133 1658 226 1687 latam
242 1659 361 1688 trah-ens
376 1660 524 1700 inglorius
537 1660 648 1689 alvum.
674 1659 789 1689 Proelt'a

129 1717 251 1745 passus-5
275 1707 402 1748 quidam
416 1709 541 1738 vulnera
555 1718 682 1750 passus3
706 1718 788 1749 saepe

132 1755 259 1785 vulnera
286 1757 373 1794 pati.-
408 1755 462 1786 sed
483 1757 681 1786 Burmannus
706 1761 789 1786 recte

131 1803 254 1844 praefert
281 1805 389 1843 proelia
417 1804 518 1845 (quod
550 1804 664 1835 habent
696 1803 789 1845 Regii

131 1852 286 1891 codices,)
312 1853 385 1894 quia
413 1853 438 1883 si
464 1863 530 1883 raro
559 1852 686 1884 vulnera
710 1859 790 1883 esset

129 1911 237 1942 passus
251 1902 389 1943 clypeus,
406 1902 512 1943 aliqua
533 1907 636 1932 tamen
652 1901 788 1936 haberet,

130 1959 187 1981 nec
202 1957 283 1981 esset
297 1950 427 1991 integer.

175 2000 246 2030 121.
270 2000 363 2029 Arma
377 2000 545 2041 virifortis,
557 1999 638 2039 etc.]
657 1999 788 2035 Seneca,

130 2047 277 2079 Controv.
296 2048 329 2079 ii.
356 2049 405 2079 11.
432 2048 470 2079 de
494 2048 627 2079 ovidio:
662 2047 785 2078 “Adeo

129 2103 233 2128 autem
254 2097 390 2128 studiose
416 2098 582 2128 Latronem
601 2097 732 2133 audivit,
752 2103 785 2127 ut

128 2146 243 2177 multas
263 2147 330 2187 ejus
349 2147 521 2177 sententias
541 2148 573 2177 in
592 2157 696 2177 versus
714 2157 785 2177 suos

127 2194 330 2226 transtulerit.
366 2196 404 2225 In
420 2206 572 2226 armorum
583 2194 702 2236 judicio
716 2194 783 2224 dix-

127 2250 194 2274 erat
208 2244 300 2274 Latro
315 2256 321 2273 :
347 2243 512 2275 Mittamus
523 2254 609 2274 arma
624 2243 655 2273 in
670 2243 784 2279 hostes,

127 2299 160 2324 et
182 2300 335 2334 petamus.
380 2293 465 2323 Naso
487 2292 584 2323 dixit:
611 2293 709 2323 Arma
728 2291 783 2322 viri

127 2340 226 2376 fortis,
252 2341 334 2372 etc.'’
379 2342 486 2372 Simile
510 2341 585 2382 quid
608 2342 649 2377 Q.
673 2340 783 2372 Calab.

128 2391 192 2421 218
207 2400 277 2431 sqq.
293 2390 397 2421 habet.

174 2440 246 2470 123.
273 2439 413 2469 Finierat
431 2438 608 2474 orationem,
623 2448 784 2480 perorave-

129 2494 177 2520 rat
197 2498 322 2519 causam
346 2498 444 2519 suam.
490 2488 636 2518 Murmur
655 2493 686 2518 et
709 2487 786 2517 alias

120 2538 278 2579 fremitus,
304 2547 402 2568 sermo
423 2536 588 2568 multorum
612 2535 785 2578 promiscue

129 2585 334 2626 loquentium.
369 2587 485 2621 Astitit,
501 2585 633 2616 surrexit
658 2584 697 2615 ad
720 2595 785 2615 eos.

130 2634 405 2665 Oculos—moratos
419 2646 455 2666 ex
473 2635 598 2665 Homer.
617 2634 657 2665 11.
671 2638 705 2666 Γ.
722 2634 783 2663 217

128 2692 197 2723 sqq.
222 2682 274 2712 ubi
295 2682 353 2712 hoc
372 2684 463 2714 moris
482 2683 585 2723 Ulyssi
610 2682 702 2713 fuisse
723 2688 784 2712 tra-

176 2731 272 2761 VOL.
290 2730 348 2761 IV.

858 1513 952 1549 ditur,
976 1520 1020 1549 ut,
1042 1518 1211 1554 antequam
1233 1512 1325 1542 verba
1347 1512 1449 1542 facere
1467 1511 1515 1542 in-

858 1561 984 1602 ciperet,
999 1567 1093 1591 staret
1108 1560 1205 1591 oculis
1218 1560 1247 1591 in
1264 1566 1376 1591 terram
1391 1559 1512 1595 defixis,

858 1608 1046 1650 immotoque
1062 1614 1195 1651 sceptro.
1223 1609 1371 1644 Causam,
1387 1618 1441 1638 cur
1454 1607 1512 1637 hoc

857 1658 902 1688 ita
917 1659 1038 1689 finxerit
1048 1659 1214 1694 Homerus,
1227 1657 1330 1688 reddit
1345 1656 1514 1693 Quintilia-

857 1718 926 1744 nus,
950 1708 1030 1738 Inst.
1051 1708 1109 1737 XI.
1133 1707 1178 1738 iii.
1208 1708 1285 1738 158:
1317 1706 1433 1736 “Mire
1457 1716 1513 1735 au-

855 1756 992 1788 diturum
1002 1756 1114 1788 dicturi
1126 1766 1200 1787 cura
1214 1755 1363 1790 delectat,
1377 1754 1512 1796 etjudex

855 1817 887 1836 se
903 1805 967 1847 ipse
985 1804 1154 1847 componit.
1197 1805 1266 1835 Hoc
1286 1803 1425 1846 praecipit
1446 1803 1512 1834 Ho-

856 1865 958 1886 merus
979 1854 1081 1885 Ulixis
1101 1854 1255 1896 exemplo,
1275 1864 1367 1894 quem
1391 1853 1512 1884 stetisse

855 1903 953 1934 oculis
982 1902 1014 1933 in
1042 1910 1154 1934 terram
1179 1902 1299 1938 defixis,
1323 1902 1512 1943 immotoque

855 1959 988 1993 sceptro,
1011 1951 1192 1993 priusquam
1215 1950 1300 1981 illam
1324 1951 1511 1991 eloquentiae

855 2000 1021 2042 procellam
1033 1999 1339 2036 effunderet‚dicit.’'
1358 2000 1402 2030 Ut
1417 2000 1510 2040 igitur

854 2049 937 2091 Ajax
975 2057 1061 2079 torvo
1093 2049 1180 2080 vultu
1214 2048 1431 2089 indignitatem
1469 2049 1509 2079 rei

851 2098 1063 2140 profitebatur,
1099 2097 1144 2128 sic
1183 2097 1312 2139 Ulysses
1349 2096 1508 2127 modestiae

851 2145 952 2187 gratia
963 2145 1114 2176 audituris
1127 2156 1159 2176 se
1174 2145 1424 2176 commendabat.
1450 2144 1509 2174 Er*

850 2200 978 2234 peceato,
1001 2194 1076 2234 quia
1099 2202 1172 2224 nota
1201 2193 1343 2224 omnibus
1372 2194 1439 2235 ejus
1464 2193 1509 2223 fa-

852 2242 978 2273 cundia.
1005 2242 1108 2282 Neque
1121 2243 1210 2277 abest,
1223 2247 1283 2272 etc.
1309 2241 1506 2272 Burmannus

853 2296 952 2332 putat,
961 2290 1028 2320 haec
1041 2301 1059 2320 a
1070 2289 1239 2332 Propertio,
1253 2290 1279 2319 I.
1292 2289 1325 2319 ii.
1338 2290 1389 2319 29.
1402 2300 1506 2330 sump-

853 2345 902 2370 ta:
933 2350 986 2369 nee
1008 2340 1082 2369 desit
1093 2340 1246 2378 jucundis
1264 2340 1368 2379 gratia
1392 2339 1505 2374 verbis,-

853 2387 958 2428 itaque
989 2393 1020 2418 et
1049 2386 1091 2417 ibi
1128 2386 1216 2416 malit
1236 2387 1405 2427 jucundis.-
1441 2385 1507 2416 sine

852 2447 958 2468 causa.
1002 2436 1090 2466 Dicit
1105 2440 1208 2466 autem
1226 2435 1354 2476 Ulysses
1370 2435 1507 2466 oratione

852 2485 993 2526 sequenti
1006 2484 1186 2526 composite,
1198 2484 1366 2519 moderate,
1382 2483 1507 2519 callide,

854 2540 885 2564 et
905 2535 958 2565 ubi
977 2533 1083 2576 Ajacis
1103 2533 1251 2564 nonnulla
1275 2539 1306 2564 et
1325 2533 1454 2563 crimina
1474 2539 1504 2564 et

853 2591 1035 2624 argumenta
1059 2584 1159 2619 diluit¹
1183 2594 1277 2626 opera
1301 2593 1355 2614 sua
1379 2582 1504 2614 mirifice

852 2640 982 2664 enarrat.

982 2732 1030 2760 δε
