1779 3130
440 384 499 439 P.
545 383 808 435 OVIDII
852 384 1199 436 NASONIS

216 522 1417 583 METAMORPHOSEON

379 666 570 707 LIBER
612 666 899 707 DECIMUS
942 666 1261 713 QUARTUS.

685 798 942 829 ,φη

179 910 237 950 N.
257 910 312 949 B.
343 909 656 963 Argumentum
677 910 804 963 hujus
826 909 921 950 libri
942 909 1091 949 decimi
1114 909 1255 962 quarti
1275 907 1509 949 Metamor-

126 987 334 1041 phoseon,
372 987 548 1028 relatum
592 987 779 1028 invenies
819 988 861 1027 in
901 988 1008 1027 serie
1048 987 1272 1035 CANTEm,
1312 993 1411 1026 tom.
1455 984 1510 1024 iii.

125 1079 222 1118 pag.
248 1065 315 1104 59.

742 1177 796 1207 ΡΛ
809 1179 846 1208 B.
872 1178 899 1207 Ι.

124 1275 171 1335 J
176 1286 431 1340 AMQUE
457 1288 701 1348 giganteis
728 1288 961 1350 injectam
987 1287 1213 1333 faucibus
1240 1285 1437 1339 AEtnen‚

125 1363 356 1426 Arvaque
384 1363 680 1426 Cyclopum,
709 1363 828 1426 quid
855 1370 1026 1418 rastra,
1055 1362 1175 1425 quid
1201 1378 1320 1408 usus
1347 1361 1491 1408 aratri

130 1440 328 1494 Nescia,
355 1456 446 1486 nec
474 1440 749 1502 quidquam
770 1440 956 1502 junctis
983 1438 1217 1486 debentia
1242 1438 1420 1493 bubus,

128 1516 364 1579 Liquerat
390 1516 642 1563 Euboicus
669 1517 967 1563 tumidarum
993 1517 1151 1562 cultor
1175 1530 1442 1577 aquarum:

128 1593 362 1656 Liquerat
386 1600 437 1640 et
462 1594 695 1649 Zanclen,
718 1594 1025 1655 adversaque
1051 1592 1231 1639 moenia
1253 1590 1434 1652 Rhegi,
1482 1609 1510 1636 ο

1485 1593 1507 1615 Ι.

128 1670 395 1732 Navifragu
403 1686 552 1733 mque
562 1670 960 1732 fretuin‚ge1nino
972 1669 1105 1731 quod
1117 1668 1257 1715 litore
1268 1683 1510 1730 pressum,

172 1825 285 1854 1-74,
308 1824 566 1866 Scylloejirbula.]
595 1825 622 1853 Α
638 1824 785 1865 Neptuno

124 1879 212 1914 patre
235 1883 304 1904 eam
328 1882 393 1903 esse
418 1873 570 1908 vitiatam,
593 1878 625 1902 et
648 1873 686 1903 ab
710 1873 786 1902 Am-

124 1922 252 1963 phitrito.
275 1922 353 1953 irata
377 1921 528 1962 corruptis
554 1931 673 1952 veneno
700 1922 788 1963 aquis

126 1971 157 2001 in
175 1978 345 2001 monstrum
360 1976 524 2006 mutatam,
540 1977 667 2000 narrant
684 1970 788 2011 Virgi-

123 2019 194 2056 lius,
211 2020 274 2051 Cir.
290 2020 431 2050 56—73.
444 2024 475 2050 et
489 2019 617 2049 Tzetzes
630 2019 670 2049 ad
686 2019 787 2059 Lyco-

123 2069 191 2110 phr.
207 2079 281 2110 pag.
300 2070 350 2099 13.
394 2068 603 2109 Allegoricam
629 2079 696 2098 esse
716 2067 787 2097 libi-

125 2117 208 2148 dinis
231 2116 440 2147 narrationem
454 2116 563 2146 volunt
585 2116 649 2151 alii,
667 2121 699 2146 ut
715 2116 787 2146 Ful-

125 2166 262 2207 gentius,
280 2165 416 2206 Mythol.
436 2164 469 2195 ii.
488 2166 537 2194 12.
551 2170 583 2195 et
605 2164 789 2195 Heraclides

127 2215 160 2244 in
177 2215 317 2255 Allegor.
334 2225 366 2255 p.
383 2214 458 2244 496.
504 2213 646 2243 Dubium
668 2213 726 2243 hoc
742 2223 788 2243 re-

125 2263 240 2304 linquit
256 2263 344 2301 Virg.
359 2262 422 2292 Cir.
437 2262 478 2291 68
501 2271 571 2302 sqq.
618 2262 787 2302 Giganteis,

125 2318 186 2342 etc.
195 2311 266 2342 vide
279 2321 308 2340 v.
317 2311 390 2341 346.
422 2310 561 2351 Cyclopes
573 2320 645 2350 agro
657 2310 789 2340 colendo

127 2370 189 2390 non
201 2360 369 2394 vacabant,
388 2358 440 2389 sed
458 2365 539 2389 terra
554 2358 591 2388 iis
606 2364 716 2400 sponte
732 2357 788 2388 da—

127 2410 182 2439 bat
200 2409 351 2444 triticum,
366 2407 526 2442 hordeum,
544 2407 640 2445 vites3
664 2408 790 2438 Homer.

127 2457 189 2488 Od.
205 2457 226 2488 i.
244 2458 303 2487 108
326 2467 392 2497 seq.
438 2456 551 2496 Itaque
575 2467 650 2485 arva
675 2455 789 2496 impro-

129 2506 194 2547 prie
225 2505 304 2536 dixit
332 2515 420 2546 agros
449 2504 645 2546 Cyclopum;
680 2515 790 2534 arvum

127 2555 212 2586 enim
233 2556 273 2586 ab
289 2554 406 2585 arando
420 2553 551 2584 dictum.
601 2554 678 2584 Usus
692 2555 791 2583 aratri

128 2614 182 2645 pro
197 2609 298 2634 aratro
313 2604 400 2644 ipso;
421 2602 492 2633 vide
509 2602 547 2632 ad
568 2602 589 2632 i.
605 2603 678 2632 408.
726 2601 786 2631 De-

131 2654 231 2682 hemia
255 2653 357 2687 bubus,
377 2656 550 2693 praeparata
570 2661 588 2680 a
606 2651 708 2680 bubus
730 2649 792 2679 fru-

131 2707 236 2731 mento
251 2700 431 2731 seminando
446 2705 478 2729 et
498 2699 623 2730 ferendo
637 2711 643 2735 ;
668 2698 712 2727 sic
729 2698 793 2727 Pli-

179 2750 279 2779 VOL.
297 2749 357 2779 IV.

854 1823 934 1857 nius,
973 1823 1093 1862 Paneg.
1137 1823 1200 1852 30:
1248 1821 1399 1862 AEgyptus
1435 1820 1515 1849 nihil

852 1873 993 1901 imbribus
1030 1871 1156 1910 caeloque
1198 1871 1292 1900 debet.
1354 1868 1514 1903 Euboicus,

854 1920 1007 1955 Glaucus,
1020 1919 1073 1960 qui
1086 1919 1117 1949 in
1129 1919 1259 1960 Argum.
1268 1919 1413 1948 Lactant.
1425 1927 1514 1958 aeque

854 1974 938 1999 recte
968 1969 1176 1998 Anthedonius
1201 1972 1350 2003 vocatur3
1377 1965 1448 1996 vide
1475 1966 1515 1996 ad

854 2018 919 2048 xiii.
941 2018 1014 2048 905.
1063 2017 1259 2047 Tumidarum
1285 2025 1367 2045 nune
1393 2019 1514 2044 tantum

855 2072 954 2097 ornat.
1000 2068 1151 2102 fiditer-scm
1185 2065 1255 2096 vide
1281 2064 1321 2095 ad
1345 2063 1412 2094 xiii.
1437 2064 1513 2094 541.

858 2116 1008 2156 Rhegium
1030 2114 1104 2144 olim
1125 2115 1199 2144 urbs
1213 2114 1373 2155 opulenta.
1418 2112 1515 2142 Ναυὶ-

846 2165 989 2205 fragum,
1014 2163 1066 2193 ubi
1096 2163 1175 2193 fiunt
1200 2162 1301 2192 multa.
1330 2159 1516 2201 naufragia3

855 2212 958 2243 Tibul.
974 2211 1019 2242 II.
1041 2211 1082 2242 iv.
1099 2212 1147 2241 10.
1168 2210 1322 2251 nansi-aga
1347 2212 1441 2245 unda,
1464 2209 1516 2238 ubi

856 2261 927 2291 vide
942 2260 1040 2301 Vulp.
1089 2260 1189 2289 Premi
1210 2258 1355 2289 dicuntur
1370 2268 1439 2298 quae
1456 2262 1516 2286 ter-

857 2308 948 2338 minis
962 2308 1083 2338 inclusa
1095 2313 1178 2338 sunt.
1207 2306 1359 2337 Fluminis
1374 2306 1515 2335 immensi

857 2357 996 2398 quidem,
1018 2355 1152 2386 fluminis
1179 2361 1285 2385 tamen
1310 2354 1422 2385 inclusi
1446 2364 1514 2394 spe-

857 2406 936 2435 ciem
952 2405 1070 2446 praebet
1091 2405 1201 2434 fretum
1217 2403 1368 2433 Siculum.
1416 2402 1517 2436 Tenet,

856 2453 1022 2495 occupavit
1037 2453 1111 2483 olim
1122 2452 1208 2482 illam
1221 2458 1353 2494 partem,
1365 2461 1434 2491 quae
1451 2455 1517 2480 erat

857 2507 937 2532 terra
952 2507 983 2532 et
1003 2501 1152 2531 terminus
1174 2501 1253 2531 inter
1268 2500 1393 2530 Italiam
1414 2504 1445 2529 et
1466 2499 1515 2528 Si-

856 2549 981 2587 ciliam;
1006 2549 1076 2580 vide
1098 2561 1149 2580 xv.
1164 2550 1237 2580 291.
1284 2547 1430 2578 Heinsius
1446 2557 1516 2576 sua-

858 2598 911 2629 det
935 2600 1005 2629 terr't
1027 2599 1169 2638 cmfiuia,
1185 2604 1219 2628 ut
1241 2597 1315 2628 alibi
1341 2598 1465 2626 reddere.
1485 2601 1515 2625 et

863 2659 998 2687 rmnpere
1012 2648 1153 2688 confinia.

995 2745 1056 2774 3ss
