1779 3130
453 448 516 500 P.
558 446 821 500 OVIDII
862 446 1210 500 NASONIS

263 607 1389 669 METAMORPHOSEON

435 767 660 809 LIBER
705 767 1216 809 DUODECIMUS.

694 925 954 958 4-

748 1064 805 1093 FA
816 1065 855 1094 B.
879 1063 907 1093 I.

136 1161 463 1221 NESCIUS
487 1175 757 1237 assumptis
779 1173 1008 1220 Priamus
1031 1180 1170 1236 pater
1192 1174 1405 1221 AEsacon
1432 1175 1520 1222 alis

134 1250 329 1306 Vivere,
356 1251 586 1312 lugebat:
626 1250 817 1297 tumulo
844 1265 1044 1311 quoque
1071 1265 1250 1297 nomen
1277 1251 1479 1298 habenti

137 1326 342 1373 Inferias
368 1327 575 1374 dederat
600 1343 714 1373 cum
739 1326 971 1372 fratribus
999 1325 1186 1372 Hector
1211 1327 1399 1374 inanes.

138 1402 311 1450 Defuit
334 1404 492 1450 officio
518 1403 712 1450 Paridis
739 1402 1003 1465 praesentia
1027 1403 1172 1457 tristi,

137 1479 409 1527 Postmodo
429 1481 513 1543 qui
531 1488 671 1544 rapta
690 1481 892 1540 longum
913 1494 1028 1524 cum
1049 1481 1262 1542 conjuge
1279 1481 1463 1527 bellum
1489 1484 1517 1527 5

183 1622 298 1654 1—38.
323 1623 421 1653 Gravi
437 1623 468 1653 in
484 1623 611 1653 Aulide.

177 1671 208 1700 2.
227 1670 373 1702 Tumulus
387 1684 490 1702 nomen
507 1673 603 1706 habet,
616 1676 650 1700 ut
664 1670 704 1700 xi.
717 1671 792 1700 429.

135 1719 187 1748 ubi
223 1719 293 1749 vide
330 1726 445 1750 notam.
503 1719 794 1760 Inferias—inanes.

138 1767 270 1797 Florent.
287 1768 318 1797 S.
335 1768 448 1803 Marci,
471 1773 502 1798 et
525 1777 605 1797 unus
628 1766 794 1797 Mediceus

134 1817 241 1853 inani;
259 1816 407 1847 Heinsius
423 1817 502 1847 male
518 1816 680 1852 suadebat,
694 1819 793 1852 inane,

134 1864 202 1894 scil.
228 1876 343 1896 nomen.
391 1866 517 1907 Proprie
544 1866 718 1907 sepulcrum
747 1868 793 1895 ἰη-

134 1924 200 1949 ane,
217 1913 247 1943 in
267 1924 327 1954 quo
349 1914 468 1944 nullum
490 1925 600 1955 corpus
622 1913 793 1944 conditum.

133 1961 195 1991 Sed
216 1969 314 2003 poetae
336 1962 410 1992 licet
430 1962 524 1992 etiam
545 1962 671 2003 inferias
691 1964 794 1992 inanes

133 2010 248 2046 dicere,
271 2011 432 2047 sacrificia,
456 2022 526 2053 quae.
551 2012 621 2042 Diis
644 2012 794 2042 Manibus

135 2059 173 2089 ad
195 2060 372 2100 sepulcrum
394 2061 486 2090 inane
508 2061 695 2091 offeruntur:
722 2061 793 2091 vide

137 2108 176 2138 ad
195 2108 233 2138 vi.
249 2110 324 2139 568.
371 2109 462 2140 Conf.
479 2110 566 2150 Virg.
584 2111 659 2140 AEn.
675 2110 719 2140 iii.
731 2111 790 2140 301

137 2168 206 2198 sqq.
230 2158 302 2188 Alio
318 2168 409 2188 sensu
425 2169 530 2199 supra,
548 2160 580 2189 ii.
596 2160 671 2189 340.
690 2161 794 2189 inania

136 2218 282 2236 munera:
310 2206 509 2237 Burmannus
531 2207 625 2237 etiam
649 2218 719 2237 cum
743 2218 794 2238 co-

137 2254 205 2284 dice
232 2254 377 2284 Leidensi
403 2255 493 2285 tertio
517 2255 636 2291 mallet,
662 2255 795 2297 Inferias

139 2304 261 2338 tulerat,
277 2309 311 2333 nt
332 2303 371 2333 ad
394 2304 519 2344 inferias
539 2304 706 2339 alludatur,
723 2315 793 2345 quae

138 2353 177 2382 a'o
203 2353 357 2394 inferendo
381 2353 472 2384 dictae
496 2360 580 2389 sunt,
597 2354 663 2384 sine
687 2364 793 2384 causa.

139 2401 222 2430 Dare
251 2406 282 2431 et
298 2402 389 2442 ferre
413 2403 583 2442 promiscue
609 2409 795 2444 usurpantur

137 2447 175 2478 de
203 2449 310 2479 sacris.
356 2450 479 2480 Servius
509 2450 547 2480 ad
572 2450 707 2491 Virgilii,
731 2451 795 2481 viii.

141 2497 211 2527 106.
226 2498 333 2534 verba,
351 2505 421 2527 tura
444 2499 569 2534 dabant,
596 2499 662 2529 haec
687 2505 791 2529 notat:

136 2549 157 2561 “
173 2546 278 2575 Verbo
293 2556 449 2576 sacrorum
464 2558 537 2577 usus
553 2553 598 2577 est
613 2559 620 2584 ;
646 2557 716 2577 nam
733 2547 795 2578 dici

140 2594 259 2624 solebat
278 2595 309 2624 in
328 2595 441 2625 sacris:
468 2596 520 2625 Da
540 2595 622 2637 quod
643 2595 737 2626 debes
757 2595 796 2626 de

140 2652 234 2671 manu
250 2642 376 2673 dextera
392 2643 497 2682 aris;''
523 2643 594 2674 vide
615 2650 647 2674 et
658 2644 797 2675 Brisson.

143 2690 182 2721 de
211 2691 310 2722 Form.
334 2691 354 2721 i.
377 2703 407 2733 p.
429 2693 481 2724 25.
528 2693 660 2734 Inferias
683 2695 800 2724 mittere

191 2740 289 2770 VOL.
304 2740 362 2770 IV.

862 1621 995 1662 legimus
1018 1622 1058 1652 xi.
1079 1624 1152 1653 381.
1196 1622 1290 1664 Regii
1317 1622 1440 1653 codices
1464 1623 1519 1653 ha-

861 1672 937 1701 bent
953 1672 1066 1701 inanes.

905 1721 934 1750 5.
960 1720 1125 1760 Longum]
1160 1719 1291 1750 Minime
1320 1720 1518 1756 mutandum,

862 1768 935 1809 quia
948 1768 1152 1809 longitudine,
1162 1769 1228 1798 scil.
1239 1768 1443 1800 diuturnitate
1455 1780 1520 1800 me-

862 1818 1009 1847 morabile
1034 1816 1183 1858 imprimis
1208 1817 1265 1848 hoc
1286 1818 1423 1848 bellum:
1450 1818 1521 1849 vide

862 1875 924 1895 ver.
943 1866 1005 1903 203
1030 1867 1187 1905 spatiosum
1218 1867 1326 1896 bellum
1357 1865 1422 1897 xiii.
1445 1867 1519 1897 206.

864 1915 1047 1954 Conjuratae,
1065 1925 1197 1955 quarum
1221 1915 1317 1946 duces
1340 1915 1520 1957 conjurave-

861 1970 948 2001 rant3
973 1963 1057 2004 apud
1085 1964 1262 2000 Horatium,
1286 1964 1314 1994 I.
1336 1965 1400 1994 Od.
1424 1975 1474 1995 xv.
1490 1967 1522 1996 5.

861 2012 982 2043 Nereus
994 2012 1182 2043 vaticinatur
1198 2013 1318 2048 Paridi,
1333 2014 1418 2043 Mala
1434 2015 1520 2044 ducis

860 2063 909 2092 avi
919 2064 1046 2097 (imnum,
1061 2062 1157 2095 Quam
1170 2063 1264 2092 multo
1276 2069 1385 2102 repetet
1399 2063 1519 2094 Graecia

860 2112 966 2147 milite,
978 2111 1145 2150 Coty'urata
1159 2118 1226 2141 tuas
1240 2123 1376 2151 rumpere
1388 2114 1519 2151 nuptias.

862 2159 900 2189 In
916 2169 1041 2190 numero
1057 2158 1181 2189 navium
1193 2159 1371 2189 definiendo
1386 2170 1446 2190 non
1462 2160 1520 2190 eri-

862 2219 931 2238 mus
944 2218 1015 2238 cum
1032 2207 1163 2238 Ciofano
1179 2207 1274 2238 anxii.
1298 2208 1422 2244 Noster,
1437 2219 1521 2239 more

862 2264 1034 2298 poetarum,
1047 2255 1139 2286 ethic
1156 2262 1186 2286 et
1200 2255 1279 2286 infra
1295 2267 1456 2287 numerum
1473 2257 1521 2286 in-

862 2305 1023 2335 definitum
1048 2304 1160 2345 posuit,
1184 2305 1276 2340 mille,
1301 2310 1395 2345 atque
1421 2305 1465 2335 ita
1489 2310 1521 2335 et

863 2353 915 2383 alii
938 2359 1050 2394 poetae,
1074 2353 1166 2382 etiam
1191 2352 1261 2382 Liv.
1285 2353 1348 2383 xlv.
1364 2354 1425 2390 273
1449 2353 1520 2383 vide

862 2402 1023 2432 Drakenb.
1039 2401 1078 2431 ad
1094 2401 1214 2436 Silium,
1231 2400 1274 2432 iii.
1289 2402 1371 2439 2295
1387 2402 1518 2432 Barnes.

862 2451 901 2481 ad
922 2449 1112 2491 Euripidem,
1129 2450 1281 2480 Androm.
1300 2451 1378 2488 1065
1403 2451 1520 2482 Home-

863 2510 914 2530 rus
930 2500 1024 2529 habet
1041 2510 1228 2529 merxxxvr.
1252 2500 1356 2540 Vulgo
1372 2510 1446 2530 mcc.
1462 2511 1519 2531 nu·

864 2553 1033 2578 merantur.

864 2597 1006 2627 universa
1021 2605 1096 2636 gens
1109 2596 1231 2632 Graeca,
1243 2597 1416 2638 conjunctae
1432 2598 1520 2628 Grae-

866 2655 970 2675 corum
993 2654 1077 2685 opeS,
1102 2655 1194 2685 quam
1218 2646 1347 2675 formam
1370 2646 1518 2687 loquendi

867 2695 945 2725 bene
965 2693 1098 2724 illustrat
1122 2694 1266 2725 Heinsius
1285 2695 1337 2736 qui
1355 2695 1463 2725 laudat
1482 2705 1520 2725 ex

998 2743 1022 2772 L
1038 2743 1047 2772 l

1082 2548 1187 2577 Gentis
1205 2559 1354 2578 commune
1377 2548 1520 2590 Pelasgae,
