1779 3130
354 168 974 212 METAMORPHOSEON
1009 171 1126 213 LIB.
1161 173 1270 215 XV.
1416 176 1501 217 453

115 279 227 333 Quo
253 281 398 328 simul
425 299 480 330 ac
506 284 680 339 casias,
709 292 759 331 et
784 286 923 332 nardi
949 286 1073 333 lenis
1101 287 1293 343 arista&

113 355 409 419 Quassaque
435 375 547 405 cum
573 359 704 406 fulva
729 362 997 408 substravit
1018 363 1246 410 cinnama
1272 366 1497 427 myrrha3

113 432 179 479 Se
205 450 355 496 super
379 435 603 498 imponit,
630 436 840 499 finitque
867 440 915 484 in
940 440 1173 486 odoribus
1200 457 1375 489 aevum.
1404 446 1502 489 400

111 507 236 556 Inde
261 509 439 566 ferunt,
463 513 670 559 totidem
696 514 781 575 qui
803 515 965 562 vivere
990 516 1173 563 debeat
1195 532 1365 573 annos,

113 585 333 649 Corpore
357 588 420 635 de
446 589 605 651 patrio
632 605 836 652 parvum
864 591 1104 639 Phoenica
1128 594 1336 641 renasci.

111 661 278 715 Quum
303 664 442 711 dedit
466 665 581 711 huic
607 674 727 712 aetas
753 667 896 722 vires,
919 668 1156 730 onerique
1181 668 1383 716 ferendo
1409 678 1501 727 est,

113 738 425 786 Ponderibus
450 741 552 787 nidi
580 757 740 788 ramos
766 743 895 790 levat
919 745 1106 791 arboris
1133 745 1262 800 altae,
1326 748 1501 807 [crum‚

114 815 331 880 Fertque
369 818 479 879 pius
517 833 772 880 cunasque
811 835 942 874 suam,
982 821 1296 883 patriumque
1340 824 1503 885 sepul-

113 892 311 956 Perque
337 894 469 940 leves
496 910 638 940 auras
667 894 970 958 Hyperionis
996 898 1117 944 urbe
1142 899 1344 959 potitus,
1406 902 1502 947 406

111 968 243 1016 Ante
268 969 396 1016 fores
423 986 588 1016 sacras
616 970 919 1034 Hyperionis
946 973 1052 1019 aede
1078 974 1288 1035 reponit.

115 1045 168 1091 Si
194 1053 360 1093 tamen
386 1054 462 1093 est
487 1047 674 1109 aliquid
701 1047 835 1093 mirae
862 1048 1092 1095 novitatis
1119 1048 1167 1094 in
1194 1049 1318 1105 istis,

107 1191 217 1228 pando,
247 1189 383 1221 dubitari
412 1194 524 1232 potest.
569 1190 655 1232 Apro
688 1196 770 1221 recte

111 1238 253 1269 tribuitur
280 1241 412 1277 pandum
442 1245 581 1274 rostrum,
606 1250 667 1270 non
696 1240 769 1270 item

111 1286 187 1317 aliti.
234 1287 339 1328 Vulgo
354 1290 452 1324 (Iuro,-
469 1288 524 1318 sed
541 1299 620 1319 unus
636 1288 770 1322 Ciofani.

111 1335 236 1366 Caelest.
260 1336 451 1367 Francofurt.
473 1342 504 1367 et
527 1337 648 1367 Bartliii
678 1336 770 1368 codd.

109 1394 196 1422 puro,
213 1384 295 1425 quod
312 1385 426 1415 arridet
443 1385 622 1416 Burmanno
645 1392 677 1416 ut
692 1385 770 1416 allu-

109 1433 163 1463 dat
179 1433 218 1464 ad
236 1445 351 1464 morem
363 1444 452 1465 sacra
468 1434 615 1470 faciendi,
630 1446 699 1476 quae
716 1435 769 1465 fie-

111 1482 186 1512 bant
200 1483 284 1523 puris
300 1483 456 1514 manibus.
500 1483 695 1519 Lactantius,
711 1494 773 1514 ver.

111 1531 169 1560 77:
196 1535 216 1548 “
231 1531 391 1562 Construit
413 1531 486 1562 inde
508 1531 567 1562 sibi
589 1543 643 1562 seu
663 1532 770 1563 nidum

110 1578 175 1610 sive
192 1580 404 1621 sepulcrum,”
416 1587 447 1611 et
462 1580 575 1611 deinde
587 1580 681 1611 iidem
698 1581 772 1611 odo-

109 1638 156 1658 res
171 1634 462 1665 commemorantur,
473 1629 527 1670 qui
544 1628 593 1659 hic
607 1640 614 1666 3
632 1629 769 1659 Plinius:

109 1682 130 1694 ‘⁴
143 1678 363 1708 Senescentem
378 1677 469 1708 casiae
486 1678 625 1719 turisque
641 1679 773 1709 surculis

111 1731 287 1757 construere
303 1725 423 1762 nidum,
441 1727 559 1768 replere
576 1727 721 1757 odoribus
741 1733 772 1758 et

109 1775 338 1817 superemori.’'
386 1776 475 1806 Casia
490 1776 548 1806 fuit
564 1776 643 1806 inter
660 1776 771 1807 herbas

110 1830 141 1854 et
152 1825 241 1855 flores
257 1825 442 1863 coronarios,
455 1825 629 1865 thymelaeae
645 1825 770 1864 similis-3

111 1873 182 1904 vide
204 1874 332 1906 Martin.
349 1874 389 1905 ad
410 1874 590 1916 Virgilium,
607 1875 722 1915 Georg.
739 1875 770 1906 ii.

109 1923 184 1953 213.
213 1923 349 1959 Nardus,
376 1923 489 1959 frutex,
514 1933 531 1953 e
560 1923 650 1964 cujus
678 1923 770 1959 foliis,

107 1971 201 2012 spicis
216 1977 247 2002 et
259 1972 363 2002 radice
379 1978 538 2013 unguenta
550 1972 770 2014 pretiosissima

108 2020 310 2050 confecerunt
325 2026 456 2056 veteres,
473 2031 542 2062 quae
566 2021 605 2050 ab
628 2020 717 2051 Indis
738 2021 770 2051 in

107 2068 226 2109 Syriam
247 2074 278 2099 et
299 2069 371 2100 inde
392 2069 424 2100 in
443 2069 599 2110 Europam
618 2069 769 2108 advecta;

107 2116 178 2146 vide
190 2117 286 2147 Celsii
300 2118 460 2148 Hierobot.
474 2124 547 2148 tom.
560 2117 591 2147 ii.
605 2129 676 2159 pag.
694 2120 705 2148 l
719 2129 768 2160 sq.

106 2165 167 2195 Pro
192 2167 265 2196 lenis
290 2166 435 2207 permulti
460 2167 553 2197 MSS.
579 2168 627 2207 (et
651 2167 770 2207 Regius

107 2220 210 2244 noster
234 2214 296 2253 A.)
323 2216 411 2251 laevis,
435 2215 467 2246 id
495 2220 552 2250 est,
578 2216 627 2246 cui
655 2216 770 2256 lanugo

107 2264 222 2294 subest.
267 2264 411 2294 Lactant.
430 2275 495 2294 ver.
512 2264 571 2294 86:
600 2269 621 2281 ‘⁴
637 2263 695 2294 His
711 2264 768 2294 ad-

107 2312 154 2342 dit
183 2318 305 2343 teneras
334 2313 420 2344 nardi
452 2313 597 2354 pubentis
628 2313 769 2344 aristas.”

108 2362 157 2391 De
183 2363 306 2402 myrrha
329 2361 399 2393 vide
424 2362 463 2393 ad
485 2374 516 2393 x-
540 2363 613 2393 500.
659 2363 769 2399 Fulva,

107 2410 182 2451 quia
197 2410 321 2451 myrrha
335 2411 591 2452 praestantissima
607 2411 700 2441 talem
720 2422 768 2442 re-

107 2459 163 2490 fert
187 2459 333 2495 colorem,
351 2460 432 2490 unde
456 2461 611 2500 myrrheus
632 2471 696 2501 pro,
714 2461 769 2491 fla-

108 2519 174 2538 vuS.
220 2507 379 2538 Brouckh.
400 2508 440 2538 ad
463 2509 604 2550 Propert.
620 2509 682 2539 111.
700 2509 765 2539 viii.

107 2557 160 2586 22.
216 2556 275 2586 Pro
304 2568 408 2597 quassa
438 2556 569 2587 Heinsio
598 2557 701 2598 placet
728 2568 766 2588 ex

108 2605 204 2635 altero
229 2605 343 2635 Hamb.
360 2617 453 2642 cassa,
472 2612 506 2636 ut
525 2605 767 2646 ξυλοκιννάμω-

108 2659 171 2688 μον
187 2647 389 2688 intelligatur,
405 2649 487 2689 quod
503 2648 636 2678 maximo
651 2648 683 2678 in
700 2659 767 2690 pre—

109 2696 150 2726 tio
160 2696 265 2731 fuerit,
278 2702 384 2727 cortex
397 2696 591 2728 cinnamomo
601 2697 768 2728 detractus.

883 1192 957 1221 401.
998 1192 1075 1223 Inde
1092 1192 1403 1234 ferunt—renasci]
1440 1195 1501 1226 Pro

838 1240 946 1275 virere,
963 1240 1112 1271 Barthius
1127 1252 1165 1271 ex
1180 1240 1302 1271 duobus
1317 1243 1504 1283 pervetustis

840 1287 916 1327 legit
933 1291 1060 1319 vincere.
1109 1289 1247 1320 Plinius:
1275 1294 1296 1307 “
1311 1291 1357 1320 Ex
1380 1291 1502 1322 ossibus

839 1336 952 1368 deinde
976 1344 1006 1368 et
1030 1338 1175 1369 medullis
1201 1339 1267 1380 ejus
1294 1340 1378 1370 nasci
1403 1341 1502 1381 primo

839 1396 896 1415 ceu
921 1386 1138 1422 vermiculum,
1164 1387 1235 1418 inde
1260 1388 1323 1418 fieri
1348 1389 1503 1430 pullum.''

839 1434 1018 1465 Secundum
1040 1435 1117 1465 alios
1135 1435 1209 1466 solis
1233 1436 1327 1467 radiis
1349 1438 1503 1469 comburi-

839 1488 899 1518 tur,
910 1488 1004 1524 atque
1018 1494 1033 1514 e
1046 1483 1201 1514 cineribus
1214 1485 1315 1526 prodit
1329 1496 1408 1516 nova
1425 1488 1503 1524 avis,

839 1542 908 1571 quae
924 1543 1016 1562 ovum
1038 1532 1113 1563 facit
1135 1544 1151 1563 e
1173 1534 1317 1574 myrrha;
1340 1534 1386 1564 illi
1409 1546 1501 1567 exca-

839 1585 911 1610 vato
935 1579 1015 1611 indit
1041 1581 1189 1622 reliquias
1213 1588 1357 1624 paternas
1385 1594 1500 1625 easque

839 1628 938 1659 defert
975 1629 1006 1659 in
1044 1630 1194 1671 templum
1229 1630 1503 1673 Heliopolitarum.

840 1677 989 1708 Heinsius
1020 1689 1143 1709 versum
1181 1679 1257 1709 404.
1290 1680 1501 1712 adulterinum

839 1727 979 1767 putabat,
996 1727 1072 1757 forte
1089 1732 1120 1757 et
1135 1733 1196 1758 tres
1215 1734 1392 1769 sequentes.
1437 1731 1498 1761 Pro

839 1776 907 1805 altae
937 1776 1138 1806 Burmannus
1167 1777 1279 1807 suadet
1307 1779 1403 1814 almae,
1430 1789 1499 1820 quae

840 1824 929 1865 quasi
948 1824 1026 1855 aluit
1047 1830 1078 1855 et
1097 1824 1205 1855 eduxit
1222 1826 1406 1857 Phoenicem
1422 1839 1429 1865 ;
1454 1828 1503 1858 in-

838 1873 963 1912 geniose
980 1873 1118 1914 quidem,
1131 1873 1185 1903 sed
1199 1873 1307 1904 dubito
1320 1885 1358 1905 an
1370 1882 1401 1906 et
1413 1887 1498 1908 vere:

839 1922 985 1952 Lactant.
1002 1933 1067 1952 ver.
1080 1923 1121 1952 39
1135 1934 1140 1951 ε
1168 1926 1188 1939 “
1202 1923 1346 1954 Considit
1363 1924 1393 1954 in
1409 1925 1498 1955 arbo-

838 1969 879 2000 ris
902 1970 972 2000 altae
990 1971 1115 2001 Vertice
1130 1970 1163 1999 :''
1187 1977 1218 2001 et
1238 1982 1301 2002 ver.
1319 1973 1371 2003 69.
1386 1977 1405 1989 “
1420 1973 1499 2004 'sum

838 2017 914 2058 legit
956 2018 1038 2049 aerio
1075 2018 1241 2049 sublimem
1280 2019 1394 2051 vertice
1431 2021 1498 2062 pal-

838 2066 954 2096 mam.’'

881 2116 955 2145 406.
980 2116 1163 2156 Hyperionis
1177 2118 1257 2153 urbs,
1273 2117 1500 2158 Heliopolis,in

838 2164 979 2194 confiniis
1008 2165 1137 2206 AEgypti
1175 2171 1206 2195 et
1241 2165 1378 2201 Arabiae,
1409 2166 1499 2197 bodie

840 2212 963 2243 Balbek.
1010 2213 1069 2243 Pro
1084 2215 1144 2243 a’de
1159 2215 1285 2253 reponit,
1301 2214 1383 2254 quod
1401 2215 1499 2245 niani-

838 2262 948 2291 festam
978 2261 1254 2292 contradictionem
1281 2262 1395 2293 habere
1422 2263 1499 2293 dicit

839 2320 910 2340 cum
939 2310 1039 2340 verbis
1068 2311 1251 2351 anteferes.
1304 2311 1499 2352 Seliepperus

839 2359 963 2399 corrigit
979 2361 1050 2388 urbe
1067 2361 1194 2398 reponit.
1235 2360 1321 2389 Unus
1336 2359 1498 2391 Leidensis

838 2413 869 2438 et
887 2408 993 2448 Tbysii
1018 2409 1094 2443 orbe,
1111 2414 1144 2438 ut
1167 2408 1276 2448 globus
1300 2408 1427 2449 quidam
1451 2409 1496 2439 in-

837 2456 934 2497 tellig.
982 2457 1180 2487 Burmannus
1215 2456 1322 2486 mallet
1349 2458 1437 2496 sin-es
1465 2457 1496 2488 in

837 2516 905 2535 urus
920 2504 1042 2536 mutari.
1067 2506 1213 2535 Lactant.
1229 2505 1322 2540 enim,
1339 2516 1402 2535 ver.
1416 2505 1495 2544 1223

837 2553 931 2593 Inque
967 2565 1021 2583 ara
1060 2556 1199 2589 residens,
1236 2554 1326 2584 Punic
1364 2556 1395 2584 in
1435 2557 1495 2585 cede

835 2614 933 2633 sacra.

879 2652 951 2681 408.
977 2651 1008 2679 Si
1027 2651 1332 2691 tumen-—hyaen(1m.]
1360 2651 1491 2686 Plinius,

838 2700 900 2730 viii.
914 2701 972 2730 30:
999 2704 1017 2716 ‘¹
1034 2700 1163 2741 Hyaenis
1178 2706 1340 2741 utramque
1358 2710 1423 2732 esse
1440 2711 1492 2731 na—
