1779 3130
221 172 276 213 18
607 165 657 205 P.
692 160 903 204 OVIDII
940 158 1219 200 NASONIS

225 285 339 332 Non
364 284 541 330 iterum
567 277 837 341 repetenda
860 291 977 330 suo;
1018 274 1295 337 pennisque
1322 272 1511 318 levatus

223 359 517 413 Antevolat3
559 354 830 416 comitique
856 352 1014 407 timet,
1036 351 1171 397 velut
1195 351 1316 404 ales,
1344 349 1406 395 ab
1432 348 1533 394 alto

226 436 349 490 Quae
376 442 597 481 teneram
623 430 813 494 prolem
835 426 1071 491 produxit
1089 427 1138 472 in
1164 442 1279 473 aera
1302 425 1435 480 nido,

228 511 570 571 Hortaturque
597 505 758 568 sequi,
776 505 1144 565 damnosasque
1164 501 1327 549 erudit
1351 508 1497 555 artes,
1521 501 1617 544 215

230 588 297 635 Et
319 593 483 633 movet
507 586 615 647 ipse
641 598 772 636 suas,
801 589 852 628 et
876 579 977 626 nati
1001 579 1204 642 respicit
1228 579 1349 625 alas.

231 664 339 711 Hos
366 661 564 724 aliquis,
591 658 803 706 tremula
827 657 944 702 dum
979 662 1148 718 captat
1173 654 1411 700 arundine
1437 652 1618 716 pisceS,

231 741 335 788 Aut
360 746 528 803 pastor
552 736 747 790 baculo,
776 734 961 780 stivave
987 731 1185 778 innixus
1211 738 1386 785 arator,

231 817 384 871 Vidit,
403 823 453 862 et
469 812 725 875 obstupuit
742 829 752 866 ;
779 809 965 872 quique
982 808 1167 854 aethera
1181 822 1383 870 carpere
1398 811 1620 869 possent,

237 894 465 942 Credidit
489 907 599 939 esse
621 890 755 936 Deos
775 905 784 935 :
826 894 876 934 et
895 888 999 949 jam
1023 885 1051 931 J
1059 884 1238 931 unonia
1261 884 1385 930 laeva
1525 884 1624 926 220

236 972 386 1019 Parte
416 970 591 1016 Samos
606 967 814 1020 fuerant,
836 964 1108 1025 Delosque,
1127 961 1385 1023 Parosque
1408 958 1591 1005 relictae
1609 974 1621 1014 ;

239 1049 436 1096 Dextra
447 1044 736 1107 Lebynthos
753 1047 906 1095 erant,
918 1038 1248 1100 foecundaque
1264 1037 1410 1084 melle
1422 1035 1624 1097 Calym-

240 1125 406 1178 Quum
427 1137 550 1185 puer
575 1118 750 1166 audaci
776 1116 927 1180 coepit
952 1114 1168 1177 gaudere
1192 1114 1374 1168 volatu,
1510 1113 1622 1173 [ne:

239 1200 575 1260 Deseruitque
596 1197 790 1250 ducem,
817 1194 1031 1255 coelique
1056 1191 1288 1254 cupidine
1306 1196 1494 1237 tractus

238 1278 402 1325 Altius
428 1275 530 1337 egit
554 1275 672 1320 iter:
713 1270 871 1334 rapidi
895 1268 1076 1316 vicinia
1099 1267 1229 1314 Solis

241 1353 407 1400 Mollit
431 1352 675 1404 odoratas,
703 1361 977 1412 pennarum
1001 1344 1212 1399 vincula,
1235 1359 1391 1391 ceras.

243 1430 531 1476 Tabuerant
556 1442 706 1473 cerae:
747 1424 906 1471 nudos
928 1422 1090 1485 quatit
1113 1421 1197 1468 ille
1218 1422 1430 1468 lacertos
1449 1438 1459 1476 ;

244 1505 577 1567 Remigioque
603 1518 777 1549 carens
801 1517 897 1547 non
919 1500 1044 1546 ullas
1070 1498 1285 1562 percipit
1309 1514 1480 1554 auras;

248 1583 451 1645 Oraque
476 1581 703 1635 caerulea,
731 1579 946 1642 patrium
971 1577 1236 1624 clamantia
1259 1592 1454 1631 nomen,

247 1660 579 1721 Excipiuntur
599 1673 745 1720 aqua,
774 1673 885 1719 quae
911 1671 1091 1702 nomen
1115 1653 1267 1700 traxit
1293 1654 1355 1700 ab
1381 1653 1480 1699 illo.
1536 1655 1633 1699 230

246 1737 315 1784 At
339 1744 479 1800 pater
498 1735 685 1789 infelix,
713 1750 803 1781 nec
824 1736 927 1796 jam
952 1739 1107 1796 pater,
1137 1737 1167 1756 ‘⁶
1191 1730 1381 1786 Icare,'’
1407 1730 1548 1787 dixit,

249 1820 278 1837 “
308 1813 496 1867 Icare‚''
517 1811 662 1866 dixit,
682 1817 712 1835 “
730 1811 813 1857 ubi
836 1811 922 1858 es?
950 1826 1050 1873 qua
1066 1817 1116 1856 te
1137 1807 1336 1870 regione
1357 1807 1634 1870 requiram?

249 1890 389 1936 Icare
407 1889 448 1934 !''
486 1889 709 1934 dicebat:
738 1903 926 1951 pennas
952 1885 1217 1948 conspexit
1241 1884 1291 1930 in
1316 1884 1478 1939 undis,

251 1965 563 2027 Devovitque
588 1980 702 2011 suas
728 1971 873 2020 artes,
901 1978 1186 2026 corpusque
1211 1961 1438 2025 sepulcro

1531 1268 1628 1311 225

254 2164 286 2194 in
302 2163 474 2205 publicum.
508 2164 706 2195 Burmannus
727 2173 743 2193 e
767 2162 910 2193 Leidensi

254 2218 286 2243 et
301 2212 420 2242 duobus
437 2212 506 2242 aliis
521 2213 607 2243 dedit
620 2214 772 2252 producit.

298 2261 372 2290 218.
389 2261 486 2296 stim,
501 2261 619 2301 lignum
635 2260 725 2296 illud,
736 2271 798 2301 qua
813 2265 913 2290 arator

978 2162 1067 2192 litore
1084 2161 1168 2192 Asiae
1188 2159 1315 2191 minoris
1339 2171 1400 2190 non
1422 2159 1523 2201 potnit
1547 2158 1575 2190 ei
1597 2159 1637 2190 ad

980 2213 1081 2241 lteram
1120 2220 1198 2241 esse.
1251 2209 1300 2239 Ibi
1329 2209 1457 2239 Juuanis
1487 2209 1638 2250 templum

979 2270 1100 2290 summa
1115 2257 1262 2299 religione
1274 2258 1445 2288 colebatur.
1476 2257 1558 2288 Vide
1574 2257 1641 2288 He-

255 2309 338 2350 apud
356 2309 483 2339 Veteres
500 2316 634 2339 aratrum
650 2310 806 2340 flectebat.

299 2358 374 2387 219.
400 2357 559 2396 Obstupuit
589 2358 664 2393 fere,
690 2364 724 2387 ut
748 2356 831 2398 apud
854 2357 912 2386 At-

257 2406 335 2436 tium
351 2412 464 2446 pastor,
481 2406 533 2446 qui
548 2406 679 2447 primam
692 2416 802 2436 navem
819 2406 914 2436 videt.

259 2454 327 2485 Cic.
348 2455 423 2484 Nat.
446 2455 542 2484 Deor.
565 2454 597 2484 ii.
611 2456 661 2485 35.
701 2455 818 2485 Versus
842 2460 915 2484 sunt

257 2502 411 2544 praeclari,
427 2502 480 2532 sed
497 2509 633 2544 apparet,
649 2513 700 2533 eos
726 2503 828 2533 studio
848 2513 913 2533 esse

259 2550 432 2585 arcessitos,
471 2557 513 2585 et,
540 2558 687 2592 tanquam
724 2551 915 2592 peculiarem

259 2599 458 2634 sententiam,
474 2599 680 2641 interpositos.

304 2648 377 2677 221.
394 2649 502 2683 Samos,
521 2648 598 2688 etc.]
628 2648 755 2679 Eaedem
782 2647 844 2677 sere
868 2647 913 2677 in-

261 2697 349 2732 sulae,
371 2697 439 2728 Art.
454 2697 563 2727 Amat.
581 2698 717 2728 79—82.
763 2698 861 2726 Samos
884 2697 915 2727 in

979 2309 1058 2339 roid.
1078 2308 1122 2338 iii.
1139 2309 1191 2338 60.
1233 2308 1425 2348 Calymnium
1448 2308 1506 2337 mel
1530 2307 1639 2338 lauda-

983 2364 1031 2388 tur
1056 2368 1074 2387 a
1095 2357 1256 2392 Strabone,
1273 2368 1303 2386 x.
1320 2368 1350 2397 p.
1366 2356 1439 2386 749.
1487 2356 1572 2391 Coelz',
1587 2366 1640 2385 vo-

980 2407 1065 2438 landi
1081 2418 1135 2448 per
1150 2408 1248 2436 latum
1261 2413 1293 2436 et
1308 2405 1493 2448 profundum
1509 2405 1641 2436 coelum.

1024 2457 1098 2486 226.
1120 2455 1268 2485 Odoratns
1285 2460 1372 2485 ornat
1387 2460 1522 2490 tantum,
1539 2464 1640 2494 neque

982 2503 1059 2534 adeo
1073 2504 1288 2533 Burmannum
1313 2502 1470 2533 offendere
1491 2502 1640 2532 debebat.

983 2553 1021 2582 In
1048 2554 1140 2582 nudos
1159 2554 1258 2592 quatit
1289 2554 1412 2582 lacertas
1437 2550 1642 2581 Nasonismus

982 2607 1048 2638 est,
1069 2601 1190 2642 jocatur
1213 2600 1295 2630 enim
1317 2611 1420 2631 rursus
1443 2599 1475 2630 in
1496 2610 1527 2630 re
1550 2599 1643 2629 seria.

984 2650 1076 2679 Aurae
1101 2655 1131 2680 et
1156 2651 1270 2688 percipi
1295 2649 1440 2682 dicuntur
1461 2655 1492 2680 et
1515 2650 1642 2688 concipi.

984 2698 1065 2729 Vide
1082 2697 1121 2727 ad
1140 2698 1193 2728 xii.
1210 2699 1283 2729 569.
