1779 3130
232 168 318 209 372

607 168 656 207 Ρ.
688 166 902 207 OVIDII
936 165 1215 207 NASONIS

243 280 383 328 Talia
407 280 634 335 tentanti,
670 286 699 304 “
719 279 913 335 Prius,'’
939 280 1117 342 inquit,
1152 286 1181 303 “
1200 281 1250 326 in
1275 297 1471 344 aequore
1496 281 1626 328 fron-

441 355 579 412 des,’⁷

246 432 485 488 Glaucus,
509 439 540 456 “
558 439 610 479 et
630 432 905 479 insummis
923 439 1193 479 nascentur
1208 433 1460 480 montibus
1476 434 1624 495 algae3

248 509 450 572 Sospite
476 525 626 572 quam
655 510 824 572 Scylla
849 510 1001 556 nostri
1027 517 1280 557 mutentur
1305 510 1547 557 amores.'’

247 585 514 648 Indignata
540 586 650 634 Dea
675 593 779 642 est3
815 593 864 632 et
888 586 1067 633 laedere
1093 593 1340 649 quatenus
1366 587 1531 650 ipsum
1566 590 1631 633 40

248 662 362 709 Non
385 669 596 726 poterat,
623 679 713 710 nec
739 664 889 710 vellet
913 680 1101 719 amans,
1129 664 1355 711 irascitur
1378 664 1463 719 illi,

248 738 373 792 Quae
394 739 488 786 sibi
507 740 712 803 praelata
731 747 808 789 est
830 758 840 796 ;
871 739 1183 802 Venerisque
1203 740 1393 787 offensa
1416 740 1630 803 repulsa,

248 814 481 863 Protinus
506 817 763 863 horrendis
790 815 992 863 infamia
1015 817 1201 879 pabula
1225 816 1387 863 succis

250 893 505 948 Conterit3
545 901 596 939 et
618 893 744 939 tritis
770 891 1012 939 Hecateia
1036 892 1254 940 carmina
1278 893 1482 949 miscet;

251 970 549 1032 Caerulaque
573 970 794 1017 induitur
816 970 1089 1027 velamina3
1119 986 1308 1033 perque
1332 969 1545 1016 ferarum
1570 972 1633 1016 45

249 1047 445 1109 Agmen
470 1047 760 1094 adulantum
785 1047 949 1093 media
973 1047 1198 1110 procedit
1223 1048 1284 1094 ab
1311 1047 1450 1094 aula:

253 1123 650 1187 Oppositamque
677 1132 852 1187 petens
879 1132 1051 1171 contra
1076 1125 1306 1171 Zancleia
1331 1140 1454 1171 saxa

250 1200 496 1264 Rhegion,
522 1202 795 1263 ingreditur
819 1201 1063 1248 ferventes
1090 1201 1294 1248 aestibus
1320 1201 1506 1257 undas3

251 1277 311 1324 In
337 1278 535 1340 quibus,
563 1286 618 1324 ut
643 1278 815 1333 solida,
844 1278 983 1340 ponit
1005 1278 1228 1339 vestigia,
1257 1278 1379 1341 ripa,

1570 1280 1634 1323 49

254 1355 561 1418 Summaque
577 1356 793 1402 decurrit
804 1355 1016 1418 pedibus
1034 1370 1184 1417 super
1199 1370 1397 1416 aequora
1414 1354 1576 1401 siccis.

254 1432 441 1478 Parvus
467 1440 573 1480 erat
599 1449 796 1494 gurges,
823 1448 996 1478 curvos
1024 1431 1246 1477 sinuatus
1272 1431 1319 1476 in
1347 1447 1505 1485 arcus,

255 1509 411 1555 Grata
436 1509 577 1571 quies
606 1508 788 1571 Scyllae
813 1525 821 1555 ε
863 1523 961 1570 quo
988 1523 1040 1554 se
1067 1507 1312 1554 referebat
1337 1508 1398 1553 ab
1424 1514 1547 1553 aestu

254 1584 320 1631 Et
344 1585 490 1632 maris
516 1593 565 1632 et
590 1585 717 1640 coeli,
745 1584 910 1632 medio
937 1601 1090 1647 quum
1117 1584 1358 1647 plurimus
1385 1586 1503 1631 orbe

257 1661 342 1708 Sol
367 1669 486 1716 erat,
515 1669 564 1708 et
587 1662 817 1709 minimas
844 1678 872 1709 a
895 1662 1080 1709 vertice
1106 1662 1291 1709 fecerat
1316 1662 1533 1708 umbras.

255 1737 403 1784 Hunc
431 1738 541 1785 Dea
564 1739 822 1801 praevitiat,
852 1738 1286 1801 portentiferisque
1311 1737 1514 1784 venenis
1575 1741 1637 1785 55

298 1881 351 1910 37.
379 1880 471 1910 Prius
492 1882 520 1910 in
541 1891 664 1920 (square,
680 1880 761 1920 etc.]
789 1880 839 1910 De
854 1879 911 1910 hoc

257 1929 417 1971 proverbio
432 1929 503 1960 vide
519 1929 558 1959 ad
575 1929 642 1959 xiii.
659 1930 733 1959 324.

300 1981 351 2010 40.
380 1980 511 2015 Laedere,
533 1979 635 2010 succis
664 1985 695 2010 et
725 1978 914 2009 carminibus

257 2034 376 2060 mutare
391 2029 458 2070 ejus
473 2028 614 2059 sormam.
647 2029 812 2063 Quatenus,
829 2027 914 2068 quia.

258 2077 327 2107 Non
340 2084 467 2116 poterat,
484 2077 598 2118 quippe
615 2077 730 2106 Deum.
779 2076 912 2110 Veneris,

257 2127 289 2157 in
305 2136 418 2157 amore.
456 2127 572 2156 Pabula
592 2123 744 2166 ex‘quisite
761 2135 827 2166 pro,
845 2135 915 2165 gra-

258 2175 351 2206 mina.
377 2176 496 2210 Miscet,
513 2175 594 2205 inter
609 2173 772 2205 terendum
788 2173 914 2211 recitat,

258 2224 309 2254 vii.
324 2224 400 2254 248.
448 2223 596 2254 Hecateia
622 2223 671 2253 vel
696 2222 820 2252 omnino
845 2232 912 2252 ma-

258 2274 338 2314 gica,
356 2273 402 2303 vel
423 2272 535 2314 quibus
551 2272 755 2302 invocabatur
769 2272 891 2301 Hecate
906 2283 913 2307 5-

259 2321 329 2352 vide
347 2321 400 2351 vii.
418 2321 469 2351 74.
485 2326 516 2351 et
531 2321 600 2351 194.
627 2321 757 2355 Caerula,
773 2325 808 2349 ut
823 2319 915 2350 maris

259 2370 378 2400 accola.
425 2370 570 2400 Ferarum
588 2381 703 2410 agmen,
720 2379 784 2398 ver.
799 2369 873 2399 255.

303 2419 354 2449 47.
386 2419 553 2457 Oppositum
577 2425 682 2448 contra
708 2429 799 2453 saia,
824 2417 916 2448 saxis.

261 2468 561 2498 Feri-entes—undas
594 2467 818 2509 appositionem
851 2477 917 2497 esse

260 2523 371 2558 putant
388 2516 496 2547 Heins.
509 2522 540 2547 et
550 2518 658 2547 Burm.
682 2517 749 2557 Ego
763 2516 807 2547 sic
824 2516 917 2546 inter-

261 2567 368 2606 punxi,
394 2565 540 2606 Rhegion,
565 2567 737 2606 ingreditur
749 2565 916 2606 sementes,

260 2619 322 2643 etc.
335 2613 377 2643 ita
388 2619 487 2652 petens
498 2624 559 2644 non
575 2613 669 2644 otiose
682 2613 834 2644 additum.
850 2614 915 2644 Ne-

262 2671 322 2701 que
350 2661 439 2692 Circe
467 2661 613 2702 Rhegion
641 2662 748 2692 urbem
778 2661 916 2701 ingressa

260 2715 319 2743 est,
336 2709 389 2739 sed
402 2710 557 2749 ferventes
577 2712 680 2745 undas,
698 2710 806 2740 fretum
827 2709 913 2739 Sicu-

981 1880 1056 1915 lum,
1073 1886 1106 1910 ut
1130 1880 1269 1911 tenderet
1292 1880 1324 1910 in
1347 1890 1415 1911 eam
1440 1886 1571 1922 partem,
1587 1879 1640 1910 ubi

980 1929 1039 1959 sita
1054 1929 1108 1959 illa
1123 1930 1205 1959 urbs.

1024 1979 1077 2008 51.
1105 1978 1256 2019 Gur-gea]
1285 1978 1411 2008 Fontem
1434 1977 1551 2007 habent
1567 1977 1639 2007 alii:

982 2026 1036 2057 sed
1051 2027 1122 2057 vide
1141 2027 1206 2057 xiii.
1223 2028 1296 2057 902.
1321 2027 1459 2061 'l'zetzes,
1475 2026 1508 2056 d.
1524 2026 1546 2056 l.
1562 2025 1639 2067 φάρ-

981 2087 1069 2116 μακα
1109 2075 1316 2116 ἐμβαλούσης
1342 2077 1382 2117 τῇ
1411 2076 1514 2117 πηγῇ,
1550 2074 1593 2116 ἐφ’
1618 2075 1643 2118 ᾖ

982 2125 1080 2155 εἰώθει
1097 2125 1258 2160 λούεσθαι,
1274 2125 1493 2165 ἀπεθηριώθη.
1538 2124 1588 2155 Sic
1611 2131 1643 2155 et

983 2174 1178 2214 Fulgentius.
1204 2175 1249 2203 Ab
1265 2180 1349 2209 (csta,
1368 2180 1402 2204 ut
1418 2173 1459 2203 ibi
1477 2179 1543 2204 tuta
1559 2180 1640 2204 esset

984 2223 1022 2252 ab
1032 2228 1120 2258 aestu,
1130 2228 1194 2258 aut,
1203 2228 1340 2264 tempore
1348 2229 1452 2253 aestus.
1471 2223 1641 2259 Plurimus,

984 2272 1161 2302 acerrimus.

1026 2322 1077 2350 55.
1103 2320 1281 2350 Praeritiare
1305 2330 1420 2350 novum
1443 2320 1584 2355 verbum,
1608 2326 1642 2350 ut

983 2380 1212 2407 praeconsumere
1242 2369 1293 2399 vii.
1319 2370 1381 2399 489
1394 2381 1402 2406 ;
1431 2370 1642 2408 proedelassare

985 2417 1026 2446 xi.
1042 2418 1116 2454 7313
1132 2424 1379 2456 prcrcontrectare
1393 2429 1423 2447 v.
1437 2418 1510 2446 478.
1522 2422 1551 2447 et
1565 2428 1642 2455 prcc-

985 2476 1173 2504 corrumpere
1186 2466 1266 2496 infra
1282 2476 1346 2496 ver.
1364 2466 1434 2496 134.
1459 2464 1559 2494 Etiam
1573 2475 1641 2503 par-

986 2514 1134 2554 ientis'eris
1157 2524 1283 2549 novum,
1307 2513 1388 2554 quod
1415 2513 1534 2543 dictum
1562 2523 1641 2550 esse,

985 2568 1020 2592 ut
1035 2563 1266 2603 711onstr3'fer1mz‚
1283 2562 1465 2601 hori-{terum
1484 2568 1515 2592 et
1529 2561 1642 2592 similia

985 2611 1067 2652 apud
1084 2611 1242 2646 Nostrum,
1259 2616 1362 2641 monet
1377 2610 1536 2641 Heinsius.
1561 2610 1642 2640 Nes-

984 2659 1031 2689 cio
1046 2664 1161 2695 tamen,
1179 2670 1217 2689 an
1236 2670 1294 2689 nou
1311 2660 1426 2689 rectius
1445 2663 1515 2688 ante
1531 2657 1641 2689 Heius.

983 2707 1183 2748 plurimorum
1208 2708 1301 2738 MSS.
1317 2707 1498 2738 auctoritate
1522 2706 1638 2737 editum
