1779 3130
216 172 300 215 168

604 171 654 212 Ρ.
688 169 902 211 OVIDII
938 169 1217 211 NASONIS

211 287 445 334 Flexerat
469 285 672 347 obliquo
698 286 975 348 plaustrum
999 292 1197 332 temone
1225 283 1426 331 Bootes.

208 364 287 409 Ad
313 363 503 409 facinus
528 362 663 409 venit
686 362 771 410 illa
794 378 964 409 suum:
1004 361 1130 424 fugit
1154 377 1303 408 aurea
1327 361 1451 407 coelo

212 440 380 495 Luna;
424 446 600 501 tegunt
625 439 777 501 nigrae
802 439 1050 486 latitantia
1075 438 1238 485 sidera
1262 438 1450 492 nubes3

216 516 331 562 Nox
347 523 482 563 caret
496 516 610 578 igne
627 532 739 563 suo:
760 517 943 579 primos
959 515 1104 577 tegis,
1120 515 1276 569 Ieare,
1288 514 1454 560 vultus
1473 530 1483 569 3
1508 514 1605 557 450

217 592 533 654 Erigoneque
558 592 641 655 pio
669 599 863 639 saerata
888 592 1106 656 parentis
1133 605 1314 638 amore.

214 668 310 715 Ter
335 669 478 731 pedis
504 668 678 716 offensi
705 669 846 730 signo
873 676 950 715 est
974 674 1229 715 revocata:
1270 673 1345 712 ter
1369 681 1517 712 omen

218 745 470 792 Funereus
496 746 628 791 bubo
654 745 789 792 letali
816 744 1032 792 carmine
1058 743 1191 790 fecit.

1388 741 1579 802 [dorem
1592 757 1602 795 ;

216 820 263 867 It
291 828 483 876 tamen3
526 828 576 868 et
609 823 829 869 tenebrae
864 822 1108 876 minuunt,
1143 834 1345 880 noxque
1372 824 1480 864 atra
1516 833 1605 879 pu-

217 896 262 942 N
270 897 540 959 utricisque
566 913 766 944 manum
792 898 916 944 laeva
940 904 1106 953 tenet3
1147 897 1302 942 altera
1326 901 1461 941 motu
1507 895 1604 939 455

259 1039 334 1068 447.
375 1038 507 1079 Rome...]
549 1040 595 1069 De
626 1040 715 1071 Boute
753 1042 881 1083 ejusque

214 1089 348 1126 plaustro
366 1088 435 1119 vide
451 1088 490 1118 ad
504 1089 536 1118 ii.
555 1089 626 1119 176.
662 1090 693 1119 Is
709 1091 762 1120 ubi
779 1090 881 1120 media

215 1142 306 1166 nocte
322 1137 448 1167 culmen
461 1137 534 1167 coeli
552 1138 665 1178 attigit,
679 1144 710 1168 et
726 1138 800 1168 inde
813 1149 882 1168 ver-

214 1196 286 1226 gere
315 1186 435 1227 incipit,
452 1186 556 1226 flectit
585 1188 767 1225 plaustrum,
799 1188 881 1228 quod

216 1240 290 1264 tunc
308 1236 457 1274 obliquum
476 1242 613 1265 [emonem
633 1235 727 1266 habet
745 1248 752 1273 3
779 1237 880 1267 Luca-

216 1293 286 1317 nus,
304 1283 335 1313 ii.
353 1285 428 1313 237.
449 1284 608 1314 Parrhasis
625 1286 755 1325 obliquos
772 1286 879 1316 Helice

215 1343 303 1371 quum
321 1339 448 1362 verteret
471 1343 559 1369 arem
586 1333 665 1363 infra
680 1334 722 1364 xi.
743 1335 816 1365 257.
832 1336 877 1364 ἰη-

215 1381 327 1410 clinato
353 1387 464 1411 temone
477 1394 485 1410 .-
510 1387 617 1412 contra
631 1382 703 1423 equi
723 1382 794 1413 solis
813 1394 877 1414 sur-

216 1435 295 1468 gunt
313 1430 389 1458 elato
410 1435 522 1459 temone
544 1429 628 1470 apud
650 1430 876 1466 Claudianum,

221 1477 333 1517 Olybr.
363 1478 459 1508 Cons.
488 1479 518 1508 4.
572 1480 644 1509 Jam
672 1479 879 1520 antiquissimi

216 1532 314 1566 poetae
353 1537 368 1556 a
407 1526 542 1557 siderum
580 1528 879 1568 septemtrionalium

217 1574 437 1605 culminatione
466 1575 602 1606 mediam
630 1582 752 1607 noctem
778 1577 880 1618 desig-

224 1623 336 1652 narunt
352 1635 360 1660 3
383 1623 453 1654 vide
470 1624 583 1665 Heynii
600 1625 784 1661 Excumum,
797 1625 829 1656 ii.
842 1625 881 1656 ad

218 1672 290 1702 AEn.
302 1672 334 1702 ii.
347 1684 354 1709 ;
370 1678 401 1702 et
412 1672 568 1703 Brouekb.
581 1672 620 1703 ad
632 1673 842 1715 Propertium,
853 1675 880 1704 I.

216 1720 296 1761 eleg.
317 1721 379 1751 xvi.
395 1722 448 1751 23.

259 1770 333 1799 448.
372 1771 418 1799 Ad
439 1769 569 1810 facinus
598 1771 706 1810 reum]
746 1771 879 1812 Egregie

219 1817 284 1847 baec
302 1818 389 1848 finxit
405 1818 446 1848 rei
465 1819 665 1860 turpitudinis
681 1819 878 1850 declaraudae

216 1877 320 1897 causa.
366 1868 456 1897 Luna
475 1873 506 1896 et
525 1867 625 1898 sidera
649 1879 680 1897 se
705 1868 876 1899 absconde-

215 1916 301 1949 bant,
328 1926 364 1946 ne
395 1915 626 1946 offenderentur
655 1924 782 1957 aspectu
813 1922 876 1947 tam

217 1964 325 1993 nefarii
350 1963 504 1999 facinoris,
527 1970 557 1994 et
582 1971 615 1995 ut
637 1975 685 1995 res
706 1972 768 1995 tam
793 1972 879 1996 atrox

217 2013 248 2042 in
270 2012 458 2043 densissimis
483 2013 620 2043 tenebris
641 2020 879 2055 perpetraretur.

218 2061 313 2102 fugit
338 2063 418 2097 ra‘lo,
448 2061 562 2102 tegitur
588 2062 736 2097 nubibus,
761 2068 795 2092 ut
819 2073 879 2093 non

217 2116 371 2146 cernatur,
396 2116 430 2140 ut
454 2110 568 2151 fugisse
594 2110 756 2149 videatur3
790 2113 880 2152 Virg.

219 2158 332 2198 Georg.
353 2159 374 2188 i.
399 2159 473 2188 441.
498 2160 538 2188 sol
558 2161 695 2190 conditus
720 2162 750 2190 in
775 2162 880 2190 nubem

218 2209 311 2237 medio
328 2208 441 2249 refugit
456 2209 534 2238 orbe.
571 2209 641 2244 Suo,
658 2209 741 2239 nocti
759 2209 881 2250 proprio

219 2263 252 2287 et
274 2257 399 2286 usitato.
457 2256 507 2287 Sic
524 2257 685 2297 Virgilius,
707 2258 822 2298 Georg.
842 2257 882 2288 iv.

225 2306 294 2335 190.
321 2305 361 2335 de
386 2305 507 2346 apibus,
531 2316 614 2345 sopor
636 2318 716 2336 suus.
767 2307 883 2336 Primus

222 2356 307 2395 tegis,
325 2354 423 2390 Ioui-e,
436 2356 550 2384 vultus.
577 2355 746 2385 Commode
759 2354 881 2385 Icarum

222 2415 282 2445 prce
299 2404 415 2445 pudore
436 2415 468 2434 se
489 2405 731 2435 abscondentem
751 2405 881 2440 inducit,

222 2452 313 2492 cujus
330 2452 393 2482 filia
412 2453 542 2493 Erigone
557 2453 609 2494 pia
626 2453 700 2483 satis
716 2453 747 2483 iu
764 2459 881 2494 patrem

224 2500 335 2531 suerat.
373 2502 496 2543 Nempe
514 2501 598 2531 [euro
614 2503 724 2543 (quem
741 2501 792 2532 alii
810 2503 880 2532 Ica-

222 2549 300 2578 rium
317 2549 496 2589 appellant3
520 2550 590 2581 vide
604 2551 749 2581 Munker.
763 2551 803 2581 ad
816 2552 882 2592 Hy-

224 2597 342 2636 ginum,
359 2599 420 2628 fab.
438 2600 515 2635 130)
532 2610 549 2629 a
565 2600 740 2640 pastoribus
756 2600 882 2634 Atticis,

221 2657 301 2686 quos
315 2646 413 2677 ebrios
423 2647 551 2683 fecerat,
562 2648 735 2684 interfecto,
749 2648 881 2688 Erigone

221 2694 299 2725 rideo
323 2694 422 2725 doluit
445 2695 540 2736 patris
562 2702 703 2732 mortem,
730 2702 764 2727 ut
791 2707 882 2738 super

948 1051 1059 1082 corpus
1075 1040 1142 1081 ejus
1157 1039 1189 1069 in
1205 1039 1313 1069 arbore
1329 1036 1496 1079 suspendio
1513 1035 1608 1066 vitam

949 1090 1060 1120 finiret.
1091 1089 1226 1119 Deorum
1244 1087 1405 1118 voluntate
1420 1086 1511 1116 ambo
1527 1084 1607 1115 inter

948 1138 1050 1169 sidera
1078 1137 1166 1168 relati
1197 1142 1278 1168 sunt.
1324 1136 1457 1176 Erigone
1484 1133 1607 1175 signum

949 1188 1099 1229 Virginis,
1124 1188 1232 1217 Icarus
1255 1187 1369 1215 Bootes
1398 1184 1429 1214 in
1453 1183 1607 1214 sideribus

949 1241 995 1266 est
1011 1236 1123 1266 dictus.
1147 1235 1264 1275 Hygin.
1280 1234 1364 1264 dieto
1379 1233 1457 1268 loco,
1473 1238 1505 1263 et
1518 1232 1553 1261 P.
1566 1231 1607 1263 A.

947 1285 980 1314 ii.
997 1286 1034 1314 4:
1062 1289 1092 1315 et
1114 1285 1152 1313 ab
1173 1283 1280 1314 eodem
1301 1283 1365 1312 fab.
1384 1283 1457 1312 254.
1472 1281 1608 1321 Erigone

946 1333 1025 1364 inter
1036 1333 1181 1363 mulieres
1194 1332 1349 1373 piissimas
1364 1332 1508 1361 refertur:
1533 1339 1607 1359 con-

947 1383 1002 1413 fer.
1018 1382 1161 1412 Tibullus
1181 1382 1242 1412 IV.
1267 1381 1289 1411 i.
1308 1382 1327 1411 9
1352 1391 1420 1421 sqq.
1468 1380 1607 1415 Sacrata,

946 1432 1026 1462 inter
1048 1431 1150 1462 sidera
1172 1431 1293 1462 relata:
1325 1429 1396 1459 vide
1420 1428 1460 1459 ad
1483 1428 1528 1458 ix.
1556 1429 1608 1458 88.

950 1481 1006 1510 Pio
1021 1492 1128 1515 αηιοι-ρ,
1146 1485 1268 1521 propter
1285 1478 1370 1520 pium
1387 1487 1536 1507 amorem.

992 1529 1065 1559 452.
1092 1529 1148 1558 Tei·
1164 1529 1243 1566 perlis
1259 1527 1373 1568 offensi,
1389 1526 1466 1566 etc.]
1494 1525 1607 1566 Neque

948 1577 1090 1607 infaustis
1106 1576 1258 1611 omnibus,
1276 1575 1375 1616 iisque
1396 1580 1442 1605 ter
1456 1574 1608 1616 repetitis,

950 1636 967 1656 a
983 1632 1096 1656 conatu
1110 1635 1165 1656 suo
1181 1623 1327 1655 deterreri
1343 1622 1453 1665 potuit.
1479 1622 1610 1664 offensio

947 1677 1030 1715 pedis
1044 1677 1076 1704 in
1093 1676 1194 1704 limine
1213 1672 1348 1703 maxime
1371 1672 1528 1702 sinistrum
1547 1674 1608 1713 sig-

948 1736 1031 1759 nnm,
1060 1723 1091 1754 id
1121 1730 1177 1758 est,
1214 1732 1315 1757 omen,
1344 1721 1427 1762 apud
1460 1721 1611 1759 Veteres3

948 1773 1088 1803 videatur
1106 1772 1210 1802 Tibul.
1226 1771 1254 1801 Ι.
1273 1770 1317 1800 iii.
1335 1772 1386 1801 19.
1404 1775 1437 1801 et
1454 1770 1568 1800 Noster
1582 1769 1610 1800 Ι.

947 1822 1039 1851 Trist.
1061 1820 1104 1851 iii.
1124 1823 1165 1851 55
1182 1832 1189 1857 3
1216 1820 1322 1849 Amor.
1339 1819 1365 1848 Ι.
1388 1818 1442 1849 xii.
1462 1819 1491 1848 4.
1535 1818 1608 1848 Ter-

948 1871 1026 1901 tium
1050 1870 1177 1900 demum
1199 1879 1292 1899 omen
1316 1868 1417 1909 priora
1441 1867 1607 1905 firmabat3

947 1918 1075 1949 Heroid.
1091 1918 1131 1948 iv.
1152 1918 1168 1947 7
1186 1928 1233 1958 sq.
1278 1916 1362 1946 Hinc
1385 1915 1480 1946 etiam
1500 1925 1606 1956 super-

947 1967 1057 1998 stitiosi
1078 1973 1123 1997 ter
1144 1966 1358 2006 sortilegorum
1381 1970 1477 1996 sortes
1500 1964 1609 1995 tollere

947 2017 1110 2053 solebant3
1142 2015 1297 2050 Tibullus,
1324 2015 1351 2044 I.
1374 2014 1420 2044 iii.
1450 2015 1499 2044 11.
1558 2014 1609 2045 De

949 2066 1058 2095 bubone
1074 2064 1144 2094 vide
1159 2065 1199 2094 ad
1214 2075 1244 2094 v.
1257 2064 1332 2094 543.
1358 2062 1481 2093 Nostris
1496 2062 1610 2093 dicitur

948 2117 1001 2144 der
1023 2115 1154 2148 Schnhn,
1172 2121 1280 2154 estque
1300 2123 1317 2143 e
1336 2122 1448 2153 genere
1467 2111 1609 2152 strigum,

949 2163 988 2193 de
1004 2163 1117 2204 quibus
1133 2162 1172 2192 ad
1190 2162 1242 2191 vii.
1258 2162 1331 2192 269.
1347 2161 1494 2191 diximus.
1533 2160 1608 2190 Car-

948 2223 1013 2241 men
1041 2212 1139 2246 letale,
1165 2216 1276 2240 cantus
1312 2208 1454 2250 lugubris
1492 2209 1610 2239 malum

950 2260 1067 2291 exitum
1083 2260 1285 2301 praesagiens.

994 2310 1070 2339 454.
1097 2309 1245 2338 Minzzunt
1274 2309 1427 2347 pudorem,
1453 2306 1527 2348 quia
1549 2316 1610 2337 non

948 2357 1117 2388 verendum
1138 2363 1214 2392 erat,
1241 2362 1273 2387 ut
1292 2356 1612 2387 animadverterentur

950 2417 967 2437 a
983 2406 1141 2448 quopiam.

993 2456 1068 2486 455.
1094 2455 1288 2494 Nutricisqne
1303 2466 1434 2490 manum,
1451 2454 1529 2494 etc.]
1548 2453 1610 2484 Hic

950 2504 1035 2534 locus
1056 2503 1213 2543 ingeniose
1235 2503 1379 2544 scriptus,
1402 2502 1445 2532 ita
1465 2508 1499 2532 ut
1517 2502 1610 2542 virgi-

950 2563 1020 2583 nem
1051 2552 1230 2593 palpantem
1259 2552 1290 2581 in
1321 2551 1457 2581 tenebris
1483 2557 1513 2580 et
1539 2561 1611 2581 cum

951 2607 1078 2631 tremore
1095 2600 1298 2631 accedentem
1318 2600 1358 2630 ad
1377 2599 1473 2640 patris
1494 2599 1609 2630 lectum

950 2649 1045 2679 veluti
1061 2648 1159 2679 oculis
1177 2658 1350 2678 cernamus.
1398 2648 1485 2677 Mota
1501 2659 1610 2678 coecum

951 2700 1008 2728 iter
1030 2698 1173 2737 eiplorat,
1200 2697 1323 2728 Novem
1348 2702 1453 2727 tactu.-
1487 2696 1609 2738 egregie
