1779 3130
268 184 325 224 54
659 185 709 225 P.
742 184 955 226 OVIDII
988 185 1267 227 NASONIS

264 296 456 358 Anguis
482 313 617 345 eras:
658 299 805 344 modo
829 305 878 345 te
902 298 1150 346 faciebant
1181 315 1366 346 cornua
1388 307 1611 346 taurum:

267 373 412 435 Saepe
432 374 555 436 lapis
577 380 789 436 poteras,
808 375 951 421 arbor
973 391 1173 438 quoque
1194 392 1327 438 saepe
1345 376 1522 422 videri:
1553 378 1648 422 735

264 448 519 495 Interdum
544 449 721 496 faciem
745 451 1046 512 liquidarum
1071 452 1293 498 imitatus
1319 467 1561 514 aquarum

264 524 471 572 Flumen
498 541 632 583 eras;
672 527 920 573 interdum
944 528 1090 574 undis
1116 529 1389 575 contrarius
1415 527 1558 590 ignis.

331 601 439 648 Nec
465 602 627 649 minus
651 602 885 666 Autolyci
911 606 1111 666 conjux,
1141 605 1459 651 Erisichthon
1484 609 1646 658 enata,

261 675 291 722 J
299 677 395 723 uris
420 677 598 725 habet:
639 685 778 741 pater
802 679 949 741 hujus
975 688 1095 735 erat,
1124 681 1209 743 qui
1235 681 1438 727 numina
1463 680 1644 726 Divum

264 752 546 815 Sperneret,
574 762 624 801 et
646 756 807 801 nullos
833 756 927 802 aris
954 758 1174 804 adoleret
1198 758 1426 804 honores.

1550 758 1647 803 740

263 828 353 876 Ille
378 829 526 877 etiam
553 831 762 880 Cereale
787 848 962 879 nemus
985 834 1192 880 violasse
1217 834 1378 882 securi

304 1008 376 1038 7:38.
403 1009 542 1048 Autolyci
561 1011 714 1050 conjugem
730 1009 857 1040 Tzetzes
877 1009 916 1039 ad

262 1057 418 1098 Lycophr.
434 1069 495 1088 ver.
512 1059 584 1088 410.
600 1065 631 1088 et
646 1059 792 1088 Lactant.
809 1059 841 1088 iu
855 1059 915 1088 Ar-

258 1112 405 1146 gumento
429 1106 519 1147 hujus
542 1107 667 1143 fabulae,
692 1108 838 1138 Mestrum
862 1118 915 1138 vo-

259 1161 351 1192 cant3
376 1155 587 1197 PalaephatuS,
605 1167 675 1198 cap.
691 1158 743 1187 24.
762 1158 913 1193 Metram,-

260 1203 436 1234 Antoninus
460 1204 621 1240 Liberalis,
639 1216 709 1247 cap.
728 1207 776 1236 17.
794 1207 914 1246 Hyper-

258 1259 407 1282 mestram.
452 1253 622 1283 Pausanias
644 1265 728 1289 vero,
748 1255 865 1286 Arcad.
883 1267 914 1297 p.

257 1301 330 1332 605.
351 1307 457 1331 auctor
477 1307 534 1337 est,
549 1302 752 1343 Autolycum,
771 1304 915 1335 Parnassi

257 1349 405 1384 incolam,
426 1351 586 1386 Mercurii,
601 1351 664 1382 sive
680 1352 782 1382 verius
798 1353 913 1384 Daeda-

257 1398 347 1428 lionis
370 1399 479 1434 filium,
500 1410 625 1430 uxorem
648 1400 794 1431 habuisse
821 1402 913 1432 Nece-

257 1456 333 1481 ram,
353 1446 442 1477 Pei-ei
466 1447 572 1477 filiam.
617 1450 720 1485 Quem
740 1449 914 1480 dissensum

256 1495 301 1525 ita
324 1495 480 1536 componit
503 1496 652 1526 Burman.
668 1503 702 1528 ut
722 1497 912 1539 Autolycum

256 1543 304 1573 bis
332 1544 561 1574 matrimonium
590 1544 694 1576 iniisse
723 1546 817 1577 dicat.
863 1548 913 1579 De

256 1591 404 1632 Autolyci
416 1592 488 1622 fatis
498 1593 568 1623 vide
580 1593 696 1634 Hygini
708 1595 793 1625 fabul
805 1606 830 1625 is
839 1598 912 1633 2³00,

254 1642 330 1671 201.
369 1641 429 1672 Sed
443 1641 475 1671 in
490 1642 550 1672 hac
566 1642 673 1673 fabula
687 1645 854 1676 notabilius
869 1653 915 1677 est

258 1690 475 1721 Erisiehthonis
501 1691 620 1721 facinus
646 1698 676 1722 et
689 1693 802 1733 firmes,
819 1705 913 1735 quam

255 1740 383 1770 Mestrae
406 1741 675 1782 metamorphosis.
723 1743 914 1776 Erisichtlzon

254 1789 348 1825 enim,
362 1789 542 1826 Thessalus,
557 1791 677 1832 Triopae
702 1791 794 1828 filius,
818 1804 913 1834 quum

255 1837 380 1868 domurn
401 1838 459 1868 sibi
482 1844 598 1868 struere
613 1839 720 1875 vellet,
737 1842 859 1872 arbores
882 1843 913 1874 in

254 1885 326 1916 luco
349 1892 471 1916 vetusto
501 1893 532 1917 et
557 1886 663 1918 Cereri
693 1899 780 1919 sacro
807 1891 911 1922 caedit.

253 1934 397 1975 Triopan]
421 1934 478 1964 hoc
494 1934 604 1965 fecisse
627 1935 753 1966 tradunt
774 1938 913 1971 Herodes

254 1982 354 2013 Attic.
376 1984 408 2012 in
428 1983 574 2024 Inscript.
594 1989 625 2014 et
647 1984 802 2025 Hyainus,
823 1987 857 2018 P.
872 1989 912 2019 A.

252 2031 284 2060 ii.
305 2032 357 2068 143
374 2031 445 2061 vide
459 2037 562 2062 tamen
578 2033 762 2064 Salmasium
774 2036 813 2065 ad
825 2037 909 2068 iilam

252 2079 401 2120 Inscript.
419 2085 449 2110 et
472 2080 641 2120 Spanhem.
659 2081 698 2112 ad
722 2082 911 2115 Callimachi

252 2127 403 2168 hymnum
418 2128 450 2158 in
467 2129 539 2159 Cer.
554 2140 619 2160 ver.
636 2131 688 2160 24.
734 2132 764 2161 A
781 2143 842 2172 quo
859 2144 909 2164 co-

252 2185 328 2207 natu
345 2188 440 2217 quum
455 2188 512 2208 nec
527 2178 752 2219 prodigiis,nec
768 2182 911 2222 precibus

253 2225 399 2255 deterreri
419 2232 531 2266 posset,
549 2226 642 2257 Ceres
662 2227 739 2258 irata
761 2229 789 2259 ei
811 2229 911 2271 injicit

253 2273 351 2304 diram
373 2274 498 2310 famem,
517 2286 580 2316 qua
600 2276 781 2308 absumitur.
827 2279 910 2310 Con-

252 2321 307 2352 fer.
323 2323 489 2358 Diodorus,
505 2334 533 2353 ν.
551 2334 582 2364 p.
598 2325 671 2354 331.
688 2324 719 2355 in
742 2326 910 2368 primisque

253 2371 476 2407 Callimachus,
493 2372 600 2413 hymn.
612 2372 643 2402 in
656 2373 728 2404 Cer.
743 2385 809 2405 ver.
826 2377 910 2406 23-

254 2421 325 2449 116.
338 2419 390 2461 qui
408 2426 437 2450 et
452 2420 518 2462 ipse
536 2421 672 2452 fabulam
689 2423 810 2465 copiose
821 2435 909 2455 enar—

251 2468 344 2498 ravit.
375 2468 455 2499 Hinc
467 2469 604 2511 Scaliger
614 2471 702 2501 Poet.
712 2482 742 2501 V.
754 2473 783 2502 8.
793 2479 909 2503 utram-

252 2527 312 2558 que
333 2517 570 2559 descriptionem
590 2519 635 2549 ita
659 2522 860 2561 comparavit,
876 2529 911 2554 ut

250 2564 457 2607 principatum
495 2566 626 2598 deferret
662 2568 702 2598 ad
740 2569 887 2600 Ovidium
902 2583 909 2609 ;

251 2624 346 2655 quarn
362 2615 545 2645 sententiam
562 2627 621 2647 non
640 2618 783 2658 probavit
797 2618 910 2650 Ernes—

250 2663 285 2693 ti.
329 2663 361 2693 Is
383 2663 475 2699 enim,
491 2664 523 2694 in
540 2666 676 2696 Excursu
699 2667 740 2697 ad
759 2667 908 2708 hymnum

252 2711 283 2742 in
301 2712 370 2742 Cer.
385 2712 539 2753 subjecto,
553 2724 620 2744 eam
637 2715 693 2745 sub
708 2725 838 2747 examen
855 2728 907 2747 vo-

983 1009 1077 1043 cavit,
1095 1008 1263 1049 docuitque
1287 1007 1427 1049 iniquum
1443 1006 1536 1037 fuisse
1555 1005 1640 1047 judi-

982 1068 1050 1088 cem
1077 1058 1269 1098 Scaligerum
1296 1057 1328 1087 in
1354 1055 1572 1097 comparandis
1597 1054 1646 1084 his

983 1106 1251 1148 descriptionibus.
1297 1106 1369 1147 Ipse
1406 1105 1506 1145 magis
1541 1104 1644 1134 favere

983 1154 1103 1185 videtur
1116 1155 1311 1186 Callimacho
1327 1164 1394 1184 su0.
1441 1154 1582 1183 Fortasse
1596 1163 1645 1182 res

982 1203 1026 1234 ita
1047 1203 1184 1245 expediri
1205 1208 1318 1244 potest.
1364 1202 1475 1232 Studet
1491 1201 1643 1232 Callima-

983 1253 1060 1283 chus
1076 1263 1203 1283 suminae
1220 1251 1526 1294 simplicitati‚quam
1537 1256 1644 1292 postu-

981 1300 1026 1331 lat
1050 1301 1234 1342 hymnorum
1258 1300 1355 1338 rati03
1379 1299 1513 1330 Ovidius
1537 1304 1645 1329 contra

982 1350 1013 1380 id
1027 1350 1101 1391 agit,
1114 1357 1147 1381 ut
1163 1351 1266 1381 omnia
1277 1349 1394 1391 ingenii
1410 1350 1457 1380 sui
1474 1348 1644 1379 luminibus

983 1405 1121 1430 exornet.
1166 1400 1272 1430 Habet
1295 1400 1390 1440 igitur
1415 1404 1547 1439 uterque
1571 1408 1643 1428 suas

981 1447 1013 1477 in
1033 1458 1088 1478 suo
1106 1458 1218 1488 genere
1235 1447 1384 1485 virtutes3
1407 1447 1512 1488 plures
1534 1452 1639 1477 tamen

982 1502 1014 1526 et
1028 1497 1169 1538 majores,
1185 1502 1219 1527 ut
1239 1496 1385 1538 equidem
1402 1496 1543 1531 arbitror,
1563 1496 1641 1526 Ovi-

981 1544 1062 1576 dius.

1025 1594 1098 1625 739.
1123 1594 1260 1625 Numina
1278 1595 1401 1629 Dirum,
1416 1594 1525 1624 Divos.
1571 1594 1638 1624 Ho-

981 1654 1064 1673 nores
1089 1642 1224 1683 dignius,
1251 1654 1357 1684 quam,
1383 1643 1545 1678 sacrificia,
1570 1653 1640 1684 quae

980 1691 1142 1722 adolentur
1165 1693 1196 1722 in
1222 1692 1368 1723 honorem
1383 1693 1543 1730 Deorum3
1569 1692 1640 1723 Vir-

980 1740 1084 1779 gilius,
1102 1741 1230 1771 .Eneid.
1246 1741 1266 1770 i.
1287 1742 1340 1771 49.
1354 1743 1417 1771 aris
1436 1742 1565 1780 imponat
1588 1741 1640 1770 ho-

982 1801 1100 1827 vorem
1125 1791 1248 1826 Noster,
1262 1801 1291 1820 x.
1307 1791 1381 1821 681.
1396 1792 1475 1820 turis
1489 1791 1638 1820 honorem.

982 1839 1041 1869 Pro
1063 1841 1182 1869 honores
1203 1839 1342 1880 plerique
1359 1839 1556 1875 vetustiores,
1573 1841 1642 1869 odo-

981 1898 1038 1917 res.
1086 1888 1192 1918 Codex
1219 1887 1340 1928 Regius
1364 1888 1404 1917 B.
1429 1890 1554 1918 odorem.
1595 1887 1640 1917 At

980 1935 1063 1966 idem
1084 1936 1244 1977 Virgilius,
1262 1936 1388 1966 AEneid.
1410 1935 1456 1965 iii.
1473 1937 1555 1967 547:
1580 1936 1641 1966 Ju-

981 1987 1052 2015 noni
1069 1987 1290 2026 Argiroejussos
1302 1986 1451 2015 adolemus
1466 1986 1596 2015 honores.

1024 2035 1096 2065 741.
1129 2036 1251 2065 Cereale
1280 2035 1407 2074 nemus]
1446 2035 1545 2066 Juxta
1574 2035 1641 2064 Do-

980 2083 1068 2119 tium,
1083 2085 1191 2114 urbem
1213 2083 1395 2118 Thessaliae,
1410 2083 1503 2124 prisci
1526 2083 1638 2114 incolae

982 2132 1084 2162 Cereri
1119 2137 1376 2162 consacraverant
1413 2142 1522 2167 nemus,
1553 2131 1638 2173 quod

980 2181 1133 2222 copiosius
1168 2181 1351 2211 describitur
1381 2191 1399 2211 a
1429 2180 1636 2217 Callimacho,

980 2239 1057 2260 vers.
1078 2231 1224 2260 27-302
1251 2239 1345 2270 quam
1358 2229 1597 2271 descriptionem
1619 2241 1638 2260 a

980 2277 1094 2309 Nostro
1114 2278 1259 2310 omissam
1281 2289 1347 2308 esse
1366 2284 1538 2319 propterea,
1553 2279 1637 2320 quod

974 2326 1040 2367 jam
1058 2327 1120 2357 alio
1135 2327 1203 2357 loco
1217 2337 1255 2358 ea
1270 2328 1470 2357 exornatione
1485 2337 1560 2358 usus
1581 2327 1633 2363 sit,

979 2375 1100 2406 Ernesti
1111 2382 1228 2406 monet.
1256 2376 1373 2407 I'iolare
1383 2381 1415 2406 et
1426 2382 1532 2406 temera
1538 2387 1569 2407 re
1578 2376 1636 2406 im-

977 2423 1125 2465 pietatem
1141 2424 1303 2455 declarant
1319 2423 1556 2461 Erisichthonis,
1571 2436 1635 2467 qua

978 2473 1121 2504 caedebat
1131 2474 1252 2503 arbores
1262 2483 1375 2509 sacras,
1385 2473 1468 2514 quod
1480 2484 1634 2505 summum

978 2522 1074 2552 nefas.
1120 2523 1170 2552 De
1189 2523 1281 2552 verbo
1298 2529 1440 2552 temerare
1452 2522 1492 2553 ad
1509 2523 1542 2554 ii.
1557 2525 1634 2555 592.

980 2570 1129 2609 Templum
1143 2571 1265 2602 Cereris
1279 2571 1415 2601 dirutum
1431 2582 1497 2602 esse
1512 2573 1552 2603 ab
1568 2573 1636 2603 Eri-

976 2619 1147 2655 sichthone,
1160 2619 1255 2650 tradit
1267 2620 1422 2661 Hyginus,
1436 2621 1472 2651 P.
1484 2622 1524 2651 A.
1537 2621 1559 2651 ii
1569 2623 1634 2653 .14.

976 2678 1013 2697 ex
1041 2667 1119 2698 falsa
1148 2667 1232 2698 haud
1259 2668 1353 2698 dubie
1381 2669 1635 2710 interpretatione

976 2716 1059 2747 vocis
1073 2718 1213 2758 τέμενος,
1229 2717 1311 2758 quod
1327 2723 1358 2748 et
1373 2718 1523 2759 templum
1538 2725 1570 2750 et
1584 2719 1632 2751 lu-
