1779 3130
259 190 318 231 56
647 188 697 228 P.
732 187 946 228 OVIDII
982 185 1260 227 NASONIS

259 301 542 357 Abstinuit3
582 300 895 362 famulosque
914 300 1060 362 jubet
1082 298 1339 346 succidere
1366 312 1561 344 sacrum

259 378 455 425 Robur:
497 383 548 423 et
571 384 626 423 ut
644 378 813 438 jussos
839 376 1060 423 cunctari
1086 375 1225 430 vidit,
1254 375 1315 421 ab
1341 389 1439 420 uno

259 453 430 500 Edidit
454 453 560 498 haec
585 459 725 515 rapta
750 453 1018 499 sceleratus
1043 452 1195 497 verba
1219 450 1407 497 securi:

260 535 291 552 “
320 529 433 575 Non
459 529 639 574 dilecta
666 528 786 574 Deae
814 528 989 582 solum,
1019 528 1106 573 sed
1132 534 1182 573 et
1206 526 1316 589 ipsa
1340 525 1512 572 licebit
1544 527 1640 571 755

261 605 338 650 Sit
364 605 487 659 Dea,
499 606 602 667 jam
627 611 799 665 tanget
823 603 1080 649 frondente
1102 602 1359 649 cacumine
1385 599 1619 647 terram.’'

262 680 431 737 Dixit3
472 687 536 735 et,
560 679 787 741 obliquos
809 679 928 725 dum
947 679 1102 725 telum
1127 677 1275 723 librat
1300 677 1349 722 in
1375 677 1519 730 ictus,

261 755 589 810 Contremuit,
618 756 960 817 gemitumque
986 755 1124 801 dedit
1144 754 1304 800 Deoia
1329 768 1572 815 quercus:

261 832 328 878 Et
351 830 531 894 pariter
555 831 769 886 frondeS,
798 831 983 894 pariter
1008 831 1279 894 pallescere
1306 829 1510 891 glandes

262 908 500 970 Coepere3
541 923 597 953 ac
622 907 754 968 longi
780 908 1019 970 pallorem
1045 908 1226 952 ducere
1252 905 1390 952 rami.

263 983 419 1045 Cujus
445 991 500 1029 ut
525 983 573 1029 in
600 990 773 1029 trunco
799 983 915 1029 fecit
938 999 1112 1029 manus
1139 982 1291 1044 impia
1314 981 1507 1036 vulnus,

261 1058 410 1105 Haud
437 1059 577 1105 aliter
601 1059 760 1113 fluxit,
788 1059 1015 1105 discussa
1041 1058 1240 1112 cortice,
1269 1057 1486 1118 sanguis,

261 1134 421 1187 Quam
448 1135 588 1188 solet,
616 1141 729 1180 ante
756 1150 863 1180 aras
886 1134 1061 1196 ingens
1087 1134 1172 1180 ubi
1198 1133 1399 1179 victima
1423 1140 1592 1179 taurus

262 1209 508 1263 Concidit,
537 1210 744 1272 abrupte
770 1226 910 1257 cruor
935 1226 960 1257 e
986 1210 1176 1256 cervice
1203 1209 1449 1272 profusus.
1547 1211 1640 1255 764

263 1285 581 1348 Obstupuere
607 1302 804 1340 omnes3
842 1286 1123 1348 aliquisque
1149 1301 1211 1332 ex
1238 1285 1466 1332 omnibus
1493 1284 1645 1331 audet

262 1361 524 1408 Deterrere
545 1361 699 1416 nefas,
719 1378 999 1424 saevamque
1020 1362 1241 1408 inhibere
1265 1361 1539 1424 bipennim.

258 1437 452 1500 Aspicit
470 1438 624 1494 hunc;
648 1443 677 1461 ‘⁶
697 1437 985 1500 Mentisque
1002 1438 1096 1501 piae
1114 1454 1237 1501 cape
1254 1437 1643 1501 praemia,'’dixit

259 1513 549 1571 Thessalus3
571 1513 721 1576 inque
736 1514 893 1561 virum
910 1514 1156 1562 convertit
1171 1515 1231 1560 ab
1250 1515 1423 1561 arbore
1439 1513 1636 1570 ferrum,

1548 906 1643 950 760

257 1691 288 1716 et
312 1685 405 1726 Regii
433 1684 545 1723 nostri)
575 1685 692 1716 habent
719 1685 913 1725 Dryopeius5

258 1734 401 1776 Dryopes
425 1744 501 1773 gens
525 1734 705 1764 Thessaliae.
751 1734 914 1774 Triopeius,

256 1783 338 1813 filius
361 1783 479 1824 Triopae
496 1795 503 1821 3
529 1783 755 1819 Callimachus,
769 1784 914 1824 Τριόπεω

256 1831 363 1872 γόνος.
408 1832 557 1867 Famulos,
583 1842 710 1872 quorum
741 1842 914 1867 numerum,

256 1880 385 1910 formam
406 1886 436 1910 et
455 1890 539 1910 arma
554 1886 692 1910 recenset
708 1880 834 1910 Callrrn.
852 1891 915 1910 ver.

256 1929 308 1959 34.
354 1929 410 1958 Sed
425 1936 452 1959 et
469 1931 542 1967 ipsa,
558 1934 619 1959 etc.
663 1928 785 1958 Eadem
802 1927 913 1969 impie-

257 1982 304 2007 tas
320 1987 384 2006 ver.
403 1977 476 2007 394.

301 2025 375 2055 757.
401 2025 535 2064 Libum]
560 2024 634 2055 vid.
656 2025 695 2055 ad
721 2024 752 2055 ii.
770 2025 852 2055 311:
879 2027 915 2055 li-

259 2075 344 2103 brare
372 2075 405 2103 in
430 2074 515 2113 obliq.
540 2075 615 2103 ictus
639 2074 713 2103 alibi
740 2084 801 2104 uno
823 2074 916 2104 verbo

257 2122 406 2160 obliquare
435 2131 550 2152 ensem.
606 2121 825 2162 Gemitumque,
853 2128 914 2153 etc.

258 2169 399 2200 Breviter
411 2168 638 2205 Callimachus,
653 2168 689 2200 ‘A
702 2169 816 2210 πράτα
829 2171 915 2200 πλα-

260 2218 364 2259 γείσα,
395 2219 495 2248 κακὸν
523 2217 619 2258 μέλος
654 2218 750 2259 ἰἀχεν
785 2219 913 2256 ἄλλαις.

258 2267 339 2298 Vide
360 2266 486 2307 insuper
506 2266 545 2296 ad
562 2266 604 2296 vi.
625 2268 694 2297 114.
740 2268 843 2303 Quum
868 2273 914 2297 tot

256 2315 369 2355 puellae
385 2315 416 2344 in
431 2315 554 2345 arbores
569 2321 696 2345 mutatae
710 2315 913 2351 traderentur,

255 2363 555 2404 Hamadryadesque
569 2365 690 2394 arbores
702 2364 835 2394 incolere
847 2375 913 2395 cre-

257 2412 414 2447 derentur,
436 2412 501 2442 fieri
527 2412 611 2442 haud
634 2418 765 2453 poterat,
783 2413 858 2453 quin
877 2424 915 2444 ex

255 2459 398 2501 opinione
405 2460 555 2490 Veterum
566 2460 684 2502 aliquid
693 2461 755 2491 tale
764 2462 917 2493 accideret

258 2508 424 2543 interdum,
441 2509 535 2549 quale
556 2508 604 2539 hic
622 2515 771 2540 narratur.
803 2511 917 2541 Confer

257 2556 469 2597 Apollonium,
479 2556 510 2586 ii.
523 2558 585 2587 476
596 2568 664 2598 sqq.
680 2558 785 2588 Simile
799 2559 917 2600 aliquid

258 2604 352 2634 habet
367 2610 398 2634 et
413 2604 574 2645 Virgilius,
591 2606 718 2636 AEneid.
729 2606 773 2637 iii.
785 2608 825 2637 28
842 2618 911 2649 sqq.

259 2652 430 2682 Posteriore
444 2652 511 2682 loco
521 2659 586 2682 atro
598 2654 911 2697 liquuntursanguine

255 2707 361 2741 gutur,
381 2701 418 2730 Et
435 2708 543 2731 ferram
562 2703 625 2732 tabo
640 2704 804 2734 maculant.

1026 1687 1098 1717 765.
1122 1687 1263 1716 Omnibus
1287 1685 1362 1715 mihi
1388 1685 1508 1715 videtur
1531 1684 1570 1714 de
1594 1683 1640 1714 in-

982 1734 1100 1765 dustria
1115 1734 1292 1776 repetitum,
1310 1744 1411 1774 neque
1428 1733 1507 1763 adeo
1526 1731 1643 1763 sollici-

982 1784 1125 1814 tandum.
1174 1784 1280 1813 Omnes
1296 1783 1423 1823 quidem
1445 1783 1642 1823 obstupuere,

983 1832 1037 1862 sed
1065 1842 1102 1862 ex
1128 1833 1260 1861 omnibus
1286 1842 1346 1861 non
1368 1831 1424 1861 nisi
1448 1842 1526 1861 unus
1547 1841 1641 1861 ausus

981 1886 1038 1915 est,
1065 1886 1125 1909 etc.
1171 1880 1333 1909 Deterrere
1365 1879 1458 1920 nefas,
1487 1878 1641 1909 deterrere

983 1927 1232 1958 Erisichthonem
1262 1937 1281 1958 a
1308 1927 1444 1957 facinore
1475 1933 1570 1967 atque
1596 1927 1641 1957 ita

983 1977 1132 2017 impedire
1150 1975 1248 2006 nefas.
1295 1975 1410 2006 Similis
1422 1975 1641 2016 breviloquen-

984 2024 1039 2059 tia,
1058 2025 1110 2055 vii.
1125 2025 1200 2054 423.
1247 2026 1363 2063 Aspicit
1386 2023 1579 2063 ὑποβλέπει,
1604 2023 1641 2054 li-

983 2074 1042 2104 mis
1055 2081 1085 2104 et
1099 2074 1194 2103 torvis
1210 2073 1307 2104 oculis
1324 2073 1445 2114 aspicit.

1028 2122 1100 2151 768.
1128 2122 1302 2158 Thessalus,-
1328 2121 1539 2152 Erisichthon.
1579 2122 1640 2152 Re-

980 2172 1076 2208 petite
1091 2172 1187 2207 cwde5
1214 2171 1284 2201 vide
1303 2171 1341 2201 ad
1357 2171 1398 2201 iv.
1417 2171 1489 2201 733.
1530 2170 1641 2201 Editus

981 2229 996 2248 e
1011 2221 1103 2249 medio
1118 2230 1203 2249 sonus
1218 2226 1259 2249 est
1272 2232 1280 2256 ,¹
1299 2219 1381 2260 apud
1397 2219 1640 2256 Callimachum,

982 2276 1071 2296 versu
1089 2268 1139 2296 41.
1157 2267 1251 2298 Ceres
1266 2268 1331 2310 ipsa
1351 2268 1455 2298 statim
1475 2267 1570 2298 sentit
1590 2278 1639 2298 ar-

981 2315 1086 2345 borem
1107 2326 1194 2346 suam
1218 2317 1309 2347 caedi.
1352 2317 1523 2357 Assumpta
1547 2316 1641 2357 igitur

981 2364 1151 2394 sacerdotis
1174 2365 1288 2406 specie,
1304 2365 1550 2396 Erisichthonem
1575 2376 1641 2396 mo-

983 2419 1051 2443 rata
1065 2412 1139 2444 satis
1153 2414 1290 2445 oratione
1311 2425 1328 2444 a
1345 2414 1479 2445 facinore
1494 2414 1641 2446 deterret.

982 2461 1042 2491 Ille
1058 2471 1130 2492 vero
1152 2462 1300 2498 minatur,
1318 2473 1349 2494 se
1375 2462 1528 2493 sacerdoti
1548 2472 1638 2493 secu-

982 2509 1039 2539 rim
1053 2510 1086 2540 in
1101 2521 1211 2552 corpus
1233 2511 1426 2542 libraturum.
1470 2511 1553 2541 Hinc
1567 2511 1639 2542 Dea

983 2559 1203 2599 augustissima
1218 2566 1248 2590 et
1264 2560 1414 2591 immensa
1428 2565 1546 2590 statura
1561 2570 1592 2590 se
1609 2559 1637 2591 ei

978 2607 1116 2643 exhibet,
1135 2619 1196 2650 quo
1222 2609 1304 2640 facto
1324 2608 1355 2640 in
1375 2608 1481 2650 fugam
1505 2618 1538 2639 se
1560 2608 1637 2640 dant

981 2655 1102 2687 famuli.
