1779 3130
232 179 315 219 170

235 289 480 339 Pendenti
506 288 717 335 nitidum
742 286 919 348 vagina
942 285 1125 348 deripit
1147 300 1333 332 ensem.

618 174 666 214 P.
703 171 915 214 OVIDII
953 171 1228 212 NASONIS

1519 285 1615 328 475

236 367 444 431 Myrrha
466 365 607 428 fugit,
632 363 851 411 tenebris
876 369 927 409 et
951 378 1096 409 caecae
1122 377 1325 409 munere
1349 359 1507 407 noctis

235 444 522 506 Intercepta
545 440 655 489 neci
678 459 688 497 ;
728 440 956 502 latosque
980 445 1159 501 vagata
1182 454 1271 502 per
1295 453 1454 500 agrOS,

235 519 526 567 Palmiferos
552 518 760 573 Arabas,
788 516 1138 578 Panchaeaque
1164 532 1276 562 rura
1300 514 1550 576 relinquit,

235 597 435 659 Perque
460 611 635 642 novem
655 592 832 641 erravit
856 592 1108 640 redeuntis
1134 608 1317 639 cornua
1340 591 1492 646 lunae3

236 672 402 726 Quum
426 672 627 719 tandem
652 677 782 717 terra
807 668 1049 731 requievit
1072 668 1205 715 fessa
1231 668 1436 723 Sabaea;

1522 668 1619 711 480

234 749 435 812 Vixque
460 747 584 794 uteri
610 747 841 809 portabat
864 762 987 793 onus
1010 763 1018 793 :
1059 753 1164 792 tum
1190 744 1359 792 nescia
1382 743 1498 798 voti,

235 826 403 888 Atque
427 825 555 871 inter
580 823 852 885 mortisque
877 830 1056 878 metus,
1085 830 1135 869 et
1157 822 1304 869 taedia
1326 821 1456 877 vitae‚

236 901 330 948 Est
354 901 476 948 tales
503 915 680 947 exorsa
705 915 906 962 preces:

237 978 457 1024 Numina
480 976 736 1031 confessis,
763 976 933 1031 merui,
962 992 1052 1023 nec
1081 975 1223 1023 triste
1249 990 1421 1022 recuso

950 905 980 922 “
1000 899 1062 954 Ο,
1091 900 1131 946 si
1158 915 1258 962 qua
1282 897 1464 961 patetis

1523 974 1618 1018 484

239 1055 579 1118 Supplicium:
622 1053 724 1108 sed,
752 1069 815 1099 ne
839 1053 1017 1100 violem
1041 1053 1279 1115 vivosque
1305 1057 1573 1114 superstes,

237 1131 539 1194 Mortuaque
564 1131 830 1185 extinctos,
859 1131 1102 1177 ambobus
1127 1130 1295 1193 pellite
1321 1127 1485 1190 regnis
1510 1144 1519 1173 :

237 1207 549 1270 Mutataeque
576 1207 693 1253 mihi
719 1207 971 1270 vitamque
997 1222 1272 1269 necemque
1298 1202 1529 1266 negate.⁷'

237 1283 438 1331 Numen
463 1283 701 1330 confessis
728 1283 929 1346 aliquod
956 1290 1094 1347 patet
1116 1301 1125 1330 :
1167 1282 1342 1329 ultima
1365 1287 1499 1327 certe

235 1360 365 1408 Vota
389 1377 503 1407 suos
528 1361 746 1407 habuere
775 1360 908 1407 Deos
931 1381 940 1417 3
982 1377 1095 1408 nam
1121 1376 1263 1407 crura
1286 1356 1537 1421 loquentis

279 1486 353 1515 476.
379 1485 517 1520 Munere,
540 1483 703 1519 beneficio,
727 1495 795 1525 ope.
844 1485 896 1514 Ιη-

238 1541 367 1573 tercepta
383 1533 496 1563 melius
513 1543 607 1574 quam
620 1538 744 1573 erepta;
766 1533 836 1563 vide
857 1534 896 1564 ad

238 1583 301 1614 viii.
318 1583 393 1613 291.
440 1582 533 1622 Regii
552 1581 644 1611 nostri
660 1581 777 1611 habent
793 1582 895 1612 Inter-

236 1639 319 1671 cepta
345 1634 407 1661 neci
428 1637 490 1667 est;
510 1629 698 1671 jampridem
723 1630 897 1661 monuimus

238 1679 423 1710 recentiores
445 1679 586 1709 omittere
605 1678 719 1719 saepius
739 1679 774 1708 τὸ
795 1685 847 1715 est,
867 1686 898 1710 et

237 1728 364 1769 quidem
394 1728 458 1757 sine
489 1726 685 1761 necessitate,
718 1737 754 1757 ac
789 1732 898 1758 trunco

237 1787 342 1812 sensu,
360 1776 424 1807 sive
443 1776 527 1817 quod
548 1775 592 1806 eis
614 1774 755 1805 videatur
772 1775 896 1813 inutile,

238 1826 302 1857 sive
326 1826 428 1867 potius
448 1824 532 1866 quod
553 1824 642 1866 primi
666 1824 800 1855 editores
819 1825 898 1856 illud

238 1874 270 1905 in
294 1873 454 1905 codicibus
478 1884 538 1904 non
562 1872 705 1913 legerint,
735 1883 831 1914 quum
860 1874 900 1904 sit

238 1923 300 1954 fere
319 1933 439 1964 semper
458 1921 635 1953 summatim
655 1921 828 1952 indicatum
845 1933 898 1954 va-

238 1971 290 2002 riis
302 1971 553 2012 compendiorum
570 1969 701 2000 lineolis.
719 1971 899 2012 Palmiferos

240 2021 367 2050 Arabas.
391 2019 486 2060 Apud
496 2029 573 2060 quos
585 2018 691 2049 multae
704 2019 815 2060 palmae
830 2030 898 2050 nas-

240 2076 361 2099 cuntur.
387 2069 620 2103 Panchoea,etc.
645 2067 900 2103 Si‚relictaPan-

240 2118 338 2152 chaea,
362 2128 473 2148 novem
492 2127 612 2148 menses
633 2116 756 2152 erravit,
777 2122 808 2147 et
831 2124 900 2148 tan-

241 2166 312 2198 dem
329 2167 409 2197 inter
424 2167 536 2197 Sabaeos
553 2165 718 2207 requievit,
734 2176 795 2206 quo
810 2166 901 2197 modo

241 2226 335 2258 supra
356 2226 422 2246 ver.
440 2216 513 2246 309.
535 2214 695 2246 Panchaea
716 2215 778 2245 dici
800 2215 902 2257 potuit

241 2264 322 2295 hanc
351 2264 490 2295 arborem
521 2263 706 2305 protulisse?
749 2263 902 2294 Nonnulli

242 2313 394 2344 Veterum
419 2313 596 2343 Panchaeam
617 2312 776 2343 faciebant
798 2312 901 2343 Saba’ae

242 2361 352 2401 (hodie
371 2361 498 2400 Yemen)
514 2367 647 2403 partem.
671 2361 722 2391 Ita
733 2360 900 2391 dicendum

242 2417 334 2446 esset,
364 2410 527 2452 Myrrham
555 2415 623 2452 post
652 2409 758 2450 longos
787 2420 902 2440 errores

244 2459 371 2490 rediisse
385 2458 417 2490 in
432 2460 576 2502 patriam.
599 2458 777 2490 Glareanus
795 2459 834 2490 ad
851 2470 900 2490 su-

244 2508 393 2549 periorem
410 2508 514 2539 locum
533 2514 649 2543 monet,
665 2507 697 2538 in
719 2508 844 2544 fabulis,
858 2514 903 2538 tot

245 2556 375 2586 diversis
407 2557 506 2588 modis
531 2556 670 2598 proditis,
700 2557 812 2587 frustra
846 2567 900 2587 ex-

246 2610 349 2636 actam
371 2606 517 2647 temporis
541 2612 572 2636 et
594 2606 730 2637 locorum
753 2606 900 2637 rationem

247 2654 354 2694 quaeri.
393 2653 513 2685 Petitus
526 2654 616 2685 illum
630 2655 733 2685 locum
748 2661 901 2686 mutatum

248 2702 391 2739 volebat;
415 2703 486 2734 vide
500 2703 542 2734 ibi
558 2704 648 2734 Varr.
664 2703 736 2734 lect.

1009 1487 1081 1516 479.
1106 1485 1271 1515 Redemztis
1288 1483 1391 1522 tunm]
1431 1483 1556 1523 Septem
1574 1492 1623 1511 ra—

965 1536 1079 1564 diantis
1103 1535 1201 1569 lunoe;
1231 1535 1327 1563 redire
1351 1530 1462 1573 passim
1486 1530 1525 1560 de
1549 1529 1622 1565 soley

964 1583 1049 1618 luna,
1065 1582 1227 1617 sideribus,
1241 1592 1332 1616 anno,
1344 1580 1413 1618 ‹lie3
1437 1579 1507 1610 vide
1524 1579 1622 1609 Hein-

965 1631 1045 1661 sium
1072 1637 1103 1661 et
1128 1631 1354 1661 Burmannum.
1399 1628 1506 1658 Nostri
1530 1628 1623 1669 Regii

964 1681 1139 1717 redeuntis-3
1167 1679 1250 1709 male
1276 1680 1433 1713 radiantis,
1456 1687 1528 1707 nam
1551 1678 1625 1707 luna

966 1734 1124 1758 mutuatur
1142 1729 1238 1757 radios
1253 1738 1271 1757 a
1286 1727 1362 1757 sole.

1010 1777 1083 1807 481.
1109 1776 1217 1806 Nescia
1230 1778 1299 1811 voti,
1312 1775 1466 1811 nesciens,
1478 1774 1555 1817 quid
1570 1786 1624 1817 op-

968 1830 1022 1856 tet.
1074 1825 1184 1855 Patere
1211 1825 1369 1865 eleganter
1398 1824 1543 1855 dicuntur
1570 1823 1624 1865 qui

967 1874 1043 1905 alios
1065 1874 1157 1905 facile
1177 1873 1360 1909 exaudiunt,
1376 1873 1556 1915 metaphora
1570 1884 1626 1914 pe·

967 1923 1025 1953 tita
1041 1933 1059 1953 a
1071 1922 1158 1958 locis,
1171 1922 1210 1953 ad
1222 1932 1291 1963 quae
1303 1922 1403 1953 facilis
1415 1928 1461 1953 est
1471 1931 1627 1952 accessus.

1011 1972 1084 2002 486.
1108 1973 1253 2002 Ambobus
1270 1974 1381 2013 regnis,
1398 1971 1535 2001 vivorum
1558 1970 1626 2001 scil.

967 2027 998 2052 et
1021 2026 1224 2056 mortuorum,
1250 2030 1308 2051 nec
1330 2020 1430 2051 vivere
1453 2030 1503 2050 me
1523 2019 1625 2055 sinite,

968 2080 1023 2101 nec
1044 2070 1140 2100 mori:
1166 2069 1262 2100 etiam
1283 2069 1365 2111 apud
1387 2069 1504 2100 Anton.
1522 2069 1629 2099 Liber.

966 2119 1096 2160 εὔχεται
1131 2119 1212 2160 μήτε
1243 2120 1334 2161 παρὰ
1362 2119 1451 2155 ζῶσι,
1481 2119 1556 2160 μήτ’
1591 2119 1627 2151 ἐν

967 2169 1092 2209 νεκροῖς
1121 2171 1280 2210 φανῆναι.
1329 2169 1514 2208 Mutatoeque
1541 2170 1625 2204 mihi,

967 2222 1027 2248 etc.
1074 2217 1134 2247 Hic
1163 2227 1266 2247 versus
1296 2217 1382 2247 abest
1407 2216 1438 2247 in
1468 2216 1628 2248 Mediceo.

968 2266 1097 2296 Sublato
1117 2265 1174 2296 hoc
1199 2276 1299 2301 versu,
1321 2275 1428 2296 sensus
1446 2264 1553 2301 haeret,
1569 2276 1626 2297 nec

966 2315 1045 2346 bene
1082 2314 1297 2355 intelliguntur
1324 2325 1394 2356 quae
1431 2315 1624 2355 praeeedunt,

967 2365 1102 2394 ambobus
1129 2364 1233 2403 pellite
1261 2366 1386 2405 regnis;
1421 2369 1504 2394 recte
1534 2362 1627 2404 igitur

967 2422 1038 2442 eum
1055 2411 1173 2442 habent
1189 2412 1283 2443 nostri
1299 2412 1403 2454 Regii.

1011 2461 1085 2491 489.
1110 2461 1192 2494 Suos.
1217 2461 1376 2502 propitios,
1395 2461 1522 2491 habuere
1539 2461 1626 2497 Deos,

969 2509 1118 2540 exaudita
1139 2515 1210 2540 sunt
1231 2522 1249 2540 a
1264 2510 1335 2540 Diis
1352 2521 1359 2547 3
1385 2509 1428 2540 sic
1448 2515 1479 2539 et
1494 2508 1535 2542 iv.
1552 2511 1625 2541 373.

969 2568 1023 2599 pro
1041 2569 1103 2599 quo
1127 2558 1168 2589 iv.
1192 2559 1262 2589 164.
1288 2559 1359 2588 Vota
1384 2560 1506 2599 tetigere
1530 2559 1626 2589 Deos:

968 2606 1074 2637 Tibul.
1097 2607 1161 2636 III.
1178 2607 1220 2637 iii.
1238 2608 1293 2636 28.
1314 2619 1370 2636 non
1387 2618 1466 2637 meus
1483 2607 1564 2637 Deus
1581 2614 1627 2638 est

968 2654 1123 2691 inimicus,
1157 2656 1275 2686 iratus:
1308 2655 1470 2696 Virgilius,
1493 2656 1570 2687 AEn.
1594 2655 1626 2685 ii.

971 2704 1044 2734 396.
1066 2705 1146 2734 haud
1173 2707 1294 2734 numine
1318 2711 1425 2739 nostro,
1450 2704 1537 2735 nobis
1563 2715 1625 2735 non
