1779 3130
354 163 974 207 METAMORPHOSEON
1009 164 1127 205 LIB.
1158 165 1249 207 IX.
1437 169 1492 209 79

115 280 343 327 Herculis
364 282 623 344 implerant
643 288 813 334 terras,
831 279 1101 342 odiumque
1126 297 1366 329 novercae.
1401 286 1492 330 135

108 357 278 404 Victor
303 359 364 405 ab
390 359 619 405 OEchalia
645 357 828 404 Cenaeo
854 373 995 403 sacra
1020 359 1226 420 parabat

108 433 237 481 Vota
254 434 283 479 J
288 435 388 491 ovi;
418 451 572 498 quum
594 434 747 480 Fama
763 434 948 496 loquax
969 436 1225 497 praecessit
1244 437 1305 483 ad
1327 453 1486 492 aures,

110 510 359 573 Dejanira,
383 520 509 567 tuas,
538 528 648 574 quae
674 511 799 558 veris
826 511 1009 558 addere
1033 511 1158 558 falsa

110 587 322 644 Gaudet,
351 596 401 635 et
426 604 453 634 a
478 588 678 634 minimo
705 603 793 634 sua
817 603 904 649 per
929 588 1188 635 mendacia
1212 590 1405 646 crescit,

108 664 586 727 Amphitryoniaden
614 663 744 710 Ioles
771 664 942 710 ardore
968 665 1141 712 teneri.

1401 670 1492 713 140

113 740 285 789 Credit
311 758 504 797 amans;
534 741 827 804 venerisque
853 757 990 787 novae
1017 743 1276 804 perterrita
1300 742 1429 790 fama

112 817 328 865 Indulsit
354 820 510 883 primo
537 816 767 872 lacrimis,
795 817 1061 880 flendoque
1087 818 1305 866 dolorem

154 990 224 1020 136.
255 992 390 1021 cendum
420 991 512 1022 fuisse
539 992 667 1022 Euboeae
695 1002 764 1033 pro-

110 1039 305 1075 montorium,
317 1040 422 1081 ibique
438 1041 506 1071 Jori
525 1042 627 1071 Cenoeo
643 1041 763 1070 Hercu-

108 1087 168 1117 lem
183 1089 376 1119 constituisse
392 1100 488 1124 aram,
507 1095 652 1120 constans
668 1089 763 1119 Vete-

107 1148 174 1167 rum
199 1137 322 1167 traditio
346 1143 402 1168 est.
447 1139 557 1180 Neque
579 1138 611 1168 id
636 1138 765 1169 dubium

108 1193 165 1222 est,
182 1186 296 1217 factam
321 1198 387 1218 esse
411 1198 479 1218 eam
502 1199 577 1224 rem,
602 1194 765 1229 postquam

108 1237 261 1277 Eurytum
276 1237 501 1272 debellaverat,
516 1238 643 1279 ejusque
660 1238 766 1268 urbem

110 1286 274 1316 (Echaliam
320 1293 563 1329 expugnaverat.
632 1288 766 1328 Eurytus

109 1335 204 1371 enim,
232 1336 344 1367 nobilis
373 1336 560 1377 sagittarius,
585 1336 767 1378 promiserat

107 1395 139 1415 se
169 1384 265 1415 filiam
292 1396 380 1416 suam
406 1385 656 1416 formosissimam
683 1386 766 1416 Iolen

109 1434 137 1464 ei
162 1434 317 1471 daturum,
334 1434 387 1476 qui
413 1446 444 1465 se
466 1441 520 1466 aut
546 1435 623 1466 filios
645 1447 715 1466 suos
734 1436 765 1466 in

108 1482 276 1524 sagittandi
302 1484 471 1514 certamine
493 1484 687 1525 superasset;
710 1485 765 1516 sed

110 1531 239 1563 Herculi
260 1532 366 1563 victori
391 1533 552 1574 praemium
574 1533 765 1574 propositum

110 1582 246 1622 negavit.
307 1583 338 1613 Is
365 1593 437 1623 ergo
472 1583 568 1613 iratus
597 1583 766 1624 aliquando

109 1638 177 1672 post
204 1632 306 1667 rediit,
339 1632 560 1663 auxiliantibus
588 1632 764 1664 Arcadibus

110 1681 285 1711 (Belialiam
316 1681 408 1723 cepit,
438 1682 590 1722 Eurytum
619 1687 651 1713 et
686 1682 765 1713 filios

110 1731 274 1767 interfecit,
291 1731 378 1761 Iolen
403 1737 507 1761 autem
532 1731 687 1773 captivam
710 1732 764 1761 ab-

109 1780 223 1816 duxit3
261 1780 440 1821 Sophocles,
473 1780 586 1811 Trach.
617 1781 690 1811 Act.
723 1781 763 1818 ii3

110 1829 326 1870 Apollodorus,
357 1830 440 1860 dicto
476 1830 553 1860 loco.
612 1830 765 1860 Homerus

109 1879 293 1909 credebatur
330 1879 409 1909 lianc
448 1879 608 1920 Οἰχαλίας
642 1880 765 1911 ἅλωσιν

111 1928 246 1958 carmine
269 1928 462 1967 celebrasse3
487 1929 606 1964 Strabo,
626 1929 682 1959 lib.
704 1929 764 1960 xiv.

108 1987 139 2018 p.
156 1977 231 2008 612.
278 1979 394 2008 Verum
416 1978 447 2008 id
469 1978 626 2019 quaeritur.
643 1978 695 2008 ubi
714 1979 764 2008 (Ε-

110 2027 210 2056 chalia
234 2026 293 2056 sita
315 2025 417 2057 fuerit.
461 2027 581 2062 Strabo,
602 2027 655 2057 lib.
680 2039 708 2057 x.
735 2038 764 2068 p.

111 2076 184 2105 448.
199 2086 266 2106 eam
293 2075 366 2105 facit
389 2077 517 2107 Euboeae
543 2076 688 2107 Eretricae
714 2087 763 2106 ur-

110 2125 194 2155 bem.
246 2124 428 2160 Pausanias,
456 2126 595 2155 Messen.
628 2136 661 2166 p.
692 2127 766 2157 283.

111 2173 256 2209 ostendit,
272 2184 303 2203 se
324 2172 354 2203 in
379 2173 437 2204 hac
463 2173 671 2204 controversia
694 2175 766 2216 plus

110 2222 302 2253 auctoritatis
339 2222 471 2253 tribuere
507 2223 684 2260 Messeniis,
713 2226 764 2265 qui

110 2272 173 2301 suis
194 2270 306 2301 finibus
327 2270 412 2301 illam
433 2272 551 2306 urbem,
567 2277 673 2313 postea
690 2273 766 2304 Car-

111 2321 229 2351 nasium
251 2320 378 2355 dictam,
395 2320 564 2356 vindicent,
585 2327 616 2352 et
638 2333 669 2363 p.
692 2324 766 2354 362.

111 2375 270 2405 memorat,
283 2370 389 2410 Euryti
406 2369 447 2399 ibi
464 2380 532 2400 ossa
548 2371 671 2402 servari.
700 2373 763 2403 Ho-

112 2429 212 2450 merus
230 2417 380 2460 denique,
398 2419 437 2450 Il.
455 2423 490 2450 B.
507 2420 578 2450 730.
595 2430 663 2450 eam
685 2421 766 2452 inter

110 2468 278 2498 Thessaliae
294 2468 384 2499 urbes
398 2468 500 2499 refert.
551 2470 648 2500 Ποῖον
662 2473 698 2500 ab
715 2472 764 2501 (Ε-

114 2519 226 2552 (thalia,
254 2517 373 2547 scilicet
396 2518 534 2548 rediens:
570 2519 652 2560 apud
680 2520 764 2551 Ana-

112 2574 278 2602 creontem,
305 2567 367 2597 Od.
389 2568 452 2598 xlv.
477 2569 506 2599 8.
528 2568 614 2598 Mars
646 2569 766 2600 hastam

111 2615 212 2645 vibrat
234 2614 266 2650 ἐξ
286 2613 398 2653 ἀϋτῆς,
415 2627 431 2647 e
453 2617 558 2658 praelio
581 2618 699 2649 scilicet
719 2630 764 2650 re-

114 2670 245 2694 vertens.
294 2665 374 2700 Vota,
391 2676 459 2706 quae
481 2672 619 2702 voverat,
636 2667 660 2697 si
675 2669 765 2709 Jupi-

113 2718 160 2742 ter
174 2711 230 2742 sibi
253 2713 375 2744 adesset
394 2714 425 2744 in
444 2715 653 2756 expugnanda
676 2717 763 2747 urbe.

835 990 935 1024 Qum
955 991 1055 1027 Fama,
1071 998 1130 1022 etc.
1181 992 1350 1024 Verissima
1366 999 1397 1024 et
1414 1005 1493 1036 prae-

833 1041 917 1071 clara
935 1042 1038 1071 Famae
1063 1042 1241 1083 descriptio,
1260 1053 1395 1083 quacum
1419 1055 1492 1075 con-

834 1090 878 1120 fer
905 1090 957 1120 xii.
981 1092 1119 1122 39-63,
1169 1092 1328 1127 Pmcessit,
1352 1093 1493 1124 celerita—

833 1145 894 1170 tem
913 1141 1015 1170 Fama:
1032 1140 1187 1171 declarat:
1213 1142 1293 1171 male
1317 1141 1410 1182 igitur
1424 1143 1493 1184 qui-

834 1189 917 1225 dam,
939 1191 1084 1228 pervenit.
1130 1190 1198 1220 Liv.
1215 1190 1277 1220 xxi.
1294 1191 1352 1221 32:
1384 1192 1489 1228 Fama,

834 1250 892 1278 qua
908 1240 1022 1268 incerta
1041 1241 1074 1269 in
1094 1241 1190 1278 mqjus
1207 1250 1273 1269 vero
1284 1240 1370 1281 ferri
1383 1242 1489 1277 solent,

831 1294 978 1326 praccepta
1007 1298 1053 1318 res
1080 1294 1155 1318 erat.
1208 1288 1364 1319 Minutius
1391 1289 1491 1326 Felix,

835 1337 950 1376 xxviiij,
989 1337 1092 1373 Fama,
1122 1349 1185 1378 qnae
1213 1348 1323 1377 semper
1350 1340 1492 1378 insparsis

834 1388 995 1417 mendaciis
1015 1388 1123 1417 alitur.
1169 1386 1326 1417 Classicus
1341 1386 1380 1418 de
1396 1388 1493 1419 Fama

834 1435 920 1466 locus
936 1442 983 1466 est
1002 1436 1096 1467 etiam
1120 1436 1204 1477 apud
1218 1436 1396 1477 Virgilium,
1413 1438 1490 1468 AEn.

833 1484 876 1514 iv.
903 1486 961 1515 173
986 1495 1056 1526 sqq.
1104 1484 1226 1515 Gaudet
1254 1485 1364 1515 melius
1394 1496 1489 1527 quam

833 1535 913 1565 solet.
946 1533 1053 1564 Tener-i
1069 1544 1172 1564 amore
1188 1533 1408 1574 significanter,
1421 1540 1490 1566 tan-

833 1593 926 1624 quam
943 1582 1146 1623 illaqueatum
1171 1593 1282 1613 amore.
1327 1583 1377 1613 Sic
1397 1587 1491 1615 teneri

832 1634 943 1668 studio,
960 1632 999 1662 V.
1014 1630 1107 1661 Trist.
1124 1631 1177 1662 xii.
1192 1632 1222 1662 9.

877 1682 949 1711 141.
978 1681 1080 1711 Credit
1101 1691 1214 1715 ainans,
1238 1680 1314 1721 etc.]
1340 1682 1385 1712 Ea
1408 1683 1490 1714 fama

831 1730 992 1772 perterrita
1012 1730 1117 1760 literas
1135 1729 1229 1760 etiam
1246 1729 1332 1760 dedit
1356 1731 1395 1761 ad
1410 1732 1491 1763 Her-

833 1780 946 1814 culem,
969 1789 1046 1820 quas
1070 1778 1139 1808 vide
1164 1778 1292 1809 Heroid.
1315 1779 1362 1810 ix:
1388 1793 1490 1813 amans

832 1839 902 1858 cum
933 1828 1056 1858 delectu
1087 1838 1141 1868 pro
1168 1829 1306 1868 conjuge.
1353 1829 1488 1862 Causam

833 1877 935 1907 reddit
951 1878 1007 1908 hoc
1023 1879 1150 1907 verbum
1166 1887 1221 1907 cur
1237 1877 1369 1909 sollicita
1384 1880 1489 1911 statim

833 1926 997 1956 crediderit
1011 1932 1042 1957 et
1059 1931 1218 1967 tantopere
1239 1926 1381 1958 doluerit.
1427 1930 1489 1959 Du-

834 1977 922 2006 lorem
937 1975 1208 2017 ‹Iiffuditflemlo,“
1221 1977 1261 2005 sie
1272 1976 1385 2006 muchte
1398 1978 1490 2008 ihrem

834 2025 966 2055 Schmer:
979 2025 1073 2055 durch
1090 2024 1245 2054 Thraenen
1259 2024 1370 2065 ngr‘tss’
1394 2026 1490 2058 Hein-

833 2074 896 2105 sius
912 2074 1035 2104 volebat
1057 2073 1196 2114 defudim
1220 2073 1273 2104 sed
1297 2075 1376 2105 bene
1393 2077 1487 2118 ‹uffa-

833 2125 890 2159 dit,
908 2122 1029 2153 minuit.
1074 2123 1157 2153 Nam
1171 2133 1240 2163 quae
1255 2123 1487 2164 (Izffimduntur,

834 2173 865 2203 in
881 2173 980 2203 varias
995 2178 1097 2213 partes
1112 2172 1293 2207 funduntur,
1310 2183 1346 2203 ea
1360 2184 1488 2207 evanes-

834 2229 919 2253 cunt.
964 2221 1065 2252 Etiam
1092 2221 1219 2252 Heroid.
1241 2221 1304 2253 viii.
1320 2224 1490 2264 GLflendo

834 2272 1004 2313 diffundere
1029 2273 1114 2301 irum.
1160 2271 1278 2301 Deinde
1298 2271 1489 2312 pleonastice

834 2321 986 2352 additum.
1030 2320 1080 2350 Sic
1116 2321 1223 2350 deinde
1246 2328 1358 2360 postea,
1387 2324 1489 2364 itaque

833 2382 903 2411 ergo
926 2376 957 2401 et
982 2370 1013 2401 id
1039 2380 1137 2410 genus
1163 2369 1234 2399 alia.
1282 2370 1364 2403 Quid
1388 2379 1488 2404 autem

833 2419 961 2450 inservit
989 2418 1183 2453 correctioni,
1213 2420 1286 2449 'loch
1314 2431 1372 2450 was
1397 2424 1489 2453 weine

834 2471 901 2500 ich!
925 2469 1070 2500 Heinsius
1090 2468 1171 2498 hunc
1195 2468 1296 2499 locum
1311 2469 1355 2499 ita
1377 2470 1488 2503 distin—

833 2520 966 2560 guebat:
993 2531 1065 2553 mm,
1088 2520 1194 2548 deinde
1215 2521 1287 2558 quid
1310 2526 1410 2550 autem
1427 2523 1487 2562 fle-

835 2569 918 2598 mus?
942 2567 1015 2608 quia
1028 2568 1134 2597 deinde
1150 2566 1180 2596 in
1201 2567 1438 2609 interrogatione
1454 2571 1485 2601 id

835 2616 917 2658 quod
952 2618 1079 2647 tandem.
1126 2616 1227 2646 Pelles
1257 2618 1397 2655 lacrimis,
1425 2627 1487 2651 etc.

835 2666 902 2696 Hoc
939 2666 1089 2707 expressit
1125 2666 1256 2701 Seneca,
1292 2666 1387 2699 Herc.
1423 2670 1487 2700 OEt.

837 2715 929 2746 1676.
