1779 3130
370 160 991 203 METAMORPHOSEON
1024 160 1144 200 LIB.
1176 159 1264 201 IX.

1457 160 1513 201 83

127 281 157 298 “
177 275 467 331 Cladibus,''
484 275 748 330 exclamat,
769 280 799 298 “
817 274 1064 329 Saturnia,
1081 289 1287 336 pascere
1303 273 1506 330 nostris3

125 350 355 408 Pascere,
383 359 433 399 et
456 353 583 398 hanc
608 359 803 415 pestem
829 359 1001 414 specta
1028 350 1243 397 crudelis
1269 350 1330 396 ab
1357 349 1485 396 alto:

126 427 327 490 Corque
352 428 508 475 ferum
535 428 686 475 satia:
725 428 803 474 vel
828 427 868 473 si
894 426 1203 474 miserandus
1229 433 1279 472 et
1302 425 1434 471 hosti

124 503 297 551 Hostis
322 505 455 552 enim
480 505 569 551 tibi
595 521 720 559 sum,
748 503 866 550 diris
892 503 1192 550 cruciatibus
1218 516 1416 564 aegram,

123 579 443 643 Invisamque
469 580 700 636 animam,
726 588 997 642 natamque
1020 579 1292 633 laboribus,
1319 577 1472 625 aufer.

124 656 263 704 Mors
288 658 408 704 mihi
436 673 615 704 munus
644 658 766 705 erit:
806 657 953 704 decet
976 656 1083 702 haec
1115 655 1234 701 dare
1264 654 1396 700 dona
1423 669 1508 699 no-

323 750 518 780 VCI'Cam
527 771 536 780 .

1419 732 1505 776 181

122 808 255 872 Ergo
280 826 372 872 ego
396 810 665 856 foedantem
689 809 949 872 peregrino
974 809 1162 871 templa
1185 823 1358 854 cruore

124 886 325 933 Busirin
349 887 540 934 domui:
581 903 811 949 saevoque
836 885 1071 933 alimenta
1094 884 1312 947 parentis

123 962 300 1010 Antaeo
325 963 512 1026 eripui:
553 979 645 1010 nec
672 979 751 1010 me
776 963 988 1027 pastoris
1009 962 1142 1009 Iberi

169 1076 238 1106 176.
264 1076 406 1105 Cladibus
428 1086 546 1114 pascere
567 1077 683 1111 nostris,
699 1076 777 1116 etc]

122 1124 262 1155 Primum
276 1124 308 1155 iu
322 1125 477 1155 Junonem
494 1125 593 1155 multa
608 1135 678 1155 cum
695 1135 779 1155 acer-

120 1173 219 1204 bitate
245 1173 410 1208 invehitur,
436 1184 497 1203 non
522 1173 613 1204 modo
637 1173 710 1214 quia
732 1172 779 1203 in-

121 1221 200 1252 festa
215 1222 242 1252 ei
259 1232 378 1263 semper
392 1222 504 1257 fuerat,
520 1221 574 1252 sed
595 1221 688 1252 etiam
705 1221 779 1263 quia

121 1282 215 1312 opera
237 1271 304 1312 ejus
323 1271 468 1312 quaedam
490 1271 584 1301 fuisse
605 1271 728 1301 videtur
748 1271 779 1301 in

121 1320 180 1351 hoc
208 1320 274 1362 ipso
300 1320 441 1351 cruciatu
467 1319 641 1351 efficiendo.
686 1320 779 1351 Certe

121 1371 215 1400 Hom.
245 1369 284 1400 Il.
315 1374 351 1407 Σ,
383 1371 452 1400 129.
481 1369 579 1399 fatum
610 1369 778 1399 Herculem

120 1419 226 1449 domat
252 1424 284 1449 et
305 1421 408 1460 gravis
431 1420 478 1448 ira
498 1419 639 1448 Jnnonis.
682 1417 779 1459 Apud

120 1468 304 1510 Sophoclem
333 1475 438 1498 autem
475 1468 513 1499 de
550 1478 611 1498 una
647 1469 778 1509 conjuge

120 1517 272 1558 queritur.
299 1518 480 1559 Corsorum,
497 1518 628 1552 animus,
645 1516 698 1558 qui
713 1528 778 1556 pas-

120 1568 212 1602 citur,
227 1566 412 1602 delectatur,
426 1574 514 1605 peste,
530 1566 720 1596 cruciatibus
734 1567 778 1596 al-

121 1615 226 1646 terius.
253 1615 284 1645 Is
299 1617 441 1650 satiatur,
458 1626 554 1656 quum
571 1614 697 1644 immani
714 1615 780 1655 ejus

121 1664 287 1706 cupiditati
307 1664 417 1694 satisfit
438 1664 589 1693 immensa
605 1662 700 1693 hostis
719 1663 777 1692 mi-

121 1714 214 1743 seria.
257 1713 355 1753 Atqui
372 1713 451 1743 tales
467 1711 677 1753 χαιρεκάκους
693 1722 779 1741 max-

121 1761 182 1792 imo
193 1767 223 1791 et
231 1760 411 1801 dignissimo
421 1761 491 1791 odio
500 1771 690 1791 aversamur.
716 1762 777 1790 Ea-

121 1810 192 1840 dem
209 1811 301 1840 verba
317 1817 348 1840 et
362 1820 454 1851 supra
468 1815 633 1839 occurrunt
649 1809 687 1838 vi.
704 1809 777 1839 280.

168 1861 239 1889 182.
266 1860 348 1900 Ergo
363 1859 599 1900 egofoeduntem,
615 1858 693 1897 etc.]
726 1859 777 1888 In-

120 1908 198 1950 cipit
218 1908 338 1938 labores
360 1918 432 1938 suos
450 1917 702 1941 commemorare,
724 1908 776 1947 qui

121 1958 161 1988 ab
186 1957 354 1987 innumeris
378 1956 440 1987 fere
467 1955 646 1987 auctoribus
670 1966 777 1986 recen-

120 2011 237 2041 sentur,
263 2005 302 2036 de
324 2005 438 2046 quibus
463 2004 529 2035 vid.
554 2004 709 2045 HeyniuS‚
739 2004 778 2034 ad

120 2055 359 2097 Apollodorum,
378 2054 422 2084 ΙΙ.
435 2054 476 2084 ἰν.
491 2055 522 2084 8.
567 2054 697 2094 Propter
712 2063 776 2089 eos,

121 2114 217 2145 quum
233 2104 383 2134 salutares
398 2102 519 2133 Graecis
534 2108 589 2132 aut
599 2108 712 2137 essent,
726 2107 779 2132 aut

119 2163 186 2183 esse
212 2152 421 2187 crederentur,
449 2150 529 2181 inter
556 2152 642 2181 Deos
664 2151 779 2181 relatus

118 2206 176 2232 est.
222 2201 339 2230 Minuit
367 2206 471 2231 tamen
498 2199 644 2230 Herculis
671 2200 779 2230 laudes

120 2249 291 2284 Lucretius,
316 2260 343 2279 ν.
355 2249 496 2279 22—43.
509 2248 562 2278 ubi
578 2248 680 2283 docet,
697 2248 776 2278 divi-

119 2299 167 2329 nis
182 2298 349 2329 honoribus
361 2298 532 2338 digniorem
545 2308 623 2332 esse,
636 2297 688 2337 qui
701 2308 777 2338 puro

120 2353 244 2390 pectore
261 2347 364 2377 vivere
382 2346 521 2377 homines
541 2346 663 2376 doceat.
712 2347 775 2376 Ne-

120 2407 180 2438 que
201 2397 344 2426 Lactant.
366 2396 445 2425 Inst.
467 2395 532 2425 div.
557 2394 578 2424 i.
601 2396 632 2425 8.
649 2405 775 2435 magno-

119 2455 192 2486 pere
212 2444 278 2474 istis
295 2444 453 2474 laboribus
475 2444 569 2474 favet.
614 2443 675 2473 Sed
696 2444 775 2473 Her-

119 2494 198 2524 culis
212 2493 309 2534 gloria
322 2504 360 2523 ex
381 2492 664 2534 antiquissimorum
685 2492 775 2522 Grae-

119 2553 223 2572 eorum
234 2552 326 2572 sensu
338 2547 368 2571 et
379 2542 514 2572 moribus
524 2540 706 2570 aestimanda
719 2546 776 2576 est,

119 2590 202 2632 apud
218 2601 295 2631 quos
311 2590 456 2620 fortitudo
474 2589 590 2619 bellica
611 2599 730 2619 summa
746 2594 776 2618 et

119 2649 182 2670 una
197 2638 292 2669 virtus
308 2639 488 2669 habebatur.
516 2638 597 2677 Ergo
613 2637 774 2677 indignan-

121 2686 160 2716 tis
182 2693 228 2717 est
251 2688 290 2717 ob
319 2687 440 2717 labores
464 2687 575 2716 frustra
604 2690 775 2725 susceptos.

849 1076 899 1106 Sic
925 1075 1086 1106 commode
1112 1085 1215 1105 eorum
1243 1074 1276 1104 fit
1299 1073 1427 1108 mentio,
1453 1072 1509 1102 sed

848 1125 994 1159 breviter,
1018 1130 1052 1154 ut
1072 1135 1128 1165 par
1147 1129 1223 1157 erat,
1244 1128 1275 1153 et
1290 1121 1391 1152 verbis
1412 1121 1507 1162 signi-

848 1173 1067 1208 ficantissimis,
1095 1173 1208 1213 quibus
1234 1171 1415 1211 magnitudo
1442 1181 1507 1200 me-

847 1222 973 1252 ritorum
996 1227 1026 1252 et
1051 1220 1239 1251 fortitudinis
1261 1219 1406 1250 Herculis
1427 1229 1504 1260 prae-

848 1272 930 1301 clare
946 1271 1136 1301 declaratur.
1171 1271 1217 1299 Ex
1240 1280 1276 1299 eo
1295 1278 1407 1308 genere
1424 1273 1507 1301 sunt,

837 1321 962 1361 jirclans
986 1321 1103 1359 templa,
1128 1330 1218 1349 saevus
1240 1318 1383 1351 Antaeus,
1409 1317 1507 1357 hydra

845 1372 978 1411 geminas
1002 1372 1077 1400 vires
1102 1379 1259 1403 resumens,
1281 1367 1353 1408 equi
1377 1367 1506 1395 humano

846 1422 992 1459 sanguine
1009 1420 1147 1459 pingues,
1167 1423 1298 1447 instator
1320 1426 1404 1457 aper,
1420 1416 1507 1445 moles

848 1468 957 1503 leonis,
973 1474 1033 1499 etc.
1071 1467 1195 1498 Confer.
1211 1465 1380 1507 Sophocles
1394 1465 1506 1495 Trach.

847 1528 912 1547 ver.
936 1518 1014 1548 1054
1036 1527 1106 1558 sqq.
1127 1527 1195 1556 quse
1216 1516 1331 1545 Noster
1347 1514 1507 1555 expressit.

849 1566 1013 1607 Peregrino
1031 1576 1147 1599 erum-e,
1165 1563 1316 1604 sanguine
1336 1563 1505 1604 hospitum,

848 1625 924 1654 quos
941 1614 1011 1644 Diis
1026 1613 1089 1643 suis
1104 1613 1286 1642 immolabat
1307 1611 1435 1646 Busiris,
1452 1622 1504 1641 rex

848 1663 990 1704 AEgypti.
1039 1663 1160 1696 Domui,
1178 1660 1279 1702 ipsum
1300 1665 1331 1690 et
1351 1659 1506 1690 ministros

847 1721 1003 1741 sacrorum
1037 1711 1129 1740 clava
1156 1708 1309 1739 interfeci.
1364 1710 1505 1739 Antoeum

848 1760 998 1801 Libycum
1015 1771 1075 1790 non
1091 1760 1205 1789 usitato
1220 1756 1406 1787 luctantium
1422 1768 1505 1787 more

846 1808 973 1843 devicit,
989 1815 1021 1839 ut
1033 1819 1103 1838 eum
1116 1807 1154 1837 ad
1168 1814 1276 1837 terram
1289 1806 1386 1840 daret,
1400 1808 1505 1847 (nam-

846 1869 906 1899 que
926 1869 1023 1899 quum
1037 1858 1173 1891 Terram,
1192 1866 1260 1897 quae
1285 1861 1350 1885 erat
1369 1856 1436 1897 ejus
1450 1868 1503 1895 pa-

847 1918 923 1943 rens,
935 1908 1113 1947 attingeret,
1128 1907 1271 1935 alimenta
1284 1904 1354 1934 inde
1368 1910 1398 1935 et
1411 1915 1505 1935 novas

846 1956 925 1987 vires
939 1955 1132 1997 accipiebat)
1147 1954 1200 1985 sed
1214 1953 1341 1984 brachio
1352 1964 1422 1983 eum
1439 1964 1505 1984 sus-

845 2005 926 2039 tulit,
940 2015 1096 2045 manuque
1114 2004 1219 2033 fauces
1231 2003 1297 2043 ejus
1313 2003 1504 2043 compressit,

845 2058 880 2082 ut
896 2053 983 2083 intel.
1001 2063 1016 2082 e
1037 2061 1165 2082 nummo
1184 2051 1323 2091 antiquo,
1340 2060 1432 2091 quem
1452 2061 1505 2081 ex-

845 2100 931 2131 hibet
954 2100 1129 2132 Gronovius
1153 2099 1185 2129 in
1211 2097 1347 2129 Diatrib.
1371 2098 1505 2129 Statian.

845 2159 913 2190 cap.
930 2161 1004 2180 xxv.
1039 2150 1172 2178 Pastoris
1184 2148 1374 2188 Iherifmvna
1386 2148 1504 2186 tripler,

846 2200 985 2239 Geryon,
999 2198 1203 2239 τρισώματος
1213 2196 1327 2236 βωτὴρ
1339 2194 1505 2235 Ἐρυθείας

846 2248 952 2288 Eurip.
975 2247 1106 2277 Hercul.
1125 2246 1197 2276 Fur.
1218 2246 1303 2279 423;
1332 2244 1505 2283 Tripectom

845 2298 1000 2337 tergemini
1022 2298 1064 2326 vis
1087 2295 1251 2335 Geryonai,
1273 2292 1447 2327 Lucretius,
1470 2304 1502 2323 v.

844 2346 896 2375 28.
921 2345 1044 2386 Nempe
1060 2343 1192 2373 insulam
1209 2341 1377 2382 Erytheam
1394 2341 1504 2381 (hodie

847 2394 971 2429 (ludii.)
993 2392 1100 2434 pabuli
1124 2391 1234 2422 laetitia
1258 2390 1422 2430 insignem,
1443 2396 1504 2421 tres

844 2443 953 2473 fratres
982 2441 1149 2471 concordes
1177 2439 1320 2469 habuisse
1348 2438 1504 2474 videntur,

845 2501 975 2531 quorum
993 2496 1132 2520 armenta.
1152 2498 1279 2518 summae
1297 2488 1386 2517 samae
1406 2487 1503 2518 fuere.

846 2539 926 2569 Vide
947 2538 1118 2572 Justinum,
1140 2537 1215 2566 xliv.
1233 2538 1262 2567 4.
1288 2535 1341 2576 qui
1364 2535 1503 2565 fabulam

844 2588 918 2618 satis
933 2586 1131 2629 probabiliter
1146 2586 1374 2627 interpretatur.
1409 2583 1501 2614 Adde

846 2636 1072 2677 Palaephatum,
1095 2645 1165 2676 cap.
1183 2637 1224 2665 25
1245 2640 1275 2665 et
1291 2634 1342 2663 40.
1391 2633 1498 2667 Movit,

844 2684 1005 2715 deterruit.
