1779 3130
361 150 980 194 METAMORPHOSEON
1014 151 1134 195 LIB.
1171 153 1281 195 XV.

1431 156 1516 197 437

131 263 304 326 Nuper
328 263 571 312 Abanteis
597 267 783 328 templo
808 266 1018 314 Junonis
1044 268 1093 313 in
1119 268 1283 329 Argis.

129 340 312 387 Omnia
332 349 612 388 mutantur:
644 342 763 388 nihil
789 342 982 399 interit;
1013 351 1158 399 errat,
1181 351 1231 390 et
1256 344 1388 390 illinc
1430 347 1521 392 165

129 414 241 461 Huc
266 417 416 471 venit,
444 417 556 462 hinc
583 417 717 473 illuc,
745 425 795 464 et
821 419 1069 480 quoslibet
1095 427 1308 482 occupat
1333 428 1468 468 artus
1522 480 1525 482 ,

131 490 362 553 Spiritus,
390 508 517 554 eque
542 493 656 539 seris
683 493 896 540 humana
921 494 969 539 in
996 510 1203 557 corpora
1226 497 1419 551 transit,

129 565 290 628 Inque
316 567 442 614 feras
469 575 651 624 noster,
679 584 770 615 neo
796 577 1018 632 tempore
1044 570 1238 633 deperit
1264 571 1381 618 ullo.

133 641 304 704 thue
329 643 466 689 novis
492 643 649 690 facilis
675 644 897 706 signatur
922 661 1035 692 cera
1058 646 1245 707 figuris,

133 717 242 764 Nec
267 726 450 774 manet,
479 728 531 766 ut
555 719 729 774 fuerat,
757 736 849 767 nee
875 720 1054 767 formas
1080 729 1243 769 servat
1268 723 1485 779 easdem,

134 793 235 840 Sed
272 801 438 841 tamen
473 795 583 857 ipsa
614 795 788 842 eadem
821 804 925 843 est:
972 798 1186 844 animam
1221 798 1292 845 sic
1327 815 1524 863 semper

332 873 541 919 eandem

1432 879 1517 923 17‘1

135 946 278 1003 Esse,
306 949 393 996 sed
420 949 468 995 in
493 949 650 995 varias
673 950 828 997 doceo
853 950 1063 1012 migrare
1088 951 1286 1013 figuras.

136 1022 285 1086 Ergo,
313 1042 374 1072 ne
401 1026 561 1089 pietas
587 1026 651 1072 sit
673 1026 803 1072 victa
827 1027 1060 1090 cupidine
1085 1027 1285 1082 ventris,

136 1100 350 1158 Parcite,
376 1103 630 1158 vaticinor,
657 1111 891 1166 cognatas
917 1104 1054 1150 caede
1079 1104 1292 1151 nefanda

139 1176 417 1225 Exturbare
443 1179 660 1236 animas3
701 1195 792 1226 neo
819 1180 1056 1241 sanguine
1083 1181 1283 1242 sanguis
1310 1181 1486 1229 alatur.

205 1253 271 1300 Et
287 1255 520 1316 quoniam
536 1271 714 1316 magno
730 1254 856 1302 feror
871 1271 1085 1318 aequore,
1103 1257 1351 1320 plenaque
1366 1258 1528 1305 ventis

185 1413 255 1443 165.
274 1414 381 1445 Omnia
395 1422 565 1451 mutantur,
575 1416 650 1445 nillil
662 1416 795 1455 interit]

139 1460 208 1490 Hoc
223 1467 270 1491 est
284 1462 483 1504 principium,
497 1464 579 1494 unde
595 1470 626 1494 et
641 1464 798 1495 immorta-

139 1507 259 1540 litatem
274 1516 305 1540 et
321 1511 533 1551 migrationem
553 1513 726 1543 animarum
744 1513 798 1543 de-

867 1416 951 1457 apud
967 1416 1084 1447 Tibull.
1099 1417 1128 1446 Ι.
1142 1416 1163 1446 ἰ.
1179 1418 1240 1454 40;
1264 1417 1317 1447 ubi
1332 1416 1425 1447 etiam
1443 1419 1528 1459 Hey-

867 1465 936 1495 nius
960 1471 1075 1501 monet,
1101 1465 1159 1495 sibi
1186 1465 1216 1495 h.
1239 1466 1259 1496 l.
1280 1465 1379 1506 magis
1403 1466 1529 1507 placere

856 1514 985 1555 facilis3
1003 1514 1163 1554 Virgilius,
1175 1514 1289 1554 Georg.
1302 1514 1322 1544 i.
1338 1515 1528 1556 266.facz·lis

140 1557 264 1589 rivavit.
302 1560 408 1591 Multa
423 1572 546 1602 quoque
561 1562 600 1592 de
614 1562 798 1603 Pythagoraa
858 1563 990 1603 fisci11a3
1016 1562 1061 1592 iii.
1082 1563 1279 1603 165.s‹1ciles
1305 1564 1421 1599 animi‚·
1444 1563 1528 1595 Plin.

141 1607 359 1648 metaphysica
374 1610 480 1640 retulit
495 1610 635 1641 Laert.in
651 1611 718 1651 ejus
730 1611 804 1642 vita.

143 1654 274 1693 Spiritus
293 1667 347 1696 pro
364 1657 467 1689 anima
488 1670 548 1689 non
570 1659 705 1689 insolens
718 1665 802 1690 vete-

141 1702 227 1734 ribus
240 1717 248 1743 3
269 1706 339 1736 vide
352 1708 600 1738 Brouckhusium
613 1708 653 1738 ad
664 1710 804 1750 Propert.

142 1751 206 1783 III.
228 1753 290 1785 xvi.
313 1756 362 1785 lo.
409 1757 559 1790 Quoslibet
583 1763 678 1792 artus,
701 1757 803 1798 cujus-

143 1811 267 1842 cunque
283 1804 403 1843 generis
421 1816 558 1847 corpora.
603 1806 730 1836 Tractat
746 1806 804 1836 hoc

145 1850 270 1882 uberius
287 1853 402 1883 Tibull.
419 1855 476 1884 IV.
492 1854 512 1884 i.
529 1856 609 1886 206:
640 1859 658 1871 “
677 1855 804 1885 Mutata

144 1898 274 1939 figuram
295 1902 355 1932 Seu
377 1913 425 1933 me
449 1903 543 1943 finget
559 1914 674 1944 equum
689 1903 803 1943 rigidos

142 1958 318 1988 percurrere
334 1961 459 1992 campos
473 1952 609 1983 Doctum
623 1964 631 1990 3
655 1962 709 1982 seu
722 1952 802 1982 tardi

143 1997 263 2037 pecoris
288 1999 344 2029 sim
369 2000 468 2040 gloria
492 2007 613 2039 taurus3
649 2002 721 2031 Sive
746 2011 803 2041 ego

144 2056 198 2086 per
220 2045 372 2087 liquidum
391 2049 506 2079 volucri
524 2050 618 2080 vehar
633 2060 706 2080 aera
726 2061 801 2090 pen-

146 2104 186 2123 na
203 2105 211 2132 ;
259 2096 518 2138 Quandoeunque
558 2098 715 2128 hominem
754 2109 802 2128 me

145 2141 238 2182 longa
263 2144 412 2185 receperit
432 2151 519 2181 zetas,
536 2146 688 2187 Incoeptis
710 2146 748 2176 de
773 2152 803 2176 te

145 2192 308 2221 subtexam
326 2193 464 2223 carmina
480 2194 627 2224 chartisss‘

192 2241 262 2270 169.
288 2241 385 2281 thue
408 2244 638 2283 norisjizcilis]
666 2243 804 2273 Desendi

146 2294 247 2330 potest
257 2290 398 2332 fragilis,
415 2292 498 2332 quod
514 2292 661 2322 Heinsius
675 2303 691 2322 e
708 2293 805 2333 primo

147 2338 308 2374 Gronovii,
327 2350 386 2370 uno
403 2340 505 2370 Vossii
526 2347 556 2370 et
580 2351 640 2370 uno
660 2341 806 2371 Mediceo

147 2387 285 2427 recepit;
311 2388 386 2428 quia
408 2399 475 2418 eam
499 2389 597 2430 ipsam
621 2390 660 2419 ob
679 2399 805 2418 causam

149 2434 314 2466 simulacra
328 2447 417 2467 cerea
440 2447 549 2467 novam
571 2437 701 2467 subinde
721 2437 804 2466 acci-

149 2483 237 2524 piunt
252 2484 394 2524 figuram,
413 2485 487 2526 quia
498 2485 807 2526 facilefranguntur.

149 2531 342 2572 Exquisitius
368 2540 473 2563 tamen
502 2540 533 2563 et
560 2534 720 2564 sententian
746 2533 805 2563 loci

149 2581 382 2612 convenientius
415 2582 546 2617 ridetur,
574 2582 655 2623 quod
691 2582 807 2612 liabent

150 2628 259 2669 reliqui
283 2636 330 2670 tet
353 2631 444 2671 Regii
470 2631 720 2671 ambo,)sacilis‚
737 2641 806 2671 quae

150 2677 274 2708 tractari
298 2678 390 2710 facile
412 2684 526 2720 potest,
545 2679 687 2719 utsacile
711 2680 809 2708 [ιιιιιηι

872 1612 949 1641 VII.
966 1612 1027 1652 Ep.
1043 1611 1084 1641 ix.
1102 1611 1150 1640 ll.
1163 1622 1229 1641 cera
1246 1612 1341 1642 mollis
1356 1614 1530 1652 cedensque,

870 1662 894 1690 si
926 1666 1068 1700 sequatur
1097 1662 1215 1701 digitos.
1263 1660 1422 1690 Revocavi
1457 1671 1530 1702 ergo

871 1708 1074 1749 antiquiorem
1098 1707 1283 1746 lectionem3
1307 1714 1338 1738 et
1357 1707 1432 1744 vidi,
1447 1708 1531 1739 idem

871 1757 986 1787 factum
1015 1767 1033 1786 a
1057 1755 1315 1786 Mitscherliehio.
1360 1758 1532 1797 Signantur

871 1816 919 1840 ea,
936 1805 1049 1846 quibus
1075 1810 1148 1835 nota
1172 1804 1368 1846 imprimitur,
1385 1805 1438 1835 sed
1463 1806 1493 1837 h.
1510 1807 1532 1837 l.

872 1854 986 1895 quibus
1014 1864 1093 1883 nova
1117 1853 1215 1893 figura
1240 1852 1390 1883 induitur.
1435 1854 1534 1886 Totus

871 1913 977 1933 versus
1006 1912 1149 1942 sequeus,
1180 1902 1244 1931 Nec
1273 1905 1531 1933 manet—easdem

871 1949 1047 1989 tautologiae
1086 1949 1158 1980 vitio
1197 1949 1327 1985 laborat,
1357 1955 1388 1980 et
1420 1951 1532 1982 melius

871 1999 1006 2029 abesset.
1053 1998 1163 2028 Omnis
1192 2004 1296 2028 autem
1326 1998 1392 2028 haec
1425 1998 1532 2029 simili-

871 2047 946 2077 tudo
963 2058 1022 2077 non
1043 2047 1182 2086 urgenda
1205 2046 1294 2076 nimis
1311 2052 1369 2077 est.
1415 2048 1531 2078 Enar-

871 2098 992 2132 bantur,
1009 2096 1062 2136 qui
1077 2107 1093 2126 e
1109 2096 1180 2126 sede
1196 2106 1250 2125 sua
1266 2095 1444 2136 ejiciuntur.

917 2146 988 2175 176.
1016 2145 1055 2174 Et
1076 2146 1211 2184 quonium
1228 2155 1345 2183 magno,
1361 2145 1438 2184 etc.]
1466 2146 1532 2176 No-

872 2205 943 2224 vum
965 2194 1088 2234 dogma,
1105 2193 1154 2223 cui
1179 2203 1286 2223 ansam
1307 2193 1459 2224 dederunt
1480 2207 1531 2226 su-

873 2242 1002 2283 periora.
1032 2242 1060 2271 A
1076 2240 1258 2281 migratione
1275 2240 1446 2272 animarum
1463 2253 1531 2284 per-

872 2291 917 2331 git
946 2290 984 2320 ad
1019 2289 1222 2320 mutationem
1251 2290 1388 2319 omnium
1416 2301 1529 2328 rerum,

873 2345 1051 2379 motumque
1064 2343 1261 2379 perpetuum.
1308 2337 1418 2377 Itaque
1436 2350 1531 2380 expo-

874 2388 920 2417 nit
947 2387 985 2416 de
1012 2393 1148 2426 tempore
1176 2396 1252 2416 vers.
1277 2386 1462 2424 179—185;
1495 2387 1533 2419 de

874 2435 946 2465 coeli
978 2434 1201 2465 mutationibus
1230 2445 1309 2464 vers.
1343 2435 1532 2475 Iao—1985

875 2483 913 2513 de
933 2492 1064 2524 (mutuor
1086 2482 1157 2513 anni
1179 2482 1318 2522 partibus
1334 2493 1412 2513 vers.
1431 2485 1532 2515 199—

874 2533 935 2562 213
951 2543 958 2566 ;
982 2531 1021 2561 de
1042 2531 1201 2561 hominum
1218 2531 1396 2572 corporibus
1411 2538 1442 2562 et
1457 2539 1533 2564 aeta—

874 2582 966 2616 tibus,
991 2581 1178 2617 214—2363
1210 2579 1247 2609 de
1277 2579 1449 2616 elementis,
1474 2583 1535 2612 ori-

875 2630 945 2670 gine
957 2636 988 2659 et
999 2628 1167 2659 mutatione
1180 2634 1339 2663 terrarum,
1350 2629 1533 2667 237-272;

877 2678 914 2708 de
944 2676 1166 2708 mutationibus
1195 2675 1344 2706 variorum
1374 2686 1532 2718 corporum
