1779 3130
381 173 1002 216 METAMORPHOSEON
1038 171 1157 214 LIB.
1188 174 1252 214 X.

1425 175 1508 216 157⁴

122 289 306 345 Verba,
323 288 505 351 quibus
524 288 708 336 Veneri
733 294 898 350 grates
925 295 1066 350 agat:
1096 304 1281 351 oraque
1306 289 1506 336 tandem

124 365 226 412 Ore
252 381 341 411 suo
366 381 464 411 non
491 364 615 411 falsa
640 364 847 426 premit3
888 364 1108 426 dataque
1133 365 1306 411 oscula
1322 364 1458 427 virgo

126 440 310 495 Sensit,
338 447 387 487 et
411 440 622 495 erubuit,
647 439 980 503 timidumque
1005 440 1068 486 ad
1093 440 1279 487 lumina
1302 441 1470 488 lumen

125 516 389 570 Attollens,
417 516 601 579 pariter
626 532 739 563 cum
766 518 890 564 coelo
914 517 1037 564 vidit
1061 524 1325 564 amantem.

125 593 392 656 Conjugi0‚
420 593 554 655 quod
580 592 713 648 fecit,
741 594 886 640 adest
912 594 1050 642 Dea:
1085 596 1294 657 jamque
1325 595 1510 642 coactis

125 669 373 716 Cornibus
399 669 448 715 in
473 670 676 732 plenum
702 670 869 717 novies
895 671 1150 718 lunaribus
1176 671 1364 726 orbem,
1415 675 1510 719 296

126 745 220 792 Illa
245 746 456 808 Paphon
482 746 668 807 genuit,
697 746 759 793 de
786 761 885 808 quo
910 753 1047 794 tenet
1071 747 1232 794 insula
1256 763 1452 794 nomen.

191 819 311 868 VII.
338 820 515 868 Editus
537 822 629 868 hac
650 822 732 868 ille
748 829 841 878 est,
861 823 963 885 qui,
982 824 1022 870 si
1042 823 1148 870 sine
1167 824 1304 886 prole
1320 823 1511 876 fuisset,

127 896 264 945 Inter
290 897 458 944 felices
486 898 699 960 Cinyras
725 899 974 961 potuisset
996 899 1184 946 haberi.

1385 901 1484 961 [tes
1501 899 1510 945 !

128 974 250 1021 Dira
271 990 474 1022 canam:
504 981 632 1021 natae
658 976 829 1038 procul
854 976 985 1030 hinc,
1007 976 1180 1039 procul
1204 983 1312 1023 este
1336 991 1511 1038 paren-

125 1146 228 1179 cunia,
251 1143 396 1185 plurima,
419 1143 554 1185 copiosa.
601 1144 671 1174 Non
685 1145 785 1186 falsa,

127 1193 197 1224 vide
213 1194 253 1224 ad
269 1204 332 1224 ver.
344 1194 419 1224 250.

170 1244 246 1274 293.
270 1243 368 1273 Sensit
381 1250 410 1273 et
425 1242 575 1282 erubuit]
601 1241 719 1273 Melius
733 1243 787 1273 ob-

126 1291 333 1333 stupefactam
344 1291 495 1333 virginem
512 1291 698 1322 induxisset.
721 1292 786 1322 Ne—

127 1351 178 1371 mo
204 1341 262 1371 hoc
286 1340 395 1371 credit.
443 1341 491 1370 Ad
516 1341 643 1376 Iumina,
667 1340 790 1371 scilicet

127 1389 218 1420 solis:
252 1400 324 1420 nam
354 1389 494 1430 sequitur
521 1401 589 1419 cum
614 1391 684 1420 coelo
714 1392 789 1420 vidit

126 1445 286 1468 amantem.
331 1437 382 1468 Sic
396 1443 481 1468 recte
497 1439 697 1468 Burmannus
716 1449 789 1468 con—

128 1492 176 1517 tra
190 1486 367 1523 Heinsium‚
384 1486 438 1528 qui
461 1498 515 1528 per
536 1488 651 1517 lumina
675 1487 790 1517 intelli-

128 1537 223 1577 gebat
235 1537 393 1566 fenestras.
423 1536 518 1576 Regii
532 1536 629 1567 nostri
644 1535 789 1571 Codices,

129 1586 168 1614 ad
181 1586 309 1620 lumina,
322 1584 406 1625 quod
421 1595 478 1624 ego
494 1585 574 1615 ultro
591 1584 787 1626 interpreter,

131 1633 170 1664 ad
186 1633 291 1664 oculos
307 1633 532 1674 Pygmalionis.

173 1684 248 1713 295.
278 1684 380 1719 Adest,
401 1682 476 1723 quia
498 1682 553 1712 illa
577 1692 647 1712 mox
669 1687 790 1713 uterum

129 1731 200 1762 sert.
231 1731 358 1762 Cornua
371 1731 454 1761 lunae
471 1737 633 1772 coguntur,
648 1737 792 1762 creseunt

131 1781 162 1811 in
188 1780 316 1822 plenum
343 1781 459 1810 orbem.
506 1780 621 1819 Paphos
647 1790 707 1810 non
733 1779 792 1810 nisi

131 1830 205 1860 urbs
218 1829 326 1871 Cypri,
341 1839 434 1870 quam
451 1828 591 1859 condidit
602 1829 651 1859 vel
667 1828 717 1859 hic
730 1830 790 1859 Pa-

131 1877 465 1919 phuS,velsecu11dum
477 1877 665 1907 Pausaniam
677 1877 791 1908 Arcad.

131 1938 162 1967 p.
178 1927 252 1958 607.
270 1926 449 1967 Agapenor,
466 1937 574 1967 quum,
590 1926 650 1956 Ilio
672 1936 791 1962 everso,

131 1975 240 2006 classis
262 1975 423 2006 Arcadum
449 1975 492 2005 ibi
517 1975 707 2017 appulisset3
741 1975 791 2005 vel

127 2024 220 2064 juxta
242 2024 389 2065 Apollod.
414 2024 476 2054 111.
500 2024 564 2054 xiv.
589 2025 622 2054 3.
648 2024 792 2065 Cinyras,

131 2073 287 2114 Syriorum
307 2084 370 2103 rex.
416 2073 464 2103 Ibi
489 2073 642 2115 templum
659 2073 794 2104 Veneris

131 2122 427 2160 celebratissimum;
450 2122 552 2153 Tacit.
567 2123 649 2153 Hist.
665 2122 697 2153 ii.
712 2124 742 2153 3.

175 2172 360 2202 298—50-2.
378 2172 427 2202 Cf.
440 2171 560 2212 Hygin.
574 2172 637 2202 sab.
648 2173 708 2209 583
726 2172 793 2202 An-

134 2227 196 2252 ton.
212 2221 282 2252 Lib.
306 2232 375 2263 cap.
398 2223 458 2260 343
483 2221 631 2263 Apollod.
648 2222 709 2252 III.
732 2221 793 2252 xiV.

135 2272 174 2307 43
196 2270 322 2301 Tzetzes
343 2270 374 2299 in
391 2270 545 2311 Lycophr.
560 2281 590 2311 p.
606 2272 666 2308 603
689 2270 795 2301 Schol.

134 2320 289 2351 Theocrit.
305 2319 344 2349 ad
361 2320 410 2350 Id.
423 2319 442 2349 i.
457 2320 530 2356 1073
548 2320 633 2350 Serv.
649 2319 689 2350 ad
709 2319 795 2360 Virg.

135 2368 202 2399 Eel.
223 2379 254 2398 x.
274 2369 325 2398 18.
349 2374 381 2398 et
405 2369 478 2399 t'En.
501 2370 533 2398 5.
561 2369 620 2407 723
647 2369 793 2409 Fulgent.

136 2417 274 2458 Mythol.
289 2417 334 2447 iii.
352 2419 382 2448 8.

180 2467 287 2497 Dubia
310 2467 415 2498 omnia
437 2473 508 2497 sunt
529 2473 561 2498 et
581 2466 710 2502 incerta,
726 2477 795 2508 quae

138 2516 269 2546 Veteres
284 2521 315 2546 et
334 2516 373 2546 de
390 2516 570 2557 parentibus
591 2522 622 2546 et
641 2516 680 2546 de
697 2515 798 2557 patria

137 2564 263 2605 Cinyrae
294 2564 438 2594 tradunt:
465 2564 530 2595 vid.
556 2564 730 2594 Munkerus
757 2563 797 2594 ad

138 2612 254 2643 Anton.
271 2612 405 2643 Liberal.
422 2613 453 2642 d.
479 2613 500 2643 1.
522 2618 552 2643 et
576 2613 735 2643 Meursius
757 2612 796 2642 de

140 2661 254 2702 Cypro,
281 2661 314 2692 ii.
341 2663 371 2692 9.
416 2661 550 2692 'l'hiantc
585 2668 693 2692 natum
725 2672 796 2692 eum

139 2710 302 2750 perhibent
318 2711 428 2749 multi3
452 2711 585 2741 Sandoci
607 2711 704 2741 filium
723 2710 796 2740 facit

854 1142 1003 1185 Apollod.
1044 1144 1158 1184 Neque
1181 1153 1217 1174 ex
1239 1143 1381 1174 hocloco
1395 1143 1515 1185 aliquid

854 1192 974 1223 definiri
997 1197 1110 1234 potest.
1154 1192 1236 1222 MSS
1262 1202 1380 1228 omnes,
1407 1193 1516 1223 Editus

854 1248 883 1272 et
898 1243 950 1272 ille
967 1248 1019 1277 est,
1036 1241 1118 1282 quod
1136 1241 1299 1272 Constant.
1326 1242 1402 1272 Fan.
1414 1248 1518 1272 muta-

855 1289 900 1320 vit
922 1290 954 1320 in
980 1290 1090 1320 Editus
1115 1291 1169 1321 hac
1195 1291 1246 1321 ille
1268 1296 1320 1326 est,
1344 1296 1378 1320 ut
1404 1296 1516 1321 statuae

856 1337 1002 1369 animatae
1031 1344 1062 1369 et
1085 1338 1299 1380 Pygmalionis
1323 1339 1405 1370 filius
1425 1340 1519 1370 fuisse

857 1386 990 1417 dicatur.
1036 1387 1099 1417 Sed
1114 1387 1264 1417 Heinsius
1278 1387 1426 1424 malebat,
1444 1388 1519 1418 Edi-

859 1443 906 1466 tus
929 1437 981 1466 hoc
1005 1435 1142 1476 (scilicet
1159 1436 1284 1477 Papho)
1309 1437 1360 1466 ille
1381 1443 1433 1467 est.
1479 1438 1520 1467 Et

860 1485 958 1525 Paphi
972 1486 1064 1525 filius
1085 1491 1213 1515 vocatur
1236 1486 1275 1515 ab
1299 1484 1439 1526 Hygino,
1457 1486 1520 1516 fab.

857 1535 921 1564 242
945 1539 976 1564 et
1000 1535 1081 1572 2703
1105 1534 1302 1575 Assyriorum
1323 1545 1426 1575 regem
1450 1545 1521 1565 eum
1562 1564 1565 1568 ,

859 1583 977 1614 faciunt
1010 1583 1169 1624 Hyginus,
1200 1583 1264 1613 fab.
1296 1585 1337 1614 58
1371 1588 1402 1614 et
1438 1585 1520 1621 2423

858 1632 1079 1674 Apollodorus,
1095 1632 1128 1663 d.
1145 1633 1168 1662 l.
1215 1632 1366 1673 Cyprium
1387 1643 1458 1663 eum
1475 1643 1522 1663 re-

858 1692 929 1722 gem
949 1681 1042 1713 fuisse
1060 1681 1121 1722 (sie
1137 1682 1231 1712 etiam
1247 1682 1411 1717 Homerus,
1427 1681 1521 1712 Iliad.

864 1735 899 1762 Λ.
929 1732 982 1761 21.
1012 1731 1065 1761 ubi
1096 1731 1365 1771 Agamemnonem
1396 1730 1521 1761 thorace

860 1779 984 1819 donat,)
1016 1780 1070 1821 qui
1107 1779 1240 1809 ditatam
1277 1779 1519 1815 meretriculam,

860 1829 1015 1859 Venerem
1031 1828 1165 1864 nomine,
1177 1829 1257 1859 inter
1272 1828 1357 1858 Deos
1372 1828 1522 1863 retulerit,

861 1878 1040 1918 Venerique
1058 1877 1183 1918 Cypriae
1201 1887 1315 1907 arcana
1330 1887 1419 1907 sacra
1433 1876 1522 1906 insti-

861 1927 964 1963 tuerit,
989 1927 1102 1968 quibus
1124 1926 1238 1956 multos
1259 1925 1441 1961 initiaverit,
1461 1931 1521 1956 tra-

860 1976 940 2007 dunt
963 1975 1109 2007 Clemens
1134 1975 1305 2006 Alexandr.
1320 1976 1475 2017 Protrept.
1491 1986 1523 2016 p,

860 2027 898 2060 5;
926 2025 1045 2055 Arnob.
1071 2024 1192 2055 advers.
1209 2024 1338 2059 Gentes,
1362 2023 1418 2054 lib.
1437 2023 1478 2054 iv.
1494 2035 1524 2064 p.

864 2074 934 2104 143.
956 2080 987 2104 et
1010 2073 1065 2104 lib.
1080 2085 1111 2103 v.
1132 2084 1163 2114 p.
1188 2073 1268 2110 1693
1296 2072 1458 2107 firmicus,
1482 2071 1522 2102 de

861 2123 970 2153 Errore
997 2123 1116 2164 profan.
1141 2121 1231 2163 relig.
1255 2133 1286 2163 p.
1309 2122 1363 2152 34.
1410 2121 1471 2151 Sed
1501 2121 1525 2151 si

863 2171 996 2212 Cinyras
1022 2177 1159 2212 tempore
1187 2170 1261 2200 belli
1287 2169 1410 2211 Trojani
1436 2169 1525 2205 vixit,

862 2225 897 2250 ut
925 2219 1051 2250 Homeri
1083 2219 1270 2249 auctoritate
1302 2224 1433 2253 constat,
1464 2227 1524 2248 non

861 2269 941 2300 bene
958 2269 1086 2310 Orpheo
1101 2268 1267 2300 dicendam
1283 2268 1363 2299 hanc
1387 2268 1525 2299 fabulam

863 2318 977 2348 Noster
993 2317 1091 2348 dedit.

906 2368 979 2397 300.
1006 2368 1085 2397 Dira
1101 2366 1233 2406 cartana]
1258 2365 1443 2396 Exardescit
1459 2366 1526 2396 ani-

863 2427 932 2446 mus
948 2416 1067 2457 Orphei
1091 2415 1252 2446 atrocitate
1270 2415 1332 2452 rei;
1356 2414 1427 2444 hinc
1448 2426 1526 2456 praea

863 2464 960 2495 mittit
972 2464 1185 2505 praefationem
1199 2464 1236 2494 de
1249 2463 1383 2494 nefando
1397 2463 1526 2504 flagitio,

865 2513 948 2554 quod
972 2520 1149 2543 narraturus
1174 2518 1232 2543 est.
1278 2512 1369 2548 Dira,
1392 2523 1525 2543 amorem

864 2573 882 2593 a
899 2563 968 2592 Diis
983 2562 1068 2592 iratis
1091 2562 1275 2597 immissum,
1293 2571 1311 2592 a
1327 2561 1413 2592 furiis
1430 2561 1527 2603 injec-

864 2617 950 2649 tum3
995 2611 1100 2642 confer
1134 2621 1257 2642 versum
1293 2611 1367 2642 313.
1414 2611 1528 2641 Procul

865 2661 945 2696 hinc,
960 2666 1020 2691 etc.
1036 2671 1072 2690 ex
1097 2665 1169 2691 noto
1188 2660 1252 2696 illo,
1269 2659 1350 2697 ἑκὰς,
1367 2659 1441 2696 ἑκὰς
1458 2660 1524 2691 ἐστὲ

863 2708 1011 2749 βέβηλοι,
1028 2720 1090 2750 quo
1113 2709 1233 2751 profani
1257 2714 1402 2740 arcentur
1422 2709 1528 2744 sacris,
