1779 3130
254 168 310 209 68
644 163 694 203 Ρ.
733 159 946 202 OVIDII
979 157 1261 201 NASONIS

263 281 400 335 Odit,
429 286 478 326 et
503 277 662 324 omnis
688 277 833 323 abest
851 277 1105 337 jussorum
1130 287 1278 336 poena
1298 271 1539 318 laborum.

263 357 395 404 Nam
420 354 555 417 quod
576 359 625 399 te
645 353 808 414 jactas
834 351 1077 396 Alcmena
1101 355 1257 395 matre
1278 353 1528 401 creatum;

259 431 495 494 Juppiter
520 436 605 476 aut
628 428 782 474 falsus
808 433 949 488 pater
975 432 1066 481 est,
1095 432 1181 471 aut
1205 423 1410 470 crimine
1435 437 1606 469 verus:

263 507 441 554 Matris
467 503 707 551 adulterio
735 510 928 566 patrem
952 501 1082 564 petis
1103 518 1111 548 :
1142 500 1269 561 elige
1290 500 1462 546 fictum

1586 500 1650 544 25

264 583 390 630 Esse
415 582 591 628 Jovem
618 579 776 634 malis,
805 594 867 624 an
893 584 942 623 te
969 593 1057 639 per
1082 576 1304 623 dedecus
1331 574 1542 622 ortum.’'

261 659 404 706 Talia
428 659 679 705 dicentem
702 654 998 718 jamdudum
1022 652 1208 699 lumine
1233 659 1371 698 torvo

265 735 501 799 Spectat3
534 740 584 780 et
609 747 832 779 accensae
858 746 956 776 non
980 728 1170 775 fortiter
1194 729 1406 791 imperat
1430 727 1529 781 irae,

262 812 532 872 Verbaque
548 816 623 855 tot
638 807 802 855 reddit
821 824 830 854 :
855 812 885 830 “
905 806 1087 852 Melior
1103 805 1222 852 mihi
1238 806 1445 852 dextera
1460 804 1650 865 lingua:

265 886 550 934 Dummodo
568 884 835 948 pugnando
858 899 1105 946 superem,
1124 890 1178 929 tu
1193 882 1336 929 vince
1351 879 1653 943 loquendo.'⁷

268 962 705 1025 Congrediturque
733 959 901 1007 ferox:
932 959 1110 1022 puduit
1140 958 1288 1005 modo
1317 972 1498 1018 magna
1520 957 1654 1002 locu-

269 1039 493 1086 Cedere:
523 1037 673 1099 rejeci
699 1037 904 1083 viridem
931 1037 992 1083 de
1018 1051 1223 1099 corpore
1248 1041 1454 1090 vestem,

267 1182 378 1212 acerbe
390 1180 556 1223 respondet
567 1185 598 1211 et
612 1179 651 1210 ad
663 1189 763 1210 rerum
775 1184 933 1219 gestarum

269 1230 399 1272 gloriam
416 1236 447 1260 et
462 1230 501 1260 ad
518 1229 638 1270 generis
654 1227 859 1258 nobilitatem.
883 1227 933 1258 De

268 1286 396 1310 ‘nec—et
409 1279 479 1309 vide
495 1279 534 1308 ad
546 1278 581 1308 ii.
598 1279 649 1307 42.
676 1277 769 1307 Pcrna
787 1278 931 1311 laborum,

267 1328 391 1359 labores
403 1337 506 1369 poenae
522 1327 590 1357 loco
604 1325 753 1367 impositi,
766 1336 826 1355 non
843 1335 934 1366 spon—

266 1382 298 1408 te
318 1376 464 1418 suscepti.
504 1377 589 1406 Bene
605 1381 710 1405 autem
732 1385 847 1413 pavium
871 1384 933 1405 me-

269 1431 379 1462 morat,
415 1431 446 1456 et
472 1427 572 1465 jussos
609 1425 743 1458 labores,
781 1423 855 1464 quia
891 1422 935 1453 sie

272 1475 422 1505 minuitur
437 1474 536 1515 gloria
551 1480 701 1504 actorum.
742 1473 845 1502 Omnis
859 1473 937 1502 abest

271 1533 290 1554 a
312 1534 361 1553 me
379 1535 488 1562 perna,-
513 1523 552 1552 ad
569 1523 671 1552 nullos
694 1531 832 1562 unquam
851 1521 936 1551 labo-

272 1582 320 1603 res
335 1571 563 1602 condemnatus
579 1582 657 1601 sum.

313 1621 369 1651 23.
388 1620 468 1650 Nam
491 1621 567 1660 quod
588 1626 628 1655 te,
643 1620 721 1660 ete.]
746 1619 938 1650 Dilemmate

271 1668 441 1699 admodum
463 1669 593 1699 molesto
617 1668 729 1710 premit
749 1668 932 1699 Herculem.

273 1717 354 1748 Nam
369 1718 500 1748 alterum
512 1718 610 1748 multo
620 1717 722 1748 minus
733 1723 834 1747 nocet.
860 1718 933 1748 Jac-

272 1773 330 1802 tas,
369 1766 459 1801 dicis,
499 1767 615 1797 fateris.
676 1766 794 1802 Falsus,
828 1767 933 1797 fictus.

272 1814 388 1850 Etiam,
409 1815 430 1845 i.
447 1815 520 1845 754.
533 1815 639 1856 falsus
663 1817 793 1855 genitor,
813 1814 867 1844 sed
889 1814 933 1845 iii.

273 1865 347 1894 558.
362 1863 539 1904 elegantius
554 1870 720 1902 assumptus
732 1870 830 1902 poter.
863 1864 932 1893 Cri-

271 1924 338 1943 men
354 1912 468 1953 passim
482 1912 623 1942 absolute
637 1912 675 1942 de
689 1912 852 1943 adulterio.
891 1913 935 1944 Ut

271 1961 426 1992 Hercules
455 1960 568 1991 sentiat
591 1960 654 1990 vim
677 1971 800 1991 omnem
826 1971 935 2002 oppro-

271 2009 341 2045 brii,
358 2009 540 2039 clarioribus
555 2009 656 2039 verbis
683 2010 807 2050 repetit,
826 2010 937 2040 Matris

274 2059 436 2093 adulterio,
466 2063 527 2088 etc.
553 2063 682 2088 matrem
711 2058 789 2088 sacis
814 2058 936 2089 adulte-

275 2117 354 2142 ram,
372 2112 406 2137 ut
421 2107 532 2137 Jovem
548 2112 669 2148 patrem
685 2107 813 2138 habeas.
839 2107 942 2149 Capo-

277 2155 394 2186 ferreus
431 2157 655 2195 matris—petis
685 2166 737 2197 per
772 2156 942 2197 interroga-

275 2203 391 2233 tionem
435 2203 627 2234 efferendum
665 2209 781 2234 censet.
841 2205 940 2246 Elige,

277 2257 381 2282 utrum
388 2252 505 2292 fictum
519 2258 640 2294 patrem
656 2263 712 2283 esse
728 2253 830 2283 Jorem
843 2255 940 2290 malis,

275 2306 339 2332 etc.
379 2301 559 2341 Profictum
574 2301 731 2332 Junianus
746 2303 935 2344 repetitfal-

277 2360 351 2381 sum.
397 2350 448 2380 Ita
468 2355 499 2380 et
521 2350 616 2380 nostri
632 2349 738 2391 Regii.
785 2351 934 2388 Dedecus,

276 2398 477 2434 adulterium,
493 2404 528 2429 ut
543 2397 576 2428 ii.
591 2399 666 2429 473.

319 2448 373 2478 27.
389 2447 588 2483 Jamdudum,
604 2446 764 2478 continuo.
809 2447 872 2479 Vix
885 2458 938 2478 ex-

276 2501 403 2536 pectare
424 2500 527 2536 potest
542 2495 635 2525 finem
650 2495 806 2526 orationis.
848 2496 940 2526 Torvo

279 2544 385 2584 (quod
419 2544 499 2573 bene
534 2544 651 2574 habent
680 2544 775 2574 nostri
804 2544 899 2585 Regii
914 2544 940 2584 t)

276 2591 450 2627 Leidensis,
467 2599 553 2628 torto,
575 2598 620 2628 ut,
636 2592 671 2623 ii.
689 2593 763 2623 787.
789 2594 938 2633 obliquum

277 2640 391 2676 lumen,
416 2640 500 2682 quod
530 2642 729 2672 Burmannus
758 2648 934 2683 comparat:

277 2694 309 2718 at
332 2688 375 2719 ibi
396 2688 434 2719 de
458 2688 586 2725 invidia,
604 2700 686 2720 nunc
711 2690 749 2720 de
773 2691 817 2721 ira
837 2700 936 2721 sermo

1528 1035 1655 1094 [tum

1002 1184 1059 1209 est.
1104 1179 1191 1209 Bene
1218 1190 1275 1208 non
1291 1178 1444 1219 sortiter-3
1468 1175 1554 1206 fortis
1577 1174 1660 1205 enim

1002 1227 1097 1257 animi
1123 1232 1179 1263 est,
1202 1227 1355 1268 imperare
1377 1225 1552 1256 affectibus.
1597 1223 1660 1261 Qui

1002 1276 1033 1306 id
1051 1288 1111 1309 non
1124 1282 1236 1318 potest,
1252 1278 1392 1315 impotens
1404 1275 1527 1305 dicitur.
1552 1274 1662 1304 Melior

1002 1329 1087 1362 mihi,
1111 1332 1171 1356 etc.
1218 1325 1270 1356 Cf.
1297 1324 1364 1355 xiii.
1391 1325 1422 1355 9.
1480 1324 1537 1354 Est
1563 1333 1662 1353 sermo

1003 1377 1135 1407 hominis
1159 1374 1293 1416 corporis
1314 1375 1432 1409 robore,
1447 1383 1508 1403 non
1523 1372 1598 1403 item
1613 1372 1661 1402 in-

1005 1426 1096 1467 genio
1117 1424 1262 1459 valentis,
1280 1433 1338 1454 nec
1359 1421 1488 1452 crimina
1510 1421 1659 1463 repellere

1005 1474 1197 1505 sustinentis.
1244 1474 1284 1503 Et
1305 1471 1451 1502 Herculis
1470 1476 1564 1502 aetate
1586 1469 1664 1500 nihil

1005 1524 1166 1565 gloriosius
1196 1521 1331 1564 corporis
1364 1521 1481 1552 robore.
1537 1521 1660 1554 Melior,

1006 1573 1158 1603 valentior
1173 1577 1204 1602 et
1219 1569 1427 1601 exercitatior.

1050 1623 1103 1652 31.
1124 1621 1393 1662 Congrediturque‚
1409 1618 1486 1658 etc.]
1512 1618 1584 1648 Non
1599 1627 1665 1648 cre-

1007 1669 1104 1700 dibile
1129 1676 1186 1705 est,
1202 1679 1253 1699 eos
1274 1668 1306 1698 in
1325 1668 1392 1709 ipso
1408 1666 1500 1697 OEnei
1520 1666 1665 1696 conclavi

1000 1729 1179 1760 congressos
1199 1728 1276 1753 esse,
1293 1727 1394 1758 neque
1416 1716 1474 1746 hoc
1500 1715 1665 1757 sequentia

999 1768 1126 1799 credere
1154 1768 1278 1805 sinunt3
1302 1766 1358 1797 sed
1388 1776 1483 1807 quum
1515 1765 1557 1795 ibi
1586 1766 1665 1795 alter

1001 1817 1132 1848 alterum
1145 1817 1344 1858 provocasset
1360 1815 1399 1846 ad
1416 1821 1585 1850 certamen,
1600 1814 1662 1845 ele-

1001 1871 1113 1906 gerunt
1131 1870 1218 1895 extra
1239 1865 1366 1895 domum
1390 1874 1493 1894 aream
1511 1863 1664 1894 collucta-

1001 1914 1076 1944 tioni
1107 1919 1225 1955 aptam.
1274 1913 1378 1948 Feror,
1414 1917 1521 1943 ratus.
1547 1912 1666 1953 Magna

1005 1964 1096 2002 loqui,
1109 1961 1245 2003 gloriari.
1274 1961 1357 1991 Vide
1375 1960 1414 1991 ad
1432 1960 1454 1990 i.
1474 1961 1547 1991 751.
1577 1960 1664 1990 Alibi

1007 2012 1169 2052 magnifica
1190 2012 1298 2046 dicere,
1314 2016 1349 2040 ut
1369 2010 1474 2040 Tibul.
1489 2010 1516 2039 I.
1530 2009 1621 2050 Eleg.
1636 2021 1668 2041 v.

1006 2059 1045 2097 63
1069 2059 1114 2089 II.
1130 2059 1172 2089 vi.
1203 2060 1254 2088 11.
1286 2058 1502 2090 Gloriantibus
1522 2058 1666 2089 tribuun-

1007 2114 1058 2139 tur
1073 2113 1105 2138 et
1119 2119 1230 2148 magna
1244 2108 1341 2142 verba,
1357 2108 1466 2138 Senec.
1481 2107 1541 2148 Ep.
1552 2108 1592 2137 82
1606 2118 1615 2145 3
1636 2114 1667 2137 et

1007 2167 1118 2198 magna
1140 2157 1259 2197 lingua,
1283 2156 1395 2185 Horat.
1412 2155 1474 2185 IV.
1491 2155 1554 2186 Od.
1568 2155 1609 2185 vi.
1628 2156 1641 2186 l
1658 2167 1667 2194 3

1008 2205 1155 2247 Sophocl.
1173 2205 1285 2245 Antig.
1305 2205 1376 2235 108.
1391 2204 1538 2246 μεγάλης
1561 2204 1668 2246 γλώσ-

1009 2265 1068 2292 σης
1097 2253 1226 2295 κόμποι.
1265 2253 1463 2284 Contrarium
1489 2259 1547 2290 est,
1573 2255 1668 2285 verbis

1008 2305 1171 2333 minoribus
1185 2304 1243 2338 uti,
1259 2302 1301 2332 vi.
1314 2303 1384 2333 151.

1051 2352 1104 2382 32.
1128 2351 1395 2391 Rejeci—vestem,
1411 2351 1490 2391 etc.]
1516 2352 1614 2382 Parat
1634 2362 1667 2382 se

1005 2409 1129 2440 pugnae.
1163 2399 1294 2430 Vir-idem
1305 2406 1409 2430 vestem
1420 2399 1539 2430 Fluviis
1550 2399 1666 2430 tribue-

1005 2447 1082 2477 bant
1097 2453 1209 2489 poetae,
1223 2447 1296 2489 quia
1310 2447 1385 2488 ripae
1400 2447 1550 2478 viridibus
1564 2447 1666 2478 herbis

1006 2494 1144 2526 consitae.
1190 2496 1305 2535 quecz',
1328 2495 1449 2526 scilicet
1473 2496 1505 2525 in
1533 2502 1666 2536 tergum,

1007 2554 1069 2584 quo
1083 2554 1174 2574 sensu
1189 2544 1309 2585 proprie
1326 2547 1449 2583 rejicere
1464 2543 1589 2575 dicitur.
1626 2545 1666 2575 Id

1005 2598 1110 2623 autem
1126 2594 1227 2624 facere
1243 2593 1395 2629 solebant,
1412 2593 1465 2634 qui
1482 2604 1515 2623 se
1531 2593 1571 2624 ad
1586 2604 1665 2636 pug-

1004 2651 1076 2671 nam
1092 2642 1245 2682 parabant
1257 2653 1265 2679 ;
1280 2642 1457 2678 Suetonius,
1468 2642 1500 2672 in
1511 2641 1665 2683 Augusto,

1004 2691 1046 2721 26
1061 2702 1069 2728 ;
1095 2690 1258 2726 Phaedrus,
1278 2691 1317 2722 V.
1334 2691 1398 2722 fab.
1415 2691 1450 2722 ii.
1466 2692 1505 2729 33
1528 2690 1602 2723 item
1624 2690 1664 2722 ad
