1779 3130
698 165 925 207 INDEX.
1460 168 1502 206 iii

116 275 274 312 Pervigilis
290 275 441 305 Draconis
456 285 554 313 sopor.

116 325 214 353 AEson
229 334 266 354 ex
281 334 352 354 sene
369 324 499 361 juvenis.

116 372 229 402 Aridus
243 372 330 402 olivae
344 383 445 402 ramus
460 372 491 402 in
506 373 641 404 viridem.

116 421 220 451 Guttae
237 430 324 458 aquae
340 421 371 451 in
386 421 481 452 flores.

115 468 257 500 Nutrices
272 468 389 500 Bacchi
403 480 440 500 ex
456 470 563 500 vetulis
574 470 710 508 juvenes.

115 518 204 549 Aries
218 517 302 548 senio
316 518 471 549 confectus
484 518 515 549 in
530 530 654 557 agnum.

115 566 209 597 Peliae
220 566 330 597 caedes.

115 615 284 646 Cerambus
298 615 330 645 in
345 625 443 646 avem.

116 664 217 695 Draco
229 664 261 694 in
275 674 393 695 saxum.

114 713 134 743 J
138 723 271 744 uvencus
286 713 318 742 in
331 723 464 744 cervum.

116 761 189 792 Coae
203 761 344 792 mulieres
358 767 502 792 cornutae.

115 809 222 841 Telchi
234 810 300 840 visu
312 810 415 840 omnia
427 815 589 841 mutantes

116 858 228 896 Hyries
243 858 321 889 filius
335 858 366 888 in
382 869 525 896 cycnum.

117 907 212 944 Hyrie
228 907 259 937 in
274 907 387 937 lacum.

116 955 233 986 Combe
249 956 279 986 in
295 966 392 987 avem.

118 1004 141 1034 F
143 1004 217 1042 ungi
232 1004 263 1034 in
278 1004 426 1035 homines.

118 1053 254 1084 Phineus
269 1053 300 1083 in
315 1063 413 1084 avem.

117 1102 267 1140 Periphas
283 1102 314 1132 in
331 1112 428 1133 avem.

118 1151 358 1189 Polyphemonis
373 1151 435 1181 filia
450 1151 481 1181 in
498 1161 593 1182 avem.

117 1200 232 1231 Medea
246 1200 285 1230 ad
299 1201 443 1237 AEgeum.

119 1249 242 1280 Cerberi
257 1259 366 1286 spuma
381 1249 411 1279 in
425 1248 588 1279 aconitum.

117 1297 228 1328 Thesei
242 1303 338 1336 gesta.

117 1346 250 1377 Scironis
264 1346 389 1376 latronis
403 1356 472 1376 ossa
487 1346 518 1376 in
533 1346 684 1383 scopulos.

120 1395 236 1425 Minois
249 1394 365 1426 bellum
379 1394 411 1425 in
427 1395 643 1426 Athenienses.

119 1444 254 1474 Sithonis
268 1444 300 1474 in
314 1443 522 1474 monedulam.

121 1492 238 1531 AEgina
251 1492 352 1523 insula
367 1502 435 1530 quae
449 1498 480 1523 et
491 1493 625 1523 OEnona.

121 1541 214 1572 AEaci
228 1541 292 1571 filii.

122 1590 268 1620 Formicae
282 1590 314 1620 in
329 1589 479 1620 homines.

122 1639 221 1670 Pestis
235 1638 408 1676 descriptio.

121 1688 278 1726 Cephalus
301 1687 453 1718 Procridis
478 1686 604 1717 maritus
631 1687 662 1717 in
689 1687 782 1718 aliam

159 1737 297 1775 figuram.

124 1785 244 1823 Vulpes
258 1790 289 1816 et
303 1785 388 1816 canis
402 1785 434 1815 in
449 1795 533 1815 saxa.

126 1834 276 1865 Procridis
291 1844 382 1864 mors.

328 1920 467 1951 LIBER
491 1920 587 1951 VIII.

128 1981 223 2011 Nisus
234 1981 266 2011 in
278 1979 425 2010 halietum
437 1990 534 2011 avem.

127 2029 232 2067 Scylla
246 2029 278 2059 in
294 2028 400 2066 Cyn‘m
415 2039 513 2059 avem.

128 2078 213 2109 Muri
227 2077 358 2108 vocales.

130 2126 310 2164 Labyrinthi
325 2126 480 2157 Cretensis
495 2125 668 2163 descriptio.

132 2175 276 2207 Ariadnae
290 2185 402 2206 corona
416 2174 448 2204 in
462 2174 557 2205 sidus.

132 2224 254 2254 Daedali
264 2224 393 2254 volatus.

131 2273 226 2303 Talus
238 2283 313 2310 puer
324 2282 411 2303 serrae
422 2271 588 2310 circinique
600 2272 746 2307 inventor,
761 2271 791 2301 in

174 2321 339 2359 perdicem.

132 2370 282 2401 Daedalus
296 2369 335 2400 ad
348 2369 508 2400 Cocalum.

131 2418 211 2457 Apri
226 2418 390 2455 Calydonii
405 2417 579 2456 descriptio.

134 2468 291 2498 Atalantae
304 2467 411 2497 forma.

135 2516 258 2547 Altheae
271 2516 376 2547 fratres
391 2526 409 2546 a
423 2515 582 2553 Meleagro
596 2515 677 2546 caesi.

138 2565 239 2603 Stipes
252 2564 284 2595 in
299 2575 360 2602 quo
375 2565 525 2603 Meleagri
538 2564 608 2595 vita.

139 2613 291 2652 Meleagri
306 2624 396 2644 mors.

139 2662 288 2700 Meleagri
303 2673 416 2694 sorores
432 2663 462 2694 in
478 2673 547 2694 aves
562 2662 771 2700 meleagridas.

843 276 978 306 Naiades
993 276 1022 306 in
1039 276 1214 306 Echinadas
1229 276 1353 306 insulas.

840 324 989 355 l’erimele
1005 325 1141 361 nympha
1154 325 1184 354 in
1199 324 1341 355 insulam.

840 372 999 410 Oppidum
1016 373 1046 403 in
1062 380 1214 410 stagnum.

839 421 960 458 Jupiter
973 432 1043 451 cum
1060 422 1212 452 Mercurio
1228 421 1259 452 in
1276 421 1423 452 homines.

839 469 921 499 Casa
935 470 966 499 in
981 470 1140 507 templum.

841 517 1001 548 Philemon
1025 529 1095 548 cum
1121 519 1257 550 Baucide
1278 529 1369 549 uxore
1393 518 1423 548 in
1449 528 1494 548 ar-

878 566 975 596 bores.

840 614 968 644 Proteus
982 615 1013 644 in
1029 615 1126 645 varias
1142 616 1261 645 formas.

840 663 944 693 Meti-a
956 663 1175 693 Erisichthonis
1190 664 1252 694 filia
1267 664 1297 693 in
1310 664 1407 694 varias
1422 663 1496 700 tigu-

880 721 938 741 ras.

844 760 1062 790 Erisichthonis
1077 760 1228 798 impietas.

847 808 946 838 Famis
960 808 1068 846 patria.

845 857 947 887 Famis
961 857 1132 895 descriptio.

845 907 959 937 Foedus
974 907 1195 938 Erisichthonis
1209 907 1318 938 exitus.

846 955 1000 986 Achelous
1016 956 1046 985 in
1059 956 1157 986 varias
1172 956 1292 993 figuras.

1065 1043 1202 1073 LIBER
1225 1043 1283 1073 lx.

849 1102 976 1132 Acheloi
993 1103 1195 1140 Herculisque
1211 1102 1302 1132 lucta.

848 1151 1003 1181 Achelous
1018 1151 1048 1180 in
1064 1161 1205 1188 anguem.

848 1199 1004 1230 Achelous
1019 1199 1049 1229 in
1063 1205 1191 1230 taurum.

848 1248 954 1284 Copiae
969 1258 1073 1278 cornu.

849 1296 939 1326 Nessi
954 1296 1091 1327 centauri
1106 1296 1214 1326 caedes.

848 1345 967 1375 Tunica
982 1355 1000 1375 a
1016 1345 1164 1383 Dejanira
1175 1345 1214 1375 ad
1226 1345 1389 1376 Herculem
1404 1345 1504 1375 missa.

849 1393 991 1424 Herculis
1007 1394 1135 1424 labores.

850 1443 961 1473 Lichas
977 1443 1007 1472 in
1020 1443 1191 1480 scopulum.

849 1492 996 1522 Hercules
1011 1491 1042 1521 in
1059 1492 1172 1522 Deum.

849 1540 992 1570 Galantis
1007 1540 1038 1570 in
1054 1540 1227 1571 mustelam.

850 1589 976 1626 Dryope
992 1589 1023 1619 in
1037 1589 1183 1619 arborem.

851 1639 942 1668 Lotos
957 1638 1096 1675 nympha
1110 1637 1142 1668 in
1157 1638 1304 1668 arborem.

851 1687 955 1717 Iolaus
970 1697 1061 1717 senex
1078 1686 1109 1716 in
1121 1686 1276 1724 juvenem.

852 1735 1022 1766 Callirhoes
1037 1735 1121 1772 pueri
1137 1734 1167 1764 in
1180 1734 1319 1772 juvenes.

853 1785 937 1815 Deos
953 1794 1074 1822 quoque
1089 1783 1158 1814 fatis
1173 1783 1319 1814 obnoxios
1333 1793 1408 1814 esse..

854 1833 982 1863 Miletus
997 1832 1099 1863 Mileti
1113 1832 1195 1862 urbis
1209 1832 1356 1863 eonditor.

856 1881 965 1918 Byblis
980 1881 1081 1912 Mileti
1096 1881 1158 1911 filia
1172 1881 1203 1911 in
1220 1881 1344 1912 fontem.

854 1932 981 1961 Caunus
1008 1930 1158 1967 Byblidos
1180 1930 1280 1966 frater,
1303 1929 1404 1960 Cauni
1433 1928 1515 1959 urbis

893 1979 1040 2009 conditor.

855 2028 942 2066 lphis
956 2027 1059 2065 puella
1074 2027 1105 2057 in
1123 2037 1248 2057 marem.

1085 2114 1224 2143 LIBER
1246 2114 1287 2144 X.

858 2174 973 2212 Orphei
989 2173 1218 2210 Eurydicesque
1233 2173 1357 2210 nuptiae.

859 2222 975 2260 Orphei
990 2222 1029 2253 ad
1045 2222 1162 2253 Inseros
1176 2221 1351 2253 descensus.

860 2273 941 2308 Atys
955 2271 986 2302 in
1002 2271 1120 2309 pinum.

861 2321 1044 2358 Cyparissus
1058 2319 1090 2350 in
1105 2328 1292 2356 cupressum.

862 2369 977 2406 Orphei
993 2378 1126 2399 carmen.

861 2418 982 2455 Jupiter
996 2417 1027 2447 in
1043 2416 1188 2454 aquilam.

862 2466 1056 2503 Hyacinthus
1071 2475 1147 2503 puer
1161 2465 1192 2494 in
1208 2464 1320 2495 florem.

864 2513 1051 2550 Hyacinthia
1065 2513 1152 2543 festa.

865 2562 1041 2600 Propetides
1056 2562 1087 2591 in
1103 2571 1187 2592 saxa.

865 2612 997 2641 Cerastae
1013 2611 1043 2640 in
1059 2616 1170 2641 tauros.

867 2662 973 2690 Statua
989 2660 1120 2691 eburnea
1136 2660 1167 2690 in
1182 2658 1338 2696 virginem.
