1779 3130
209 183 296 224 312

595 183 644 223 P.
680 182 891 223 OVIDII
926 184 1204 226 NASONIS

210 295 599 358 Priamidenque
632 295 880 343 Helenum
914 306 1056 360 rapta
1087 315 1200 345 cum
1237 299 1441 348 Pallade
1474 317 1589 364 cap-

211 372 345 418 Luce
362 372 480 418 nihil
497 379 710 434 gestum,
724 374 845 420 nihil
866 382 942 421 est
955 375 1198 423 Diomede
1219 384 1422 424 remoto.
1447 379 1590 439 [tum.

213 449 266 494 Si
294 449 448 495 semel
474 448 571 495 ista
595 449 724 495 datis
750 450 937 497 meritis
963 458 1063 498 tam
1088 452 1268 498 vilibus
1294 468 1443 509 arma,
1500 456 1587 500 101

209 526 455 582 Dividite3
497 533 547 574 et
575 542 689 589 pars
716 526 780 572 sit
804 528 959 589 major
985 528 1244 575 Diomedis
1269 529 1318 575 in
1344 528 1457 576 illis.

207 602 318 657 Quo
338 609 506 649 tamen
524 604 631 650 haec
654 603 843 660 Ithaco,
867 605 948 666 qui
971 606 1114 661 clam,
1139 605 1224 668 qui
1248 622 1443 669 semper
1463 606 1590 653 iner-

207 680 336 726 Rem
357 679 505 742 gerit3
536 687 585 727 et
602 680 744 727 furtis
761 680 1014 729 incautum
1036 682 1223 745 decipit
1238 683 1459 729 hostem?
1478 682 1593 745 [mis

208 756 325 820 Ipse
350 757 478 803 nitor
502 757 671 819 galeae,
700 759 834 805 claro
860 759 1096 806 radiantis
1123 760 1184 806 ab
1211 775 1344 814 aurO,

1500 762 1590 806 105

208 834 422 880 Insidias
451 834 642 896 prodet,
670 835 1111 898 manifestabitque
1136 837 1390 883 latentem.

208 910 311 957 Sed
336 926 500 972 neque
527 910 790 957 Dulichius
817 912 908 957 sub
934 911 1143 958 Achillis
1169 912 1362 959 casside
1387 919 1559 959 vertex

206 986 440 1033 Pondera
463 993 604 1033 tanta
627 986 777 1034 feret:
818 1003 910 1034 1100
936 1004 1034 1034 11011
1058 1004 1267 1035 01101053
1290 989 1553 1051 gravisque

205 1108 244 1138 ab
259 1107 374 1148 Ulysse
394 1113 425 1138 et
440 1106 605 1143 Diomede,
621 1114 714 1138 noctu
735 1107 861 1138 clancu-

204 1157 269 1188 lum
288 1157 395 1187 urbem
417 1156 582 1197 Trojanam
606 1155 761 1197 ingressis,
779 1157 863 1187 abla-

205 1211 272 1235 tum
289 1215 366 1240 esse,
385 1204 515 1245 antiqua
530 1204 588 1234 fuit
604 1205 750 1241 narratio,
771 1216 865 1246 quam

204 1253 303 1285 secuti
333 1260 404 1284 sunt
433 1253 525 1283 etiam
562 1254 736 1295 Euripides,
767 1254 867 1285 Rhes.

207 1304 265 1334 501
281 1315 288 1341 ;
309 1303 469 1342 Virgilius,
485 1304 560 1332 1Ὲ11.
576 1302 609 1332 11.
628 1304 709 1339 164,-
731 1304 866 1340 Quintus

208 1351 277 1382 Cal.
307 1362 337 1381 x.
368 1352 443 1381 346.
489 1352 539 1382 Ob
577 1351 709 1382 Pallada
746 1360 866 1393 raptam

206 1400 335 1442 Ulysses
359 1399 443 1441 apud
467 1400 605 1430 Antisth.
628 1411 661 1441 p.
684 1402 735 1431 53.
757 1408 788 1431 et
811 1404 865 1432 55.

204 1449 374 1490 sacrilegus
402 1455 552 1479 vocatur:
588 1449 802 1489 ἱεροσυλήσας
830 1452 865 1482 τὸ

205 1497 345 1540 ἄγαλμα
361 1500 420 1535 τῆς
437 1498 507 1528 θεοῦ
522 1497 659 1539 νύκτωρ.

251 1548 324 1578 102.
350 1546 389 1577 In
412 1548 483 1582 illis,
503 1547 637 1583 illorum,
653 1554 687 1578 ut
711 1559 775 1580 ver.
792 1550 866 1580 311.

207 1599 238 1627 111
256 1597 318 1631 illo,
334 1596 430 1627 illius.

252 1647 324 1676 103.
343 1646 408 1680 Quo
422 1653 530 1682 tamen,
543 1646 620 1687 etc.]
640 1647 778 1683 Inutilia‚
791 1648 866 1688 quin

205 1695 284 1726 adeo
316 1695 492 1736 perniciosa
527 1695 594 1726 haec
632 1707 717 1727 arma
750 1697 867 1738 Ulyssi.

206 1745 275 1774 Hoc
296 1743 464 1774 maximam
479 1743 511 1773 in
528 1744 650 1785 Ulyssis
665 1745 867 1786 ignominiam

204 1799 329 1825 tractat.
354 1793 472 1828 Fzzrtis,
485 1793 606 1824 insidiis
620 1800 650 1824 et
661 1794 750 1824 dolis.
776 1795 868 1825 Nitor

206 1843 319 1884 galeae;
341 1842 474 1872 Achillis
489 1843 570 1873 enim
586 1843 687 1883 galea,
703 1843 809 1884 ἀστὴρ
826 1845 868 1882 ὡς

204 1891 414 1932 ἀπέλαμπεν,
430 1891 469 1922 Il.
484 1895 521 1922 T.
539 1893 599 1922 381
616 1904 623 1929 3
647 1892 756 1929 Quint.
773 1894 867 1924 Cala-

204 1941 268 1975 ber,
293 1941 412 1970 v.10·2.
458 1939 590 1970 Ovidius
616 1940 666 1970 hic
694 1942 866 1974 cumulavit

204 1990 308 2024 verba,
324 1989 578 2029 quandoquidem
604 1991 694 2024 nitor,
713 1991 814 2021 clarus
837 1999 864 2022 et

203 2039 326 2068 radiare
340 2037 449 2067 eodem
464 2037 604 2068 redeunt.
652 2039 744 2075 Quod
761 2046 864 2071 tamen

205 2097 302 2128 quum
328 2087 440 2128 saepius
464 2087 571 2118 fecerit
595 2088 739 2123 Ovidius,
764 2099 864 2130 neque

206 2135 236 2164 h.
253 2135 276 2165 1.
293 2135 413 2170 vitiose,
431 2145 491 2165 non
506 2143 585 2173 erat,
600 2147 654 2166 cur
667 2137 864 2168 Burmannus

203 2183 396 2218 emendaret,
415 2184 507 2224 ferro
542 2186 690 2215 radiantis
723 2192 751 2214 et
779 2197 863 2221 auro,

205 2242 275 2261 cum
297 2231 520 2272 explicatione:
548 2233 652 2263 101-1000
674 2231 756 2263 euim
778 2241 864 2265 erant

205 2286 237 2310 et
253 2290 324 2310 auro
340 2279 487 2315 inductae‚
500 2281 612 2311 ferrum
628 2292 698 2312 vero
714 2282 746 2311 in
762 2283 863 2324 splen-

205 2328 312 2358 dorem
332 2334 398 2358 erat
419 2327 540 2359 datum.
588 2329 649 2359 Sed
669 2330 693 2360 si
717 2341 790 2360 auro
815 2331 862 2361 in-

205 2376 321 2410 ductae,
340 2386 401 2406 non
421 2382 542 2417 poterat
565 2378 645 2407 nitor
660 2377 730 2408 ferri
747 2379 864 2418 (lumen

195 2425 282 2465 ferri
298 2424 377 2455 dixit
387 2425 494 2456 Valet.
508 2427 592 2456 Flac.
607 2426 651 2456 iii.
668 2427 756 2463 100.)
770 2428 863 2458 cerni.

205 2474 326 2514 Tanaq.
349 2474 449 2503 Faber
474 2474 598 2515 corrigit
623 2486 694 2505 cono
719 2477 865 2506 radiantis

408 2523 618 2564 Murzifestare,
636 2524 749 2559 facere,
765 2530 799 2554 111
819 2525 863 2555 la-

205 2577 273 2601 tens
287 2572 318 2601 in
334 2571 438 2601 oculos
453 2572 588 2602 incurrat
601 2585 609 2610 3
624 2573 694 2603 vide
712 2573 864 2604 Burman-

206 2630 279 2649 num
300 2619 352 2660 qui
369 2626 484 2656 monet,
501 2628 682 2662 usurpatum
700 2632 766 2652 esse
782 2622 864 2663 apud

207 2668 302 2698 Ovid.
320 2668 359 2698 ad
378 2668 580 2700 imitationem
604 2671 706 2701 Graeci
730 2670 865 2709 δηλοῦν,

206 2727 263 2747 1100
277 2716 377 2757 aptius
394 2716 465 2748 huic
479 2718 521 2748 rei
534 2719 741 2760 exprimenda}
758 2730 864 2760 super-

206 2524 241 2551 111)
257 2533 359 2552 aureo.

930 1118 997 1139 esse
1021 1110 1160 1140 verbum.

1221 1111 1283 1141 Pro
1311 1112 1452 1141 latentem
1476 1108 1595 1139 Oxoni-

934 1158 1016 1188 ensis
1032 1164 1062 1188 et
1079 1158 1149 1188 duo⁴
1157 1159 1209 1189 alii
1224 1160 1315 1189 MSS.
1329 1165 1495 1198 parentem,
1511 1156 1594 1198 quod

933 1207 1026 1237 valde
1052 1207 1262 1244 adblanditur,
1284 1214 1315 1239 et
1338 1208 1413 1239 satis
1435 1206 1592 1248 poeticum

936 1254 1057 1286 videtur
1081 1255 1276 1286 Schirachio:
1303 1260 1323 1274 “
1338 1266 1458 1297 nempe,
1481 1254 1594 1295 inquit,

935 1304 988 1344 qui
1004 1311 1110 1346 pavet,
1128 1305 1194 1346 ejus
1212 1306 1304 1346 galea
1324 1305 1412 1346 quasi
1432 1303 1546 1338 tremit,
1564 1309 1595 1333 et

934 1353 1035 1382 radiat
1053 1363 1161 1383 aurum
1182 1354 1292 1394 magis,
1308 1364 1404 1394 quum
1423 1351 1592 1393 trepidat.'’

935 1401 1003 1432 Hoc
1020 1412 1090 1432 vero
1110 1408 1156 1432 est
1176 1402 1331 1442 argutari!
1357 1402 1388 1432 Si
1407 1401 1464 1431 hoc
1479 1400 1594 1431 voluis-

934 1455 982 1479 set
1007 1449 1150 1486 Ovidius,
1178 1451 1337 1481 notatione
1363 1450 1475 1491 dignus
1501 1455 1593 1484 esset,

935 1498 987 1539 qui
1003 1498 1080 1528 irato
1095 1505 1126 1528 et
1137 1499 1323 1530 convicianti
1335 1499 1426 1541 Ajaci
1439 1498 1533 1528 talem
1545 1498 1592 1528 in-

934 1547 1015 1587 genii
1031 1548 1135 1577 lusum
1151 1548 1320 1579 tribuisset.
1361 1549 1473 1589 Neque
1489 1547 1538 1578 hic
1553 1547 1593 1578 de

934 1607 1046 1638 pavore
1063 1597 1184 1638 Ulyssis
1199 1608 1299 1628 sermo
1318 1604 1377 1633 est,
1395 1598 1448 1627 sed
1466 1597 1504 1627 de
1519 1597 1594 1627 insi-

933 1646 1004 1676 diis.
1061 1646 1163 1677 Aliter
1191 1647 1273 1688 apud
1303 1646 1442 1677 Antisth.
1470 1657 1501 1688 p.
1529 1647 1569 1677 53
1584 1658 1592 1675 :

934 1694 1037 1732 δειλὸς
1070 1694 1172 1732 οὐδεὶς
1203 1696 1247 1727 ἂν
1277 1696 1444 1734 ἐπισὴμοις
1480 1695 1595 1731 ὅπλοις

935 1744 1106 1785 χρήσαιτο,
1122 1743 1221 1781 εἰδὼς,
1237 1744 1286 1775 ὅτι
1304 1746 1369 1783 τὴν
1392 1743 1514 1775 δειλίαν
1537 1744 1594 1774 αὐ-

935 1795 991 1824 τοῦ
1006 1793 1145 1834 ἐκφαίνει
1159 1794 1198 1824 τὰ
1213 1793 1315 1824 ὅπλα.

985 1842 1057 1872 107.
1080 1843 1136 1872 Sed
1160 1854 1262 1882 neque,
1277 1843 1355 1882 etc.]
1383 1842 1473 1872 Hanc
1496 1852 1593 1871 mem-

934 1891 1057 1921 brorum
1089 1891 1285 1922 debilitatem
1315 1892 1395 1932 Ajax
1433 1891 1459 1921 ei
1487 1890 1595 1932 objicit

935 1939 1029 1970 etiarn
1057 1939 1140 1980 apud
1169 1940 1281 1976 Quint.
1311 1940 1491 1974 Calabrum,
1519 1940 1593 1969 224.

935 1988 1122 2024 Dulichium,
1137 1989 1239 2019 insula
1253 1999 1346 2030 prope
1361 1989 1513 2024 Ithacam,
1524 1999 1592 2029 qua:

933 2043 1039 2067 tamon
1059 2037 1230 2068 secundum
1253 2039 1435 2073 Homerum,
1453 2038 1506 2068 alii
1529 2037 1593 2078 regi

932 2086 1098 2116 serviebat.
1131 2087 1231 2116 Pelias
1246 2098 1302 2117 esse
1315 2094 1426 2126 potest,·
1450 2086 1488 2117 (10
1503 2086 1593 2116 hasta

933 2134 1060 2164 Peliade
1077 2134 1147 2165 vide
1163 2135 1201 2164 ad
1218 2134 1270 2165 xii.
1287 2136 1338 2165 73.
1380 2135 1514 2165 Achillis
1528 2137 1592 2175 cly—

931 2194 1012 2221 peus,
1029 2183 1164 2213 Vulcani
1177 2194 1263 2224 opus,
1279 2183 1428 2224 imprimis
1449 2183 1593 2213 nobilita-

933 2237 982 2261 tus
1004 2238 1050 2261 est
1072 2232 1211 2267 Homeri,
1230 2232 1269 2262 Il.
1286 2236 1322 2263 Σ.
1338 2233 1520 2262 468-607.
1537 2232 1592 2262 de-

934 2280 1108 2321 scriptione,
1127 2284 1279 2322 (quacum
1296 2281 1334 2311 cf.
1351 2282 1461 2318 Quint.
1477 2281 1592 2312 Calah.

933 2340 963 2358 v.
988 2330 1145 2362 5—101.)
1172 2336 1203 2359 et
1226 2331 1432 2360 recentiorum
1455 2330 1594 2371 disputa-

933 2377 1080 2408 tionibu<.
1121 2379 1252 2409 Cu‘lutns
1268 2381 1399 2419 imagine
1416 2381 1491 2409 rusti
1506 2390 1592 2409 mun-

932 2428 974 2461 di,
991 2426 1022 2456 in
1039 2438 1099 2467 quo
1115 2428 1230 2457 coslum
1247 2438 1317 2457 cum
1334 2428 1495 2462 sideribus,
1511 2434 1592 2458 terra

932 2486 992 2505 non
1008 2476 1099 2506 modo
1115 2487 1185 2506 cum
1198 2477 1310 2512 fluviis,
1320 2477 1395 2506 mari
1411 2484 1441 2507 et
1452 2477 1591 2513 urbibus,

932 2524 986 2554 sed
1010 2524 1104 2554 etiam
1128 2535 1197 2555 cum
1221 2525 1362 2556 omnibus
1380 2526 1427 2561 iis,
1445 2537 1514 2567 quae
1538 2536 1590 2556 ca-

933 2573 1011 2602 dunt
1028 2573 1059 2602 in
1076 2573 1170 2604 vitam
1194 2573 1373 2609 humanam,
1390 2574 1495 2615 figuris
1515 2575 1591 2605 emi-

934 2623 1078 2652 nentibus
1105 2633 1249 2662 expressa
1275 2629 1374 2652 erant.
1422 2624 1471 2654 De
1497 2625 1590 2654 verbo

935 2672 1039 2701 efflare
1054 2672 1123 2702 vide
1146 2672 1183 2701 ml
1205 2671 1236 2701 ii.
1253 2673 1281 2701 6.
1331 2673 1417 2703 Nais?
1433 2675 1472 2703 ad
1482 2673 1590 2714 furta,

935 2720 1003 2751 vide
1020 2720 1058 2750 ad
1077 2732 1125 2750 xv.
1146 2722 1205 2750 116
1223 2727 1251 2750 (1
1273 2721 1342 2751 120.
