1779 3130
347 166 966 209 METAMORPHOSEON
1001 169 1118 210 LIB.
1152 170 1260 210 XV.

1407 171 1491 211 425

102 278 271 340 Atque
296 280 364 326 ita
386 279 668 335 discedens,
696 280 834 337 AEvo,
861 283 1064 338 dixisse,
1092 291 1328 346 nepotum

103 352 200 400 Hic
226 355 363 402 locus
389 355 523 402 urbis
549 356 667 411 erit3
709 358 1053 420 promissaque
1078 375 1193 405 vera
1217 359 1432 406 fuerunt.

104 428 235 476 Nam
260 431 352 476 fuit
377 421 607 492 Argolico
633 444 897 493 generatus
924 433 1163 481 Alemone
1190 435 1392 497 quidam

102 504 376 568 Myscelos,
404 506 535 552 illius
563 507 652 552 Dis
680 509 1055 570 acceptissimus
1081 510 1187 556 aevi.
1423 514 1486 556 20

103 580 250 627 Hunc
276 598 423 645 super
449 583 738 630 incumbens
765 600 990 646 pressum
1017 586 1255 646 gravitate
1280 587 1470 650 soporis

101 657 333 719 Claviger
358 659 651 721 alloquitur:
684 666 714 683 “
734 660 944 716 Patrias,
973 677 1080 722 age,
1104 662 1277 709 desere
1303 663 1479 720 sedes3

101 731 142 787 I,
169 740 283 796 pete
309 734 487 781 diversi
513 735 760 798 lapidosas
786 737 972 783 AEsaris
999 738 1207 784 undas.’'

102 807 183 863 Et,
210 809 303 854 nisi
329 810 561 872 paruerit,
590 812 746 858 multa
769 828 825 859 ac
851 814 1116 861 metuenda
1141 815 1370 861 minatur.

101 884 225 931 Post
245 901 305 931 ea
322 885 586 933 discedunt
608 889 789 950 pariter
810 905 1114 952 somnusque
1136 891 1399 953 Deusque:
1420 895 1482 938 25

101 960 274 1022 Surgit
298 962 633 1020 Alemonides,
661 965 913 1028 tacitaque
940 967 1158 1014 recentia
1181 975 1346 1014 mente

99 1037 221 1084 Visa
245 1037 408 1095 refert,
436 1048 725 1104 pugnatque
750 1042 833 1088 diu
859 1043 1107 1090 sententia
1131 1059 1318 1091 secum.

103 1113 301 1162 Numen
328 1117 462 1163 abire
481 1118 653 1179 jubet;
694 1119 957 1181 prohibent
981 1120 1237 1167 discedere
1264 1120 1428 1182 leges;

146 1275 195 1304 18.
220 1275 282 1305 Hic
306 1277 386 1306 locus
409 1278 491 1306 ‘urbis
514 1278 582 1312 erit,
607 1276 664 1307 hoc
688 1277 758 1307 loco

97 1323 170 1353 urbs
185 1322 346 1356 condetur.
370 1325 528 1360 Promissa,
544 1324 737 1356 vaticinium.

141 1372 193 1402 20.
221 1372 366 1412 Myscelos
394 1380 477 1404 reete
507 1374 689 1414 rescriptum
718 1375 756 1404 ab

99 1419 248 1450 Heinsio:
296 1431 365 1451 narn
400 1422 569 1462 Dionysius
598 1422 758 1453 Halicarn.

98 1467 205 1498 Schol.
221 1468 379 1511 Aristoph.
390 1469 429 1500 ad
446 1471 531 1500 Nuh.
544 1471 620 1501 370.
636 1471 756 1507 Strabo,

101 1516 281 1554 Μύσκελος,
308 1524 362 1548 aut
390 1518 580 1556 Μύσκελλος
608 1519 756 1550 scribunt.

98 1564 192 1605 Argis
207 1572 237 1596 et
253 1565 317 1607 ipse
333 1567 488 1597 habitasse
504 1567 636 1598 videtur.
674 1569 757 1599 Pau-

98 1614 202 1644 sanias
226 1626 298 1645 vero
322 1616 398 1646 Lac.
424 1617 484 1657 Ep.
510 1619 540 1647 3.
558 1623 672 1652 narrat,
696 1618 756 1648 Po-

99 1662 206 1703 lydoro
226 1669 387 1704 regnante,
404 1675 421 1695 a
444 1665 688 1696 Lacedaemoniis
706 1676 756 1696 co-

96 1712 214 1742 ioniam
254 1723 322 1743 esse
367 1714 535 1745 deductam
581 1715 757 1746 Crotonem.

99 1760 284 1796 Herodotus,
305 1761 369 1792 viii.
394 1763 447 1792 47.
473 1766 701 1802 Κροτωνιῆται
725 1762 756 1794 δὲ

98 1808 193 1850 γένος
215 1809 273 1840 εἰσὶ
293 1809 432 1851 Ἀχαιοί.
478 1812 602 1842 Ducem
627 1812 755 1842 coloniae

99 1859 253 1899 Myscelon
269 1859 429 1889 nominant
449 1867 479 1891 et
495 1860 565 1898 alii3
590 1860 654 1890 vid.
672 1861 755 1891 Stra-

96 1908 146 1943 bo,
161 1908 226 1938 viii.
244 1920 274 1949 p.
290 1910 363 1939 593.
410 1909 501 1939 Illius
516 1912 580 1944 aevz‘,
598 1909 755 1940 hominum

95 1956 181 1989 illius
196 1958 266 1987 aevi.
298 1958 482 1994 luz-numeris,
501 1964 533 1988 ut
549 1958 593 1988 xi.
610 1959 685 1989 657.
717 1959 757 1989 Et

97 2006 237 2035 membra
259 2018 356 2036 somno
381 2009 489 2047 grauia
520 2012 551 2037 et
579 2018 661 2046 sopor
689 2007 755 2048 ipse

94 2056 207 2094 gravis,
232 2055 303 2095 quia
334 2055 434 2085 reddit
462 2056 603 2086 membra
638 2056 756 2096 gravia.

98 2103 253 2134 Gravitati
275 2104 542 2135 accommodatum
564 2110 610 2134 est
625 2105 661 2136 τὸ
674 2116 755 2143 pres-

97 2164 171 2187 sum,
194 2163 248 2193 pro
269 2163 330 2192 quo
352 2163 432 2183 unus
455 2153 619 2183 Mediceus
641 2158 672 2183 et
693 2163 755 2183 sec.

98 2200 323 2232 Ambrosianus
347 2213 486 2231 mersum.
533 2202 673 2242 Claviger
703 2208 756 2232 aut

97 2252 278 2291 clavigerum
305 2261 424 2285 numen,
448 2260 502 2291 pro
525 2250 673 2284 Hercule,
701 2250 755 2280 ob-

98 2299 182 2329 vium
219 2298 302 2340 apud
347 2304 466 2339 poetas.
511 2298 605 2338 Apud
650 2298 756 2328 Schol.

99 2347 326 2388 Aristophanis,
342 2347 382 2377 ad
403 2348 487 2377 Nub.
508 2348 582 2377 370.
600 2347 757 2388 Myscelos

98 2395 222 2427 oraculo
242 2396 370 2437 jubetur
393 2397 499 2426 urbem
526 2395 669 2430 condere,
694 2406 756 2436 quo

99 2445 166 2474 loco
180 2445 282 2485 ip<um
303 2444 403 2474 imber
417 2445 498 2475 coelo
518 2455 626 2475 sereno
647 2445 755 2486 depre-

99 2491 253 2523 henderit.
287 2491 374 2522 Idem
391 2493 549 2523 oraculum
566 2492 604 2523 (le
620 2493 756 2523 Phalan-

98 2541 162 2576 tho,
185 2541 311 2571 Tarenti
335 2541 503 2576 conditore,
526 2542 616 2572 refert
640 2542 755 2571 Pausa-

100 2589 177 2624 nias,
194 2589 291 2619 Phoc.
312 2600 344 2630 p.
361 2590 434 2619 822.
479 2589 633 2620 Videntur
653 2595 757 2620 autem

100 2638 207 2667 harum
231 2637 363 2667 duarum
385 2638 506 2668 urbium
530 2638 662 2678 origines
685 2648 757 2668 con-

100 2687 176 2717 fusae
196 2697 263 2716 esse
286 2697 304 2716 a
320 2687 487 2717 veteribus.
534 2688 644 2727 ltaque
664 2687 757 2716 etiam

148 2736 243 2765 tol..
264 2736 319 2764 lv.

825 1277 1007 1308 Lactantius
1028 1278 1059 1308 in
1083 1278 1161 1319 Arg.
1182 1278 1261 1308 hanc
1289 1278 1352 1308 sab.
1373 1277 1482 1308 addit:

825 1331 845 1342 “
858 1326 883 1355 A
903 1325 1041 1367 proximo
1059 1326 1191 1362 tumulo,
1210 1326 1259 1356 cui
1275 1326 1381 1361 Tares,
1399 1326 1484 1368 Nep—

825 1374 891 1404 tuni
916 1374 1008 1410 fllius,
1030 1375 1189 1415 subjectus
1213 1380 1290 1409 erat,
1315 1375 1484 1406 Tarentum

826 1423 1030 1453 nominavit.’'

868 1473 919 1501 22.
953 1472 1085 1506 Patrius,
1115 1472 1330 1512 age—AEsaris
1356 1473 1482 1512 undas]

824 1520 875 1550 Ita
909 1520 1046 1550 ordinem
1077 1521 1236 1550 verborum
1274 1530 1311 1550 ex
1338 1520 1484 1551 Palatino

825 1568 1047 1599 restituendum
1060 1568 1176 1609 primus
1186 1569 1305 1598 monuit
1317 1568 1481 1604 Gruterus,

825 1617 1016 1658 approbante
1037 1617 1185 1654 Heinsi03
1214 1616 1287 1646 olim
1313 1616 1483 1647 edebatur:

826 1665 986 1705 Lapislosas
1012 1666 1127 1695 AEsaris
1163 1667 1269 1699 undas,
1294 1665 1322 1701 Ι,
1346 1672 1411 1705 pete
1437 1667 1484 1695 di-

824 1716 924 1750 versi,·
947 1717 1071 1753 patrias,
1092 1725 1158 1755 age.
1177 1716 1273 1744 (lesere
1291 1716 1380 1746 sedes.
1425 1715 1484 1744 Di-

824 1765 910 1797 versi,
940 1763 971 1792 in
1005 1762 1086 1797 aliis,
1118 1762 1217 1803 iisque
1247 1762 1370 1792 remotis
1398 1763 1486 1792 terris

824 1811 966 1849 fluentis3
997 1810 1028 1842 ii.
1052 1808 1125 1841 323.
1148 1811 1309 1841 Phaethon
1335 1811 1485 1852 reperitur

823 1861 937 1890 diverso
960 1862 992 1890 in
1014 1861 1091 1890 orbe.
1139 1861 1229 1890 AEsnr
1248 1860 1325 1890 alias
1348 1861 1482 1896 AEsar‘us,

824 1908 977 1950 Α’ίσαρος,
998 1914 1133 1939 vocatur.
1180 1908 1307 1939 Fluvius
1325 1914 1372 1938 est
1389 1909 1482 1939 Cala-

823 1957 909 1993 briae,
934 1959 986 1999 qui
1007 1958 1140 1988 mediam
1165 1957 1333 1987 Crotonam
1357 1963 1482 1998 praeter-

824 2006 901 2036 fluit.

866 2055 918 2085 26.
956 2055 1161 2092 Alemonides,
1206 2054 1378 2095 Myscelus,
1408 2055 1482 2086 Ale-

823 2103 921 2133 monis
941 2102 1032 2133 filius.
1082 2103 1149 2132 Visa
1170 2103 1287 2143 rcfert;
1312 2103 1482 2134 secundum

823 2151 960 2192 quietem
978 2152 1043 2181 visa
1058 2161 1163 2181 secum
1179 2151 1311 2181 volutat.
1343 2152 1483 2182 Verbum

824 2201 938 2241 rqf'erre
953 2200 996 2231 sic
1013 2200 1086 2230 alibi
1110 2211 1234 2242 quoque
1253 2206 1381 2242 usurpat
1398 2201 1480 2231 Nos—

824 2256 880 2285 ter,
896 2260 951 2290 pro
970 2248 1150 2290 recogitare,
1165 2248 1351 2289 cogitatione
1368 2255 1399 2279 et
1415 2249 1481 2280 ani-

823 2308 874 2328 mo
898 2303 1047 2339 repetere,
1071 2308 1175 2328 secum
1205 2298 1350 2328 recolere.
1408 2298 1481 2328 Sen-

825 2349 918 2376 tentia
953 2352 1069 2386 pugnat
1100 2357 1195 2376 secnm
1225 2357 1288 2387 pro,
1321 2346 1482 2387 Myscelos

824 2394 985 2425 sententiis
1008 2394 1071 2424 suis
1093 2401 1211 2435 pugnat
1234 2404 1352 2430 secum,
1382 2395 1483 2426 varias

824 2443 918 2473 habet
930 2443 1111 2473 sententias.
1158 2445 1276 2472 Amant
1290 2449 1408 2473 veteres
1422 2443 1481 2474 hoc

823 2492 969 2533 loquendi
985 2503 1100 2532 genus:
1118 2494 1211 2534 plane
1224 2492 1267 2522 sie
1284 2493 1441 2529 Horatius,
1455 2494 1482 2524 I.

825 2541 922 2581 Epist.
946 2540 967 2570 i.
992 2542 1046 2571 97.
1071 2541 1140 2571 Mea
1162 2553 1250 2581 quum
1273 2549 1390 2581 pugnat
1413 2554 1480 2572 sen-

826 2592 919 2619 tentia
934 2600 1052 2626 secum;
1078 2590 1157 2620 infra
1181 2600 1241 2620 ver.
1257 2591 1331 2620 648.
1350 2591 1481 2621 Dissidet

826 2645 853 2668 et
869 2640 967 2668 variat
979 2641 1136 2669 sententia.
1188 2639 1353 2675 Discpdere,
1370 2650 1479 2682 nempe

826 2698 895 2717 euin
913 2687 1044 2716 colonia.

956 2735 1002 2765 3]
