1779 3130
203 185 288 226 452

210 297 395 345 Mutari
421 297 626 344 credant
651 298 895 343 humanas
921 311 1083 357 angue
1108 293 1369 342 medullas,

597 183 645 222 P.
680 181 892 222 OVIDII
929 180 1207 222 NASONIS

1504 297 1600 340 390

210 374 332 421 Haec
357 382 525 421 tamen
550 390 613 421 ex
640 374 747 421 aliis
773 374 965 420 ducunt
989 371 1258 435 primordia
1283 371 1458 416 rebus:

211 450 326 497 Una
350 458 442 506 est,
470 466 581 512 quae
607 456 820 513 reparet,
848 465 1004 512 seque
1030 449 1140 511 ipsa
1163 447 1446 501 reseminet‚
1470 446 1600 502 ales3

209 527 402 590 Assyrii
429 526 673 574 Phoenica
695 534 903 574 vocant:

944 542 1042 572 non
1067 525 1225 586 fruge,
1253 540 1345 570 nec
1370 522 1553 576 herbis,

212 603 314 649 Sed
339 603 461 650 turis
490 603 720 658 lacrimis,
749 611 799 650 et
824 618 974 649 succo
999 601 1117 647 vivit
1143 601 1340 647 amomi.

212 678 335 726 Haec
361 679 446 726 ubi
472 680 697 743 quinque
724 695 825 726 suae
851 678 1122 741 complevit
1147 677 1316 724 secula
1339 676 1470 730 vitae,
1509 677 1605 721 395

213 755 359 802 Ilicet
384 757 433 801 in
460 756 625 811 ramis,
652 755 936 803 tremulaeve
962 754 1223 801 cacumine
1250 753 1444 816 palmae,

212 831 495 894 Unguibus,
524 840 574 878 et
598 832 762 894 pando
788 831 958 878 nidum
985 830 1078 876 sibi
1104 830 1345 876 construit
1371 845 1470 875 ore.

256 956 329 985 392.
351 954 418 984 Una
435 962 487 990 ese,
502 966 563 994 quw
581 962 710 993 reparel,
725 953 803 993 etc.]
826 954 874 983 Dc

214 1004 355 1034 Phoenice
365 1013 433 1038 ave,
444 1003 604 1044 cujusjam
617 1002 775 1033 Hesiodus
788 1012 876 1032 men-

213 1052 329 1082 tionem
356 1052 484 1087 fecerat,
511 1058 581 1093 post
612 1052 816 1086 Herodotum,
841 1050 874 1080 ii.

214 1102 267 1131 73.
286 1101 376 1131 multi
400 1107 622 1142 exposuerunt,
643 1113 673 1132 v.
690 1112 718 1131 c.
732 1100 873 1134 Tacitus,

215 1150 301 1180 Ann.
325 1149 366 1180 vi.
384 1151 449 1187 ‘233
472 1149 606 1186 Plinius,
627 1161 658 1180 x.
686 1151 714 1180 l.
763 1150 878 1179 Extant

214 1199 308 1230 etiam
337 1199 399 1229 duo
428 1198 460 1228 in
491 1199 571 1229 hanc
601 1209 691 1230 avem
729 1198 878 1233 carmina,

215 1258 345 1289 quorum
372 1248 504 1278 alterum
528 1248 718 1283 Claudiam,
747 1248 878 1278 alterum

216 1297 382 1327 Lactantio
398 1296 555 1327 tribuitur.
579 1297 700 1327 Fabula
715 1297 791 1327 forte
808 1295 879 1326 inde

215 1351 294 1381 orta,
318 1346 392 1386 quia
415 1346 521 1386 φοῖνιξ
544 1347 679 1387 palmam
704 1345 879 1387 significat3

215 1394 389 1435 palmarum
414 1401 517 1425 autem
540 1405 655 1435 genera
676 1393 821 1436 quaedam
843 1404 881 1424 ea

217 1449 289 1473 sunt
307 1449 428 1479 natura,
445 1452 479 1473 ut
500 1454 517 1474 e
539 1450 647 1474 trunco
666 1443 803 1485 ipsarum
824 1454 881 1484 pu-

216 1492 347 1522 trefacto
364 1502 445 1522 nova
461 1494 550 1523 arbor
566 1491 787 1533 progerminet.
832 1492 881 1521 Ita

218 1541 394 1571 Bochai-tus
413 1541 445 1571 in
468 1542 663 1576 Hierozoico,
680 1541 722 1571 vi.
740 1544 770 1572 5.
784 1551 881 1583 praee-

217 1596 291 1620 unte
308 1590 420 1623 Plinio,
435 1590 500 1620 xiii.
514 1591 544 1620 4.
574 1590 637 1619 Alii
653 1596 774 1631 putant,
790 1589 882 1630 hujus

218 1638 284 1668 avis
298 1638 427 1679 figuram
440 1638 615 1679 symbolum
627 1638 720 1669 fuisse
734 1637 881 1679 AEgypti-

218 1698 316 1722 orum,
331 1697 392 1727 quo
407 1688 470 1718 500
487 1697 637 1717 annorum
650 1687 810 1727 periodum
828 1697 881 1717 ex-

220 1736 397 1777 presserint.
444 1735 518 1766 vid.
534 1736 690 1766 Gatterer.
707 1735 746 1765 de
765 1735 883 1776 Theog.

220 1786 351 1826 ,Ἐς-ηπ.
375 1785 407 1814 in
436 1785 615 1815 Comment.
639 1785 711 1814 Soc.
734 1784 881 1824 Gotting.

221 1840 294 1864 tom.
307 1833 359 1863 vii.
375 1845 406 1875 p.
419 1835 460 1864 53
477 1844 501 1864 s.
522 1833 562 1862 Et
579 1833 754 1863 Herodotus
769 1833 883 1863 diserte

221 1882 363 1918 affirmat,
380 1893 412 1913 se
435 1893 504 1913 eam
525 1892 585 1912 non
607 1882 711 1917 misse,
732 1881 789 1912 nisi
805 1892 821 1912 e
839 1888 885 1912 ta-

221 1931 296 1962 bula
321 1932 406 1973 picta
433 1931 706 1972 Heliopolitarum.
753 1932 884 1962 Resemi-

220 1992 295 2011 viare
318 1991 431 2010 novum
448 1981 576 2010 verbum
600 1980 639 2010 ad
658 1991 721 2010 rem
743 1979 883 2020 singula-

221 2039 286 2059 rem
302 2029 537 2070 exprimendam
550 2029 718 2069 signatum‚
730 2039 746 2058 e
760 2039 886 2069 corpore

222 2089 287 2114 suo,
318 2085 477 2119 tamquam
507 2089 524 2109 e
557 2079 687 2114 semine,
719 2079 820 2109 denuo
853 2089 886 2109 se

222 2127 370 2168 gignere:
399 2127 605 2163 Claudianus,
633 2137 698 2157 ver.
722 2128 774 2157 24.
800 2134 886 2166 pater

222 2183 263 2206 est
276 2177 429 2215 prolesque
444 2177 516 2212 sibi3
544 2175 739 2211 Lactantius,
754 2186 820 2206 ver.
835 2177 886 2207 78.

223 2235 251 2254 se
267 2231 364 2254 tamen
381 2226 442 2264 ipsa
459 2232 541 2256 creat
556 2236 566 2261 ;
588 2225 643 2255 sed
658 2235 723 2255 ver.
741 2225 798 2255 167
816 2236 885 2266 sqq.

223 2273 305 2303 ludit
323 2273 354 2303 iu
376 2273 446 2303 hoc.
492 2275 562 2303 Ales
583 2279 689 2303 autem
710 2273 824 2315 aquilae
845 2273 885 2304 si-

223 2321 306 2351 milis
322 2328 353 2352 et
369 2321 584 2362 magnitudine
601 2328 631 2352 et
645 2322 753 2357 forma,
767 2333 886 2363 pennas

223 2370 342 2400 habens
371 2381 480 2401 aureas
510 2377 541 2400 et
570 2372 688 2401 rubras.
733 2371 884 2401 Herodot.

223 2420 350 2459 Assyrii,
366 2419 490 2450 omnino
506 2419 644 2450 Orientis
658 2419 780 2450 incolae.
816 2420 884 2450 Ali-

222 2474 268 2498 ter
290 2467 485 2502 Lactantius,
508 2479 573 2498 ver.
598 2469 657 2498 65:
683 2472 702 2485 ¹⁴
718 2468 834 2509 Dirigit
854 2469 885 2499 in

223 2516 344 2557 Syriam
361 2517 478 2547 celeres
494 2517 635 2557 longaeva
647 2517 779 2553 volatus,
790 2517 884 2548 Phoe-

223 2564 308 2595 nices
332 2575 443 2596 nomen
469 2565 518 2596 cui
544 2565 632 2596 dedit
653 2567 722 2606 ipsa
744 2566 885 2597 Venus.”

223 2613 332 2643 venus
355 2620 460 2644 autem
487 2614 572 2644 culta
595 2614 626 2644 in
650 2614 885 2655 Syrophoenice.

224 2661 264 2690 Et
279 2662 397 2701 Ass—urii
417 2673 500 2703 saepe
519 2673 573 2703 pro
587 2662 691 2703 Syris;
715 2663 797 2704 apud
820 2664 883 2694 Ho-

223 2708 346 2745 ratium,
361 2709 407 2740 ΙΙ.
423 2709 485 2741 Od.
498 2711 541 2741 xi.
559 2712 607 2742 16.
618 2712 741 2751 Assyria
760 2714 884 2748 nardus,

943 963 959 983 e
972 953 1066 993 Syrize
1082 952 1226 994 emporiis
1243 951 1375 982 advecta
1392 963 1398 988 3
1417 960 1499 991 saepc
1514 949 1608 980 ctiam

943 1002 1027 1043 apud
1044 1001 1175 1043 optimos
1190 1007 1332 1031 auctores
1349 999 1495 1030 occurrit.

988 1052 1062 1081 393.
1088 1050 1276 1091 Nonfrage,
1292 1060 1346 1079 nec
1362 1048 1486 1087 herbis]
1514 1047 1609 1078 Clau-

945 1099 1071 1134 dianus,
1098 1109 1161 1129 ver.
1182 1100 1237 1129 13:
1264 1103 1284 1115 ‘¹
1300 1098 1372 1127 Non
1400 1097 1502 1138 epulis
1526 1103 1611 1127 satu-

946 1159 1011 1180 rare
1023 1149 1147 1184 famem,
1159 1159 1220 1178 non
1232 1147 1368 1178 fontibus
1380 1146 1452 1177 ullis
1461 1147 1613 1176 Assuetus

946 1198 1109 1239 prohibere
1126 1197 1208 1227 sitim
1221 1209 1228 1235 3
1244 1196 1298 1227 sed
1312 1195 1417 1237 purior
1432 1195 1520 1225 illum
1534 1194 1614 1225 Solis

949 1246 1047 1277 servor
1068 1246 1162 1280 alit,’'
1180 1252 1243 1276 etc.
1292 1245 1343 1275 De
1361 1256 1471 1275 amomo
1486 1243 1556 1274 vide
1573 1242 1612 1274 ad

948 1307 979 1325 x.
997 1296 1073 1326 307.

990 1345 1065 1374 395.
1090 1344 1162 1374 Haec
1184 1345 1235 1373 ubi
1255 1345 1393 1383 quinque,
1410 1342 1488 1382 etc.]
1514 1343 1612 1372 Hero-

949 1392 1057 1423 dotus:
1074 1391 1219 1429 Σπάνιος
1232 1391 1379 1433 ἐπιφοιτᾷ
1390 1390 1504 1432 σφι,ὂι’
1519 1390 1615 1422 ἐτέων

951 1441 1010 1482 (ὡς
1038 1440 1292 1472 Ἡλιουπολῖται
1318 1439 1465 1482 λέγουσι)
1491 1452 1614 1471 πεντα-

949 1490 1078 1521 κοσίων·
1107 1491 1230 1531 Φοιτῇν
1254 1489 1285 1520 δὲ
1308 1490 1380 1521 τότε
1405 1490 1496 1531 φασὶ,
1514 1489 1615 1520 ἐπεάν

950 1539 977 1570 oi
994 1538 1148 1581 ἀποθάνῃ
1165 1539 1181 1570 ὁ
1197 1538 1321 1581 πατὴρ.
1359 1536 1506 1569 Tacitus:
1529 1544 1548 1556 “
1564 1540 1614 1570 De

951 1599 1079 1619 numero
1121 1598 1272 1619 annorum
1311 1587 1398 1619 varia
1440 1587 1615 1624 traduntur,

950 1638 1084 1668 maxime
1100 1637 1263 1678 vulgatum
1285 1637 1525 1678 quingentorum
1543 1648 1615 1678 spa-

951 1686 1044 1717 tium.
1103 1687 1182 1717 Sunt
1218 1686 1271 1727 qui
1312 1693 1500 1722 asseverent,
1531 1687 1616 1717 mille

951 1736 1196 1778 quadringentos
1209 1735 1411 1777 sexaginta.”
1434 1737 1517 1767 Hinc
1531 1739 1616 1768 vivax

951 1785 1085 1816 Phoenix
1108 1784 1236 1827 passim.
1284 1785 1322 1815 In
1339 1785 1439 1815 numis
1460 1785 1616 1816 interdum

951 1841 999 1864 est
1014 1834 1192 1875 symbolum
1209 1835 1258 1864 vel
1275 1834 1468 1870 aeternitatis,
1486 1835 1533 1865 vel
1550 1835 1617 1866 feli-

953 1885 997 1915 cis
1009 1890 1183 1926 temporum
1200 1884 1404 1916 restitutionis
1417 1897 1424 1922 3
1440 1884 1506 1915 vid.
1518 1886 1616 1926 Span—

954 1933 1035 1965 hem.
1057 1934 1095 1964 de
1121 1945 1177 1965 usu
1201 1941 1232 1964 et
1256 1934 1437 1976 praestantia
1459 1934 1617 1965 Numism.

954 1994 984 2024 p.
1002 1984 1076 2014 285.
1121 1984 1286 2019 Quomodo
1302 1984 1412 2014 Patres
1432 1994 1469 2014 ea
1484 1984 1529 2014 usi
1546 1990 1617 2014 sunt

955 2031 995 2062 ad
1026 2032 1280 2062 resurrectionem
1312 2039 1502 2063 mortuorum
1531 2032 1617 2063 illus-

955 2080 1110 2116 trandam,
1139 2081 1231 2112 docet
1260 2082 1410 2112 Gataker.
1437 2081 1563 2112 Miscel.
1585 2093 1617 2123 p.

959 2131 1030 2160 179.
1090 2130 1166 2160 Mox
1197 2138 1280 2161 recte
1310 2131 1439 2161 miratur
1470 2130 1619 2161 Heinsius

956 2181 1033 2209 ilicis
1047 2179 1097 2209 hie
1118 2179 1307 2210 mentionem
1324 2179 1400 2211 fieri.
1445 2180 1516 2221 Ipse
1537 2190 1616 2221 prae-

954 2228 1012 2258 fert
1039 2230 1130 2264 ilicet,
1154 2228 1238 2269 quod
1260 2228 1410 2259 Barthius
1434 2228 1466 2259 in
1489 2229 1619 2259 vetustis

953 2277 1186 2318 exemplaribus
1206 2277 1330 2319 reperit.
1374 2278 1443 2307 Hoc
1458 2277 1551 2318 igitur
1571 2288 1617 2308 re—

954 2325 1104 2366 cepimus.
1150 2327 1234 2356 Nam
1257 2337 1314 2356 nec
1333 2326 1445 2357 Oriens
1460 2328 1543 2356 ilices
1563 2326 1618 2357 ha-

953 2375 1018 2409 bet,
1033 2385 1101 2410 nec,
1116 2374 1140 2405 si
1158 2375 1330 2410 habuisset,
1343 2375 1532 2417 placuissent
1545 2375 1617 2405 huic

954 2423 1025 2461 avi5
1050 2434 1106 2454 nec
1130 2423 1266 2465 denique
1286 2423 1449 2454 commode
1475 2424 1545 2454 duae
1569 2434 1617 2454 ar-

954 2473 1043 2503 bores
1065 2475 1121 2503 ilex¹
1139 2479 1168 2503 et
1187 2475 1289 2512 palma
1311 2473 1403 2504 simul
1428 2484 1616 2504 commemo-

954 2527 1070 2551 rantur.
1095 2521 1287 2556 Lactantius,
1304 2532 1366 2551 ver.
1382 2522 1434 2552 69.
1454 2521 1527 2551 Tum
1543 2523 1616 2563 legit

953 2572 1033 2600 uei-io
1049 2571 1200 2600 sublimem
1217 2573 1325 2600 vertice
1338 2572 1480 2609 palmam.

997 2619 1070 2649 397.
1097 2619 1325 2658 Fando—are]
1352 2619 1403 2648 An
1427 2618 1576 2649 Heinsius
1598 2629 1614 2649 e

952 2668 1050 2698 tribus
1079 2668 1171 2699 MSS.
1199 2669 1297 2709 primo
1333 2669 1522 2698 Gronovian.
1553 2678 1614 2699 uno

952 2716 1124 2747 Basileens.
1149 2723 1179 2748 et
1203 2717 1328 2753 Norico,
1353 2723 1435 2748 recte
1461 2717 1611 2758 receperit
