1779 3130
253 190 311 232 22
641 184 692 225 P.
725 181 938 225 OVIDII
971 179 1252 223 NASONIS

258 303 419 350 OEnea
443 314 659 361 namque
684 298 860 352 ferunt,
888 296 1023 359 pleni
1049 293 1366 341 successibus
1392 291 1507 338 anni

256 378 524 432 Primifias,
551 376 742 437 frugem
771 373 957 429 Cereri,
986 388 1075 419 sua
1099 372 1211 418 vina
1237 370 1405 433 Lyaeo,

254 454 505 503 Palladios
530 453 668 499 flavae
694 451 867 498 latices
892 450 1076 496 libasse
1104 448 1360 494 Minervae.

1540 446 1637 489 275

255 533 464 595 Coeptus
490 531 552 576 ab
578 529 805 591 agricolis
831 528 1048 590 Superos
1073 524 1298 589 pervenit
1322 523 1385 569 ad
1411 537 1582 568 omnes

255 607 536 656 Invidiosus
561 606 746 652 honos:
788 605 917 651 solas
944 603 1049 649 sine
1075 610 1184 648 ture
1210 600 1406 647 relictas

253 684 526 733 Praeteritae
553 683 781 729 cessasse
806 681 970 728 ferunt
996 679 1228 726 Letoidos
1254 693 1380 724 araS.

253 761 436 823 Tangit
460 767 509 806 et
532 759 603 805 ira
626 758 759 804 Deos
779 775 788 805 :
831 763 861 781 “
884 757 952 803 At
975 772 1073 802 non
1098 756 1301 817 impune
1326 753 1537 799 feremus
1556 767 1566 805 ;

251 838 475 899 Quaeque
500 835 820 889 inlionoratae,
842 849 940 880 non
964 839 1014 879 et
1033 832 1255 878 dicemur
1279 827 1507 885 inultae;’'
1534 829 1632 872 280

251 914 452 976 Inquit:
493 919 544 958 et
569 911 756 956 OEneos
782 910 991 956 ultorem
1018 915 1185 971 spreta
1205 922 1294 970 per
1313 921 1457 967 agros

252 990 394 1037 Misit
418 1003 619 1051 aprum:
661 994 849 1050 quanto
875 987 1087 1048 majores
1112 984 1319 1032 herbida
1344 990 1509 1029 tauros

252 1066 368 1114 Non
384 1065 534 1111 habet
551 1063 752 1126 Epiros;
782 1063 871 1110 sed
885 1063 1073 1109 habent
1090 1061 1260 1108 Sicula
1274 1075 1387 1107 arva
1402 1058 1634 1104 minores.

254 1142 506 1204 Sanguine
527 1148 577 1187 et
597 1140 710 1202 igne
735 1139 920 1186 micant
938 1139 1089 1194 oculi3
1119 1138 1247 1200 riget
1271 1136 1424 1183 ardua
1442 1134 1634 1190 cervix3

293 1303 366 1332 276.
392 1300 547 1342 Agricoloe,
563 1298 617 1328 Dii
642 1298 760 1333 rustici,
783 1297 815 1328 in
835 1297 906 1338 qui-

249 1353 308 1382 bus
328 1351 472 1380 Minerva
493 1354 616 1389 propter
640 1348 742 1378 oleum
770 1347 865 1377 etiarn
890 1356 908 1376 a

250 1399 396 1440 Virgilio,
429 1399 544 1437 Georg.
572 1396 595 1426 i.
630 1397 680 1426 18.
713 1402 906 1426 numeratur.

247 1449 403 1482 Tibullus,
428 1447 454 1477 I.
478 1446 498 1476 i.
527 1447 579 1475 14:
616 1448 810 1485 quodcunque
836 1445 907 1474 mihi

247 1508 364 1536 pomum
387 1506 476 1525 novus
499 1496 607 1524 educat
630 1505 738 1528 armus,
771 1494 907 1523 Libatum

249 1547 387 1587 agricola?
401 1546 525 1583 ponitur
537 1550 607 1573 ante
623 1544 695 1572 Deo.
726 1542 906 1577 Insidiosus,

248 1594 302 1635 qui
316 1593 465 1624 invidiam
482 1598 577 1627 creat,
596 1598 649 1621 aut
669 1591 722 1632 qui
738 1602 808 1621 curn
827 1590 905 1620 invi-

247 1643 300 1673 dia
319 1641 474 1683 expetitur
496 1651 513 1670 a
535 1640 685 1683 pluribus.
702 1640 742 1670 iv.
759 1640 831 1670 794.
846 1650 907 1678 spes

246 1693 391 1723 invidiosa
415 1701 580 1729 procorum.
615 1689 655 1719 vi.
680 1690 763 1719 Fast.
786 1690 837 1719 63.
859 1691 905 1718 in-

247 1743 374 1771 vidiosus
403 1740 506 1768 honor.
564 1737 624 1768 Sed
654 1738 745 1778 longe
781 1737 905 1779 plurimi

247 1788 365 1830 scripti,
381 1788 559 1821 ambitiosus,
575 1797 634 1816 non
659 1786 760 1816 minus
779 1786 905 1827 elegan-

245 1845 305 1868 ter.
353 1837 513 1866 Ambitiosa
547 1835 630 1864 enim
665 1845 734 1875 quae
769 1834 904 1865 studiose

246 1887 442 1920 affectantur,
472 1890 506 1914 ut
535 1884 635 1925 gratia
662 1890 693 1913 et
721 1883 905 1914 auctoritate

245 1935 348 1965 valere
364 1933 508 1963 videaris.
557 1933 763 1962 Solus—urus.
810 1932 903 1962 Hom.

245 1994 334 2014 versu
348 1984 420 2013 532.
431 1982 478 2019 oin
491 1981 514 2011 δ’
529 1981 585 2012 οὐκ
598 1981 699 2022 ἕῤῥεέε
713 1982 786 2017 Διὸς
796 1980 903 2023 κούρῃ.

245 2033 314 2062 Hoc
331 2032 442 2061 Noster
457 2031 558 2060 verbis
572 2030 700 2060 nimium
716 2030 778 2060 fere
793 2040 901 2060 cumu-

243 2081 315 2111 latis
327 2080 487 2121 expressit.
524 2079 653 2114 Ceswnw,
665 2079 795 2109 otiosum
811 2085 902 2110 stare.

244 2130 295 2160 Sic
316 2140 389 2170 ager
409 2139 530 2163 cessans,
548 2128 635 2168 Yirg.
662 2129 777 2168 Georg.
803 2128 825 2158 i.
848 2129 901 2159 71.

245 2180 440 2212 Proeteritzzr,
472 2177 522 2208 cui
558 2177 729 2217 denegatur
767 2177 901 2218 aliquid.

244 2229 326 2268 Ergo
340 2228 491 2266 praterita
503 2226 611 2256 eadem
628 2237 696 2267 quae
711 2227 901 2257 inhonorata.

243 2275 339 2316 Apud
361 2274 583 2315 Apollodorum
606 2285 702 2304 causa
723 2275 902 2305 cessationis

242 2324 303 2354 suit
317 2325 442 2358 oblivio,
457 2323 560 2364 μόνης
576 2322 746 2364 Αρτέμιδος
760 2323 900 2357 ἐξελάθε-

242 2386 289 2405 το.
317 2374 455 2404 Dubiam
472 2372 618 2413 relinquit
635 2374 797 2403 Homerus.
824 2375 900 2404 Pos-

241 2428 303 2457 tea,
320 2422 396 2452 forte
419 2421 475 2452 hoc
489 2421 571 2451 malo
587 2421 717 2456 inducti,
735 2421 900 2462 Calydonii

243 2471 381 2501 Dianam
407 2470 590 2511 cognomine
617 2470 773 2511 Laphrian
799 2472 899 2502 fecere

241 2525 403 2562 patronam
416 2529 517 2549 suam.
566 2519 748 2555 Pausanias,
760 2520 899 2550 Messen.

240 2580 271 2610 p.
287 2569 362 2599 357.

285 2618 359 2648 279.
393 2616 433 2645 At
463 2614 506 2646 sic
535 2615 658 2657 ponitur
687 2616 718 2645 in
748 2615 899 2656 principio

241 2665 407 2700 minarum,
428 2663 658 2706 increpationi&
674 2663 898 2694 admirationis.

241 2713 324 2745 Vide
353 2713 406 2745 xii.
433 2713 510 2744 367.
556 2711 757 2754 Adjcctivum
791 2713 900 2743 OEnezzs

975 1295 1092 1326 habent
1112 1300 1143 1325 et
1164 1294 1228 1330 alii,
1246 1304 1322 1335 quos
1342 1292 1491 1323 Heinsius
1509 1298 1539 1322 et
1556 1292 1637 1322 Bur-

975 1356 1107 1376 mannus
1135 1344 1278 1374 laudant.
1325 1344 1490 1378 Homerus,
1516 1341 1637 1380 Οἰνῆος

975 1393 1104 1431 ἀλωὴν.
1151 1393 1255 1433 Inquit
1268 1393 1299 1422 in
1315 1392 1374 1422 fine
1390 1391 1548 1421 orationis.

1019 1444 1092 1473 282.
1119 1443 1240 1477 Quanto
1264 1445 1398 1481 majores,
1415 1448 1476 1471 etc.
1522 1439 1635 1471 Excel—

975 1492 1147 1523 lentissima
1161 1491 1305 1522 horrendi
1327 1489 1454 1521 monstri
1468 1489 1638 1532 descriptio

975 1542 1046 1572 hinc
1073 1542 1193 1582 incipit.
1238 1540 1337 1581 Atqui
1367 1540 1438 1570 talis
1468 1546 1636 1580 tantusque

973 1601 1039 1621 esse
1050 1590 1185 1620 debebat
1201 1600 1282 1631 aper,
1299 1589 1338 1619 ad
1355 1599 1447 1630 quem
1464 1588 1637 1618 tollendum

974 1639 1068 1669 totius
1081 1639 1212 1669 Graeciae
1228 1638 1382 1680 principes
1398 1637 1636 1668 concurrebant.

973 1690 1128 1719 Homerus
1151 1688 1296 1723 breviter,
1317 1689 1379 1718 σῦν
1405 1688 1528 1728 ἄγριον,
1545 1686 1636 1728 ἀργι-

974 1737 1109 1773 dfovra,
1126 1738 1187 1774 “og
1223 1738 1306 1767 κακὰ
1341 1735 1438 1767 πόλλ’
1475 1735 1634 1777 ἕρδεσκεν.

973 1787 1196 1828 Apollodorus,
1214 1785 1354 1827 Κάπρον
1374 1785 1490 1825 ἔξοχον
1512 1784 1636 1826 μεγέθει

973 1849 1004 1867 τε
1029 1838 1079 1867 καὶ
1098 1836 1186 1878 ῥώμῃ
1202 1841 1304 1866 vocat.
1349 1835 1474 1865 Confer.
1491 1845 1561 1864 cum
1576 1834 1634 1865 hoc

972 1885 1041 1916 loco
1057 1885 1122 1926 lupi
1136 1884 1314 1925 descriptio,
1328 1883 1368 1913 xi.
1382 1884 1444 1913 365
1460 1893 1530 1924 sqq.
1563 1883 1632 1913 Non

973 1935 1067 1970 habet,
1095 1939 1155 1964 etc.
1200 1933 1349 1963 Debebat
1384 1931 1500 1967 dicere,
1532 1942 1633 1973 neque

971 1981 1091 2023 Epiros,
1123 1992 1225 2022 neque
1258 1980 1363 2011 Sicula
1394 1990 1468 2010 arva
1497 1980 1635 2019 habent3

970 2030 1025 2061 sed
1041 2030 1173 2060 variavit
1189 2029 1371 2060 orationem.
1413 2028 1546 2063 Plinius,
1565 2029 1633 2060 viii.

972 2081 1030 2110 45:
1057 2080 1095 2109 In¹
1112 2085 1209 2109 nostro
1230 2080 1296 2108 orbe
1315 2079 1476 2117 Epiroticis
1492 2079 1629 2118 (bubus)

969 2130 1035 2158 laus
1049 2131 1186 2163 munima,
1203 2141 1219 2157 ιι
1238 2128 1364 2167 Pyrrhi,
1382 2133 1415 2156 ut
1429 2127 1631 2168 ιΐὶηηιητ,]“ιιηι

969 2180 1037 2208 inde
1051 2180 1127 2219 regis
1140 2189 1227 2207 cura.
1268 2177 1305 2206 Id
1321 2184 1494 2206 consecutus
1510 2183 1561 2213 est,
1573 2189 1631 2208 non

968 2234 1037 2257 ante
1060 2229 1282 2267 quadrimatum
1304 2228 1342 2256 ad
1362 2233 1469 2265 partus
1491 2229 1633 2258 vocando.

972 2276 1169 2317 Praegrmzdes
1199 2277 1298 2314 itaque
1312 2275 1418 2315 suere,
1441 2281 1468 2304 et
1493 2275 1633 2316 hodieque

970 2325 1088 2364 reliquie
1104 2325 1243 2363 stirpium
1257 2326 1383 2353 durant.

1011 2374 1084 2403 284.
1106 2374 1272 2413 Sanguine,
1284 2371 1414 2407 scilicet,
1425 2370 1545 2407 suffusi,
1558 2371 1632 2413 quia

967 2422 1050 2452 oculi
1072 2422 1143 2461 igne
1167 2421 1353 2451 rubescunt:
1378 2421 1420 2450 xi.
1442 2421 1515 2450 368.
1537 2422 1631 2451 rubra

967 2471 1099 2512 suffusus
1115 2471 1361 2511 lnminaflamma
1377 2481 1386 2506 ‚·
1411 2470 1488 2499 AEn.
1505 2469 1539 2499 ii.
1556 2471 1630 2502 210.

968 2521 1171 2558 Ardentesque
1190 2520 1288 2549 oculos
1307 2519 1426 2559 suffecti
1441 2520 1589 2559 sanguine
1602 2525 1630 2548 et

966 2571 1043 2609 igni.
1090 2569 1181 2609 Riget
1208 2570 1318 2603 ardua,
1340 2574 1424 2597 recta
1448 2567 1573 2602 eminet,
1596 2573 1630 2597 ut

967 2616 1010 2647 xi.
1037 2617 1106 2647 156.
1132 2618 1209 2657 *riget
1232 2618 1347 2646 arduus
1375 2616 1504 2645 Tmolus.
1549 2615 1629 2657 Apri

968 2675 1027 2694 non
1062 2665 1178 2695 habent
1212 2665 1364 2695 cervicem
1395 2671 1542 2700 erectam,
1572 2664 1627 2694 sed

968 2723 1106 2754 pronam.
1162 2714 1272 2755 Itaque
1309 2712 1509 2755 praetulerim,
1544 2713 1627 2754 quod
