1779 3130
400 161 1017 202 METAMORPHOSEON
1052 161 1169 201 LIB.
1204 161 1296 202 XI.

1450 163 1533 204 193

139 273 214 320 Ac
239 274 389 320 veluti
415 275 630 337 supplex
656 290 742 338 pro
767 282 868 321 tam
893 274 1151 324 furialibus
1177 275 1326 330 ausis,

139 349 270 395 Ante
295 350 448 412 pedes
468 349 653 411 jacuit:
684 350 773 396 sed
798 350 930 396 enim
955 351 1217 397 temeraria
1241 359 1472 397 crescunt

139 423 298 479 Bella,
326 427 603 487 modusque
630 426 764 479 abiit,
787 427 1059 488 insanaque
1086 433 1261 487 regnat
1288 426 1521 489 Erinnys.

139 500 436 563 Cunctaque
463 503 562 548 tela
586 501 744 548 forent
768 510 917 547 cantu
944 502 1158 557 mollita3
1190 502 1279 548 sed
1304 502 1477 563 ingens

138 575 354 632 Clamor,
380 586 428 624 et
457 577 625 624 inflato
654 577 992 640 Berecynthia
1017 577 1139 623 tibia
1164 593 1331 633 cornu,

134 652 512 716 Tympauaque‚
540 654 863 716 plaususque,
892 662 942 699 et
964 653 1183 699 Bacchei
1208 653 1424 699 ululatus

137 727 475 792 Obstrepuere
501 746 621 776 sono
646 730 874 776 citharae:
914 738 1020 776 tum
1045 730 1263 792 denique
1288 745 1411 776 saxa

136 803 249 850 Non
274 805 494 852 exauditi
521 806 794 851 rubuerunt
814 806 1053 866 sanguine
1078 805 1222 852 vatis.

134 880 201 927 At
224 881 435 944 primum
463 882 697 928 attonitas
724 882 994 929 etiamnum
1019 897 1138 928 voce
1165 882 1388 929 canentis

134 1044 186 1063 sus
218 1040 319 1075 potest
357 1036 540 1068 auctoritate
577 1037 789 1078 Mythicorum

132 1082 350 1123 antiquiorum,
375 1085 427 1125 qui
451 1095 527 1115 saxa
552 1092 645 1116 cautu
672 1086 791 1127 Orphei

133 1130 263 1162 delinita
289 1132 377 1173 primi
408 1134 571 1164 finxerant.
621 1135 732 1170 Victus,
756 1141 791 1164 ut

132 1190 201 1210 mox
226 1182 367 1217 mollitus,
384 1182 556 1222 mitigatus,
577 1189 610 1213 ut
629 1183 791 1214 desisteret

129 1238 147 1258 a
170 1228 318 1260 volando.
364 1231 539 1271 Utrumque
570 1238 672 1262 autem
697 1243 788 1263 voca-

129 1277 237 1307 bulum
254 1279 293 1308 ab
306 1279 393 1310 iratis
407 1281 602 1316 translatum,
615 1280 679 1321 qui,
691 1291 787 1321 quum

130 1332 248 1365 ponunt
263 1326 335 1362 iras,
351 1327 498 1358 dicuntur
520 1330 599 1359 vinci
616 1335 645 1359 et
663 1331 785 1359 molliri.

128 1373 222 1414 Lapis
242 1375 353 1406 missus
377 1377 417 1406 ab
435 1377 514 1407 irata
529 1377 658 1408 muliere
672 1384 703 1408 et
720 1379 785 1408 vul-

130 1432 203 1452 nera
218 1422 376 1460 minitans,
393 1431 423 1455 et
439 1424 505 1466 ipse
519 1426 616 1455 iratus
635 1426 708 1466 fingi
730 1437 785 1467 po-

129 1476 188 1500 test
203 1481 221 1500 a
236 1472 344 1512 poetis,
382 1472 469 1503 Idem
484 1475 601 1512 supplei
618 1484 683 1503 esse
698 1474 784 1504 vide-

129 1525 191 1554 tur,
221 1520 294 1560 quia
333 1527 405 1551 ante
440 1522 536 1562 pedes
563 1522 696 1563 procidit
724 1522 785 1553 ritu

127 1568 314 1609 supplicum.
362 1569 501 1600 Furialia
528 1582 601 1600 ausa
629 1570 723 1601 etiam
745 1570 785 1601 vi.

129 1618 181 1647 84.

177 1667 224 1695 13.
248 1668 305 1697 Sed
331 1669 419 1701 enim,
445 1673 476 1697 at
501 1678 583 1702 vero,
604 1673 637 1697 ut
656 1667 676 1697 i.
704 1670 784 1707 5303

128 1713 194 1744 xiii.
209 1716 277 1745 141.
316 1715 365 1746 Ita
380 1715 472 1745 etiam
487 1716 681 1751 Lactantius,
700 1717 784 1758 Epit.

126 1763 178 1793 67.
227 1763 396 1793 Temeraria
421 1771 559 1794 crescunt
578 1765 665 1800 bellu,
679 1764 785 1796 furiosi

126 1811 258 1853 impetus
288 1819 463 1853 augentur3
497 1813 539 1844 ix.
567 1814 641 1844 425.
680 1817 785 1844 crescit

128 1861 250 1890 turbida
271 1863 385 1891 seditio.
431 1861 539 1891 Modus
561 1862 645 1896 abiit,
662 1861 707 1891 illi
727 1862 783 1892 im-

125 1914 215 1949 petus
249 1909 375 1939 modum
409 1915 619 1940 excesserunt.
673 1910 784 1940 Insarza

124 1964 232 1998 regnat
247 1957 392 1997 Erinnys.
428 1957 564 1988 Bacchae
580 1958 684 1988 furunt
701 1958 782 1989 insa-

126 2007 195 2037 nia:
220 2007 263 2037 sic
280 2007 299 2037 i.
316 2007 471 2048 24l.fera
489 2013 593 2048 regnat
614 2007 759 2047 Erinnys.

172 2056 222 2086 16.
247 2056 359 2097 Inflato
379 2056 588 2095 Berecynthia,
603 2056 680 2095 etc.]
700 2056 779 2086 Saff-

125 2104 186 2135 tius
210 2104 317 2135 vertit.-
342 2107 394 2135 das
422 2104 544 2135 Getoese
567 2106 620 2134 a'er·
644 2105 782 2135 Hoerner

124 2156 188 2184 und
202 2156 256 2184 der
272 2153 541 2194 Berecynthischen
558 2154 671 2188 Floete,
690 2153 780 2194 quasi

125 2202 187 2232 duo
206 2201 327 2232 diversa
350 2202 555 2232 instrumenta
569 2201 780 2243 intelligeren-

125 2255 185 2280 tur.
230 2250 298 2280 Imo
315 2261 408 2291 quum
430 2257 550 2280 caeterae
571 2250 655 2280 tibiae
678 2256 781 2281 essent

123 2305 227 2335 rectae,
250 2299 462 2340 Berecynthia
488 2298 623 2330 habebat
651 2299 780 2330 formam

124 2357 262 2383 curvam,
285 2347 354 2379 scil.
369 2358 464 2378 cornu
486 2347 622 2378 habebat
641 2348 779 2379 affixum.

124 2396 205 2426 Vide
222 2396 319 2438 Vulp.
337 2396 375 2426 ad
393 2396 510 2427 Catull.
523 2396 588 2426 lxii.
604 2398 658 2427 22.
697 2397 779 2427 Hinc

124 2444 169 2475 iii.
186 2446 259 2476 530.
281 2447 354 2475 tibia
368 2447 486 2476 adunco
501 2456 613 2483 corum·
639 2446 722 2476 Fast.
737 2445 778 2476 iv.

128 2494 198 2525 181.
226 2495 334 2532 inflexo
363 2494 563 2534 Berecynthia
589 2497 661 2524 tibia
686 2505 780 2524 cornu.

115 2543 233 2582 flabit5
257 2543 333 2573 Hor.
356 2543 385 2573 I.
409 2543 471 2573 Od.
496 2543 582 2573 xviii.
606 2544 656 2572 13.
688 2542 779 2572 Bere-

125 2592 280 2630 cynthiam
303 2603 407 2622 cor-7111.
452 2591 503 2621 Ab
524 2591 611 2623 initio
627 2601 699 2621 usus
713 2591 780 2632 ejus

125 2647 191 2669 erat
212 2649 271 2669 non
296 2639 357 2669 nisi
382 2640 413 2669 in
430 2640 564 2680 Cybeles
589 2639 694 2674 sacris,
711 2649 780 2679 quae

125 2687 156 2716 in
182 2687 378 2727 Berecynthia,
403 2695 506 2718 monte
540 2687 697 2728 Phrygiae,
726 2697 780 2728 po-

170 2736 266 2766 VOL.
283 2737 340 2766 IV.

1453 884 1516 928 20

859 1036 1011 1067 tissimum
1040 1035 1297 1072 celebrabantur;
1327 1034 1381 1064 sed
1405 1033 1517 1064 deinde

858 1085 950 1115 etiam
975 1085 1005 1114 in
1031 1084 1151 1114 Bacchi
1174 1083 1267 1123 orgiis
1293 1089 1428 1123 recepta,
1445 1092 1515 1122 quae

859 1143 930 1163 cuni
951 1132 1013 1162 illis
1032 1131 1128 1162 sacris
1143 1131 1243 1161 multa
1258 1131 1416 1161 habebant
1431 1140 1514 1160 com-

858 1181 974 1211 munia.
1033 1181 1108 1221 Ejus
1137 1187 1167 1210 et
1197 1186 1414 1220 tympanorum
1441 1187 1516 1208 sono

857 1230 962 1260 audito
978 1229 1008 1259 in
1025 1230 1154 1259 furorem
1172 1229 1343 1268 agebantur
1357 1226 1492 1257 Baccha:
1507 1237 1514 1263 ;

856 1279 980 1308 Lucret.
996 1277 1030 1306 ii.
1048 1278 1131 1306 6⁴20:
1156 1277 1269 1306 Horat.
1289 1276 1353 1305 ΠΙ.
1373 1275 1437 1305 Od.
1459 1285 1512 1304 Χν.

858 1327 918 1363 ΙΟ;
952 1325 1022 1356 Cic.
1054 1325 1128 1355 Div.
1156 1325 1176 1354 i.
1197 1326 1261 1354 50:
1300 1324 1372 1353 hinc
1388 1323 1514 1363 furiosa

854 1375 938 1409 tibia,
965 1374 1047 1404 Fast.
1064 1373 1104 1403 iv.
1121 1374 1201 1409 3413
1225 1382 1317 1402 sonus
1344 1371 1426 1401 enim
1447 1370 1514 1411 ejus

853 1429 918 1452 erat
943 1432 1014 1452 acer
1037 1427 1068 1451 et
1088 1421 1184 1451 veluti
1213 1430 1354 1461 pungens
1385 1420 1514 1449 animos.

856 1471 1076 1511 Tymparmque,
1090 1470 1280 1508 plaususque,
1293 1475 1331 1503 et,
1348 1473 1408 1498 etc.
1433 1466 1514 1497 Vide

853 1519 892 1549 ad
917 1531 947 1549 x.
973 1520 1036 1549 262
1063 1524 1093 1548 et
1123 1519 1207 1555 3083
1239 1517 1271 1547 in
1296 1517 1409 1558 quibus
1437 1516 1513 1545 locis

852 1569 1031 1610 scriptorem
1059 1566 1152 1596 nostri
1176 1565 1301 1597 Codicis
1324 1567 1351 1595 A
1376 1565 1513 1595 sedulius

852 1624 949 1647 metro
997 1615 1211 1655 invigilantem
1248 1612 1513 1655 vituperavimus;

852 1665 1008 1695 multoties
1036 1665 1117 1694 enim
1152 1664 1219 1704 jam
1248 1662 1416 1692 videndum
1454 1660 1513 1691 suit

851 1715 916 1744 sola
931 1723 1056 1743 caesurae
1068 1713 1097 1742 vi
1114 1711 1243 1753 produci
1260 1712 1296 1742 rb
1312 1721 1385 1750 que.-
1401 1710 1426 1740 si
1442 1709 1511 1750 quis

850 1769 954 1793 tamen
977 1762 1034 1792 hoc
1058 1761 1126 1791 loco
1147 1760 1327 1795 offenditur,
1343 1759 1438 1800 recipi
1454 1769 1508 1800 po-

851 1817 911 1842 test
932 1811 1025 1841 lectio
1049 1816 1219 1840 nostrorum
1238 1808 1403 1844 Codicum,
1422 1808 1511 1848 Tym-

848 1871 995 1900 panaqne,
1020 1865 1047 1889 et
1071 1860 1205 1898 plausus,
1233 1864 1259 1888 et
1284 1858 1423 1891 Bacchei,
1449 1863 1510 1887 etc.

850 1910 936 1939 Lm.
971 1909 1101 1938 Plausus
1116 1906 1248 1937 Lenzius
1262 1906 1407 1946 intelligit
1422 1915 1509 1946 cym-

848 1957 1006 1987 balorum:
1031 1966 1092 1986 non
1109 1954 1271 1985 assentior.
1313 1954 1444 1989 Plinius,
1462 1954 1509 1984 II.

848 2007 910 2047 Ep.
938 2006 1000 2036 xiv.
1028 2006 1078 2035 13.
1108 2004 1175 2034 haec
1205 2003 1422 2033 Bacchanalia
1447 2013 1510 2033 res-

847 2053 985 2096 piciens:
1011 2058 1030 2070 “
1048 2053 1181 2083 Plausus
1196 2057 1329 2087 tantum,
1345 2050 1458 2092 inquit,
1471 2061 1507 2081 ac

847 2102 948 2143 potius
967 2101 1034 2132 sola
1056 2101 1202 2142 cymbala
1223 2106 1254 2130 et
1274 2106 1424 2140 tympana
1446 2098 1510 2130 illis

847 2150 978 2181 canticis
993 2149 1137 2181 desunt.”
1187 2149 1345 2179 Ululat'us.
1369 2148 1451 2179 Vide
1468 2147 1508 2178 ad

846 2198 892 2229 iii.
916 2201 990 2230 528.
1048 2198 1254 2238 Obstrepuere,
1284 2195 1414 2237 strepitu
1453 2206 1507 2226 suo

848 2247 998 2278 vicerunt.
1042 2246 1197 2282 Tibullus,
1226 2246 1270 2275 II.
1293 2245 1313 2275 i.
1338 2245 1390 2274 86.
1418 2246 1507 2274 turba

838 2298 944 2336 jocosa
961 2298 1121 2335 Obstrepit,
1137 2301 1165 2325 et
1178 2295 1314 2335 Phrygio
1328 2295 1398 2323 tibia
1413 2303 1507 2323 curva

847 2357 924 2375 sono.

890 2395 941 2425 20.
967 2395 1118 2423 Attonitas
1142 2393 1223 2422 bene
1249 2391 1348 2432 fingit,
1365 2390 1438 2431 quia
1461 2390 1505 2420 sic

847 2448 988 2484 apparet,
1006 2452 1059 2471 cur
1074 2442 1215 2471 volucres
1241 2447 1271 2471 et
1293 2441 1364 2469 ferre
1386 2449 1418 2468 se
1445 2449 1505 2468 non

847 2490 1057 2521 subtraxerint
1071 2490 1237 2520 velocitate
1254 2488 1301 2518 vel
1322 2488 1439 2517 alarum
1456 2487 1506 2516 vel

847 2539 972 2581 pedum.
1019 2539 1206 2573 Etiamnum,
1232 2537 1262 2567 in
1289 2536 1342 2566 illo
1373 2535 1503 2576 strepitu

848 2594 879 2618 et
901 2588 1033 2618 ululatu.
1080 2587 1245 2621 Namades,
1265 2584 1413 2619 Bacchae,
1438 2583 1505 2614 ἀπὸ

847 2639 904 2667 τοῦ
922 2636 1103 2677 μαίνεσθαι.
1140 2635 1258 2665 Notum
1281 2639 1338 2668 est,
1354 2634 1504 2663 theatrum

848 2686 886 2715 «le
910 2685 984 2725 ipsrs
999 2683 1048 2713 vel
1072 2683 1297 2725 spectatoribus
1313 2682 1362 2713 vel
1383 2680 1504 2711 audito·

977 2734 1035 2763 Cc
