1779 3130
388 169 1009 214 METAMORPHOSEON
1043 170 1163 212 LIB.
1187 171 1279 212 IX.
1440 175 1525 216 117

144 287 216 333 Ut
233 286 354 333 nihil
377 285 624 348 adjiciam,
643 302 740 333 non
757 302 958 349 possum
975 285 1177 333 innoxia
1191 286 1305 334 dici.
1335 287 1524 348 [vum.''

141 362 286 416 Quod
304 370 546 425 superest,
566 363 777 409 multum
798 362 942 409 estin
957 369 1092 418 vota3
1124 361 1172 408 in
1192 363 1398 410 crimina
1413 380 1522 427 par-

140 439 310 496 Dixit3
352 447 418 494 et,
446 439 646 486 incertae
671 446 811 486 tanta
835 446 911 485 est
935 438 1182 485 discordia
1207 439 1409 486 mentis!

140 514 305 568 Quum
331 515 500 578 pigeat
523 516 763 569 tentasse,
783 514 905 561 libet
928 521 1147 570 tentare;
1188 515 1491 578 modumque

141 590 277 646 Exit,
304 598 355 637 et
379 590 550 637 infelix
576 589 842 637 committit
867 605 1000 652 saepe
1026 590 1213 652 repelli.
1430 595 1520 638 631

141 666 265 713 Mox
288 667 372 713 ubi
397 666 507 712 finis
534 667 690 720 abest,
719 665 930 728 patriam
955 664 1081 726 fugit
1106 665 1203 720 ille,
1232 665 1498 729 nefasque:

141 743 301 806 Inque
330 743 588 806 peregrina
612 742 752 805 ponit
777 757 904 788 nova
928 740 1109 787 moenia
1134 748 1278 789 terra.

141 819 269 865 Tum
295 836 408 866 vero
434 826 662 866 moestam
688 826 792 865 tota
818 817 1050 865 Miletida
1072 826 1240 866 mente

145 895 403 943 Defecisse
430 896 619 942 ferunt:
648 902 753 942 tum
778 910 892 941 vero
919 910 948 941 a
972 902 1173 957 pectore
1198 903 1387 943 vestem
1429 900 1525 944 635

146 970 391 1034 Deripuit,
419 970 716 1033 planxitque
742 986 856 1016 suos
882 969 1149 1017 furibunda
1172 971 1412 1019 lacertos:

143 1046 358 1109 Jamque
377 1047 539 1110 palam
556 1054 634 1094 est
650 1047 871 1102 demens,
885 1046 1330 1110 inconcessamque
1346 1048 1528 1095 fatetur

147 1122 300 1185 Spem
311 1123 535 1178 Veneris,
549 1123 653 1169 sine
665 1138 764 1185 qua
778 1122 1006 1185 patriam,
1021 1123 1304 1186 invisosque
1322 1131 1528 1187 penates

147 1199 361 1254 Deserit,
389 1207 440 1246 et
464 1198 657 1262 profugi
683 1198 906 1261 sequitur
923 1199 1133 1259 vestigia
1157 1199 1336 1247 fratris.

149 1276 318 1338 thue
339 1283 422 1322 tuo
448 1283 613 1330 motae,
642 1276 804 1338 proles
833 1275 1094 1330 Semeleia,
1123 1276 1295 1338 thyrso

146 1351 364 1398 Ismariae
390 1352 645 1399 celebrant
669 1351 881 1415 repetita
905 1351 1118 1398 triennia
1144 1351 1390 1409 Bacchae3

147 1428 365 1491 Byblida
389 1444 486 1474 non
512 1429 652 1474 aliter
675 1429 801 1475 latos
830 1428 1046 1475 ululasse
1072 1445 1161 1491 per
1185 1444 1328 1489 agros

148 1504 429 1551 Bubasides
454 1504 618 1551 videre
644 1520 824 1551 nurus:
865 1504 1047 1566 quibus
1073 1503 1156 1550 illa
1180 1505 1364 1551 relictis

150 1580 321 1635 Caras,
349 1587 399 1627 et
423 1580 674 1627 armiferos
702 1580 911 1641 Lelegas
939 1579 1244 1642 Lyciamque
1270 1587 1504 1643 pererrat.

148 1655 177 1702 J
184 1672 261 1703 am
305 1657 518 1718 Cragon,
558 1664 608 1704 et
644 1656 892 1720 Lymiren,
934 1657 1225 1720 Xanthique
1266 1657 1534 1720 reliquerat

1431 1279 1528 1324 640

347 1733 522 1788 undas,

192 1854 267 1883 629.
313 1854 449 1889 Iacer-(ff,
491 1854 600 1890 dubia,
639 1855 805 1885 fluctuans.

152 1903 233 1938 Em,
248 1902 383 1933 excedit.
415 1904 578 1933 Committit
591 1905 706 1941 repelli,
723 1914 806 1933 com-

149 1952 250 1982 missis
265 1951 328 1982 suis
349 1951 433 1987 facit,
452 1958 485 1983 ut
500 1952 667 1994 repellatur
682 1952 746 1983 sive
761 1963 807 1983 re-

145 2001 281 2042 jiciatur.

193 2051 266 2080 632.
289 2050 360 2080 ,Ἠοῖ
384 2051 524 2090 ubifinis
547 2050 656 2090 abest]
685 2050 808 2080 Deinde

150 2108 247 2139 quum
265 2098 368 2129 nullus
383 2098 452 2129 finis
473 2098 564 2128 datur
580 2098 732 2139 Byblidos
754 2099 808 2129 fla-

151 2147 236 2187 gitio,
258 2148 386 2177 Caunus
410 2146 540 2188 patriam
566 2146 724 2187 relinquit.
770 2147 808 2177 In

150 2198 309 2236 peregrina
348 2202 442 2231 terra,
475 2195 505 2225 in
535 2196 638 2231 Caria,
669 2195 810 2226 condidit

155 2246 292 2273 Caunum
310 2244 416 2274 urbem
434 2244 465 2274 in
488 2245 575 2279 mlle,
592 2244 681 2284 cujus
697 2244 810 2274 Noster

154 2303 216 2322 ver.
232 2293 306 2322 663.
323 2292 474 2327 meminit,
490 2292 572 2322 unde
595 2303 664 2322 eam
691 2294 731 2328 Q.
747 2293 810 2322 Ca-

154 2341 252 2376 laber,
280 2340 344 2371 viii.
370 2342 421 2371 79.
448 2340 564 2378 κοίλην
588 2347 689 2375 vocat,
716 2347 809 2381 atque

154 2390 248 2419 etiam
277 2389 380 2419 lacum
409 2399 499 2429 aquae
529 2388 666 2430 limpidae
696 2389 727 2418 in
758 2389 812 2419 illa

154 2438 236 2468 valle
249 2444 410 2468 memorat.
439 2438 570 2477 Deficere
585 2445 809 2474 ⁷11e11te‚amen-

155 2493 217 2517 tem
240 2486 317 2516 fieri.
355 2486 557 2517 Incmzcessam
578 2498 655 2525 spem
676 2487 812 2527 exquisi-

154 2534 215 2564 tius
239 2546 305 2565 esse
329 2540 415 2576 puto,
433 2546 540 2576 quam,
559 2535 641 2576 quod
665 2535 814 2566 Heinsius

157 2583 292 2619 volebat,
312 2586 481 2615 inconcessae
500 2584 631 2614 Veneri&

199 2633 272 2662 640.
293 2632 390 2672 thue
406 2640 456 2663 tito
474 2640 566 2668 motoe,
582 2632 660 2671 ete.]
680 2633 816 2663 Solenne

157 2679 267 2719 poetis,
284 2679 421 2712 furentes
446 2691 517 2712 cuin
542 2680 721 2712 mulieribus
741 2681 815 2711 bac-

1436 1737 1532 1782 645

874 1854 1040 1885 charitibus
1076 1865 1267 1896 comparare,
1305 1855 1346 1886 iv.
1368 1857 1431 1886 520
1459 1866 1531 1897 sqq.

878 1904 1033 1939 Triennio,
1045 1915 1133 1935 sacra
1145 1905 1362 1935 Thebanorum
1378 1905 1534 1935 trieterica

874 1952 906 1983 in
932 1953 1078 1984 honorem
1107 1953 1238 1989 Bacchi,
1259 1953 1298 1983 de
1321 1954 1445 1995 quibus,
1469 1955 1533 1985 III.

876 2002 937 2031 sab.
958 2002 1015 2031 ult.
1061 2002 1145 2032 lllud
1170 2001 1272 2042 ipsum
1297 2013 1407 2032 nomen
1433 2005 1534 2032 triete-

875 2052 940 2079 rica
969 2049 1085 2080 librarii
1115 2050 1145 2080 h.
1164 2050 1185 2080 l.
1215 2050 1400 2081 substituere
1428 2052 1533 2082 volue-

876 2104 958 2134 runt,
974 2098 1028 2128 sed
1045 2109 1148 2128 veram
1163 2099 1230 2140 ejus
1249 2098 1379 2128 formam
1401 2099 1534 2140 reperire

877 2157 938 2176 non
974 2152 1151 2187 potuerunt.
1213 2147 1352 2185 Repetita
1388 2146 1535 2177 dicuntur

877 2205 976 2230 sacra,
987 2205 1056 2235 quae
1068 2195 1156 2225 statis
1171 2194 1361 2235 temporibus
1373 2195 1533 2226 celebran-

878 2248 938 2273 tur.
987 2243 1135 2279 Bubastis,
1159 2243 1259 2273 Cariae
1284 2244 1379 2283 regio,
1403 2244 1484 2274 Plin.
1505 2256 1535 2274 v.

877 2293 931 2322 29.
948 2298 978 2322 et
994 2293 1076 2327 urbs,
1093 2292 1264 2333 Stliephan.
1278 2293 1355 2332 Byz.
1370 2292 1536 2331 Βύβεσσος

877 2341 989 2381 (etiam
1012 2341 1144 2377 Plinius,
1168 2342 1334 2380 Bubassus)
1354 2342 1449 2378 πόλις
1467 2346 1536 2372 Κα-

879 2389 963 2431 ρίας.
1031 2390 1143 2424 Nasus,
1182 2390 1336 2419 mulieres.
1404 2390 1536 2429 Leleges,

879 2438 963 2468 Asiae
988 2437 1112 2467 minoris
1136 2438 1260 2472 incolfc,
1285 2438 1417 2468 Caribus
1431 2437 1535 2469 vicini.

879 2487 954 2517 Vid.
969 2487 1090 2517 Strabo.
1106 2487 1160 2516 lib.
1179 2486 1242 2515 xiii.

925 2536 997 2565 645.
1015 2536 1142 2575 Cragus,
1160 2544 1247 2564 mons
1270 2534 1387 2574 Lyciae,
1408 2534 1490 2564 Plin.
1506 2546 1538 2566 v.

881 2586 934 2615 27.
961 2586 1193 2623 7n·0nmutm·i1mz
1222 2582 1347 2614 dicitur.
1401 2583 1536 2622 Lymire,

883 2632 994 2663 fluvius
1017 2637 1048 2662 et
1070 2632 1217 2672 oppidum
1240 2631 1354 2673 Lyciae.
1399 2631 1449 2662 De
1467 2632 1538 2662 Chi-

884 2693 971 2711 vmrra
989 2680 1058 2711 vide
1074 2680 1112 2711 ad
1129 2680 1169 2711 vi.
1186 2681 1264 2711 339:
1281 2691 1376 2721 quum
1392 2685 1494 2712 autem
1507 2687 1536 2712 ct
