1779 3130
178 171 262 212 2³66

567 167 616 206 P.
652 165 759 207 OVl
771 164 862 205 DII
898 162 1173 204 NASONIS

180 285 341 346 Terga
358 298 548 328 novena
575 281 740 333 boum,
768 279 960 325 decimo
980 285 1147 324 tamen
1167 275 1284 321 orbe
1304 280 1565 321 moratum.

182 359 391 407 Excutit
414 358 506 405 hoc
533 357 694 411 heros,
722 371 993 418 rursusque
1018 352 1280 401 trementia
1303 351 1412 398 forti

181 437 302 483 Tela
326 450 474 481 manu
497 433 668 480 torsit:
710 448 876 478 rursus
902 432 1008 478 sine
1033 430 1234 477 vulnere
1260 443 1456 490 corpus,

183 514 544 573 Sincerumque
564 510 684 566 fuit3
721 525 812 556 nec
838 509 986 555 tertia
1010 507 1178 570 cuspis
1204 512 1447 571 apertum,
1480 505 1572 549 100

184 589 252 637 Et
276 605 328 636 se
355 589 661 652 praebentem
686 586 840 633 valuit
865 585 1173 646 destringere
1201 582 1448 645 Cycnum.

184 665 334 713 Haud
361 681 505 713 secus
532 663 735 718 exarsit,
764 678 915 725 quam
940 662 1070 708 circo
1095 666 1264 706 taurus
1287 663 1474 720 aperto,

186 743 354 797 Quum
378 758 467 789 sua
492 740 698 788 terribili
725 742 852 804 petit
875 738 1146 786 irritamina
1170 751 1339 790 cornu,

186 819 449 866 Poeniceas
474 825 655 871 vestes,
684 818 925 879 elusaque
947 816 1148 862 vulnera
1174 812 1340 859 sentit.

1486 813 1574 856 104

189 895 323 942 Num
349 903 517 942 tamen
542 893 786 941 exciderit
809 892 1008 946 ferrum,
1036 890 1334 943 considerat,
1362 888 1549 934 hastae?

228 1045 279 1074 98.
307 1043 460 1082 Ermum]
491 1043 639 1072 Dec-uteie
655 1041 734 1071 dixit
749 1041 849 1081 Virgi-

188 1092 248 1122 lius
271 1091 302 1122 in
327 1103 358 1122 re
382 1091 485 1121 simili.
533 1091 681 1121 Eicutere
706 1089 851 1120 (licuntur

188 1140 328 1171 homines
342 1145 373 1171 et
389 1140 460 1170 ferae
473 1139 590 1173 hastas,
607 1139 683 1173 tela,
697 1138 852 1169 venabula

187 1190 297 1220 infixa:
316 1189 387 1219 vide
403 1188 566 1219 Heinsium
582 1194 613 1218 et
625 1189 850 1218 Burmannum.

189 1240 346 1269 Sincerum
362 1240 533 1268 Burmann.
550 1237 770 1278 interpretatur
791 1247 851 1267 non

190 1287 332 1323 tinctum,
355 1286 508 1317 foedatum
530 1285 693 1326 sanguine.
737 1284 848 1315 Malim

189 1336 333 1371 illaesum,
350 1342 384 1366 ut
407 1335 428 1365 i.
446 1336 518 1365 191.
534 1346 603 1374 pars
626 1337 762 1370 sincera,-
787 1335 848 1364 Lu-

189 1385 313 1420 cretius,
328 1384 374 1414 iii.
393 1384 602 1414 717.memln-a
614 1385 743 1413 sincera.
781 1383 849 1413 Sin-

190 1445 290 1464 cerum
305 1433 387 1464 enim
402 1443 493 1463 omne
510 1431 552 1467 id,
569 1432 652 1473 quod
668 1433 742 1462 vitio
757 1439 851 1462 caret.

192 1483 349 1521 Apertum,
368 1481 530 1516 inermem,
553 1480 703 1510 nudatum
731 1479 852 1510 casside

191 1536 222 1561 et
240 1541 356 1572 parma.
388 1530 424 1560 Se
437 1531 545 1568 praebet
560 1528 612 1570 qui
629 1539 660 1559 se
674 1528 832 1559 attractari
847 1540 854 1564 ς

193 1580 250 1610 hoc
267 1580 346 1615 loco,
361 1578 414 1620 qui
430 1589 461 1609 se
480 1578 561 1609 feriri
575 1578 658 1608 sinit.
694 1578 855 1618 Virgilius,

195 1631 269 1660 AEm
286 1640 315 1659 x.
331 1630 405 1659 314.
427 1630 506 1658 latus
529 1629 632 1658 haurit
656 1634 805 1667 apertum,
824 1627 855 1657 id

193 1684 240 1708 est
256 1689 317 1708 non
335 1683 451 1708 tectum
468 1678 590 1718 clypeo.

241 1728 313 1758 102.
334 1727 426 1757 Hand
442 1738 522 1756 seriis
538 1730 659 1761 emrsit,
671 1726 748 1766 etc.]
773 1726 858 1768 Apta

194 1782 224 1807 et
241 1775 393 1806 Romanis
417 1781 505 1816 grata
530 1775 730 1816 comparatio.
775 1775 856 1805 Tau-

194 1836 295 1857 rorum
325 1836 423 1866 genus
451 1825 621 1866 quoddam,
646 1836 741 1866 quum
767 1825 858 1866 puni-

196 1886 286 1906 ceum
312 1875 501 1915 rubrumque
530 1873 663 1904 colorem
694 1875 770 1904 ferre
799 1885 860 1904 non

197 1929 312 1966 posset,
328 1923 467 1954 vestibus
491 1929 522 1952 et
543 1922 613 1964 pilis
635 1922 728 1964 hujus
751 1923 861 1953 coloris

197 1972 227 2003 in
240 1972 322 2003 circo
336 1972 484 2013 expositis
497 1972 607 2002 irritari
620 1972 757 2009 solebat3
774 1973 861 2002 Mar-

196 2022 280 2053 tialis
291 2023 436 2063 Spectac.
454 2022 492 2051 19
506 2026 535 2051 et
553 2022 604 2050 22.
652 2022 750 2057 Circo,
762 2022 862 2052 claus-

198 2070 252 2100 tris
283 2069 368 2105 circi,
397 2080 505 2104 cavea,
536 2069 566 2099 in
594 2080 686 2110 quam
714 2071 862 2101 conclusa

199 2119 357 2150 animalia.
393 2118 437 2148 Ut
452 2118 639 2158 gladiatores
655 2118 735 2148 ictus
752 2119 861 2149 adver-

200 2168 272 2199 sarii
293 2175 323 2198 et
347 2170 472 2198 vulnera
499 2170 625 2198 eludunt
654 2168 861 2199 declinatione

200 2217 344 2258 corporis,
360 2217 404 2247 ita
420 2217 513 2247 etiam
534 2218 572 2247 ab
590 2216 656 2246 istis
678 2216 861 2247 incitamen-

201 2265 253 2300 tis,
266 2265 340 2295 dum
352 2265 467 2295 cedunt
483 2264 611 2295 irruenti
625 2271 722 2299 tauro,
738 2267 861 2295 vulnera

200 2316 380 2350 eluduntur,
410 2325 470 2345 non
509 2314 691 2355 infliguntur
725 2315 862 2345 vulnera.

203 2364 253 2393 De
278 2374 344 2394 voc.
363 2364 526 2399 Pffniceas,
548 2363 579 2393 id
606 2370 651 2393 est
681 2374 863 2404 purpureaS,

200 2412 265 2453 jam
281 2422 341 2442 non
357 2412 452 2442 semel
470 2411 601 2442 dictum.

251 2461 323 2490 105.
364 2461 447 2490 Num
475 2467 572 2490 tamen.
600 2462 754 2497 eaciderit,
784 2461 861 2501 etc.]

205 2508 453 2539 Admirationem
469 2508 602 2539 Achillis
617 2510 697 2539 bene
712 2509 866 2551 exprimit.

205 2556 304 2587 Simul
320 2568 419 2588 rerum
437 2559 475 2588 ab
491 2569 528 2588 eo
543 2564 695 2598 gestarum
712 2559 868 2589 indiculus

207 2605 344 2641 additur,
371 2612 404 2636 ut
429 2607 472 2637 ix.
493 2608 551 2637 182
577 2618 648 2648 sqq.
690 2608 780 2638 Conf.
802 2608 867 2637 xiii.

209 2655 267 2684 171
293 2665 362 2695 sqq.
384 2661 415 2685 et
438 2656 546 2692 Quint.
572 2656 716 2690 Calaber,
741 2656 781 2686 iv.
807 2658 867 2687 150

207 2713 277 2743 sqq.
326 2702 418 2743 Apud
436 2704 616 2738 Homerum,
632 2704 666 2734 ll.
684 2705 790 2734 [328.
803 2706 866 2745 ipsc

918 1040 1077 1081 gloriatur,
1106 1050 1139 1069 se
1170 1038 1334 1069 duodecim
1373 1038 1463 1067 urbes
1498 1036 1577 1066 inter

919 1088 1141 1129 navigandum,
1153 1093 1183 1118 et
1196 1087 1340 1117 undecim
1357 1086 1387 1115 in
1404 1085 1580 1116 continente

920 1137 1084 1168 excidisse.
1132 1136 1192 1166 Sed
1215 1136 1269 1165 has
1293 1135 1384 1165 urbes
1408 1135 1504 1165 serius
1525 1144 1579 1165 ex-

919 1186 1083 1227 pugnavit.
1131 1186 1285 1226 Lyrnesus
1322 1193 1374 1214 aut
1406 1185 1582 1225 Lyrnessns,

919 1242 949 1264 et
968 1235 1068 1265 Thelme
1083 1245 1135 1265 seu
1150 1235 1253 1269 Thebc,
1266 1235 1358 1264 urbes
1373 1233 1498 1274 Mysiae,
1512 1245 1581 1274 quae

919 1284 1002 1324 regio
1014 1290 1120 1325 postea
1130 1284 1230 1314 AEoiis
1241 1283 1326 1314 dicta
1337 1289 1383 1313 est
1395 1295 1401 1320 3
1418 1283 1488 1313 vide
1502 1283 1580 1313 Bur-

918 1343 1077 1363 mannum.
1126 1333 1290 1363 fictionem.
1337 1332 1457 1372 Regius
1481 1338 1583 1362 noster

919 1381 1016 1412 codex
1033 1382 1075 1412 A.
1093 1382 1179 1412 Solus
1199 1383 1358 1412 Echionias
1381 1383 1498 1420 impleri
1514 1393 1581 1411 san-

920 1433 1012 1471 guine
1030 1431 1160 1467 Thebas;
1186 1431 1283 1461 codex
1309 1431 1347 1461 B.
1364 1432 1538 1466 Sithioneiis,
1555 1438 1585 1461 et

920 1480 950 1510 in
965 1481 1103 1520 margine
1117 1482 1163 1510 vel
1176 1480 1352 1516 Fchionz'asg
1370 1479 1408 1510 ad
1422 1480 1488 1509 haec
1499 1479 1584 1510 haud

921 1528 1003 1558 male
1027 1528 1221 1559 retulerimus
1244 1539 1281 1559 ea
1304 1539 1373 1569 quae
1393 1528 1505 1559 dixerit
1521 1528 1585 1559 Re-

923 1578 1010 1617 gius:
1038 1582 1057 1594 “
1076 1579 1226 1619 Corrupte
1252 1578 1379 1618 quidem
1406 1578 1449 1608 sic
1474 1577 1587 1619 legitur

926 1627 1034 1665 (Solus
1046 1627 1226 1663 Echionias)
1238 1628 1332 1668 culpa
1347 1637 1451 1657 eorum
1464 1626 1518 1668 qui
1529 1627 1586 1658 sibi

924 1676 1029 1707 omnia
1054 1676 1240 1717 permittunt
1263 1677 1294 1706 in
1321 1676 1359 1706 iis
1385 1676 1588 1711 invertendis,

926 1737 995 1767 qua:
1016 1726 1047 1756 in
1063 1726 1172 1767 priscis
1188 1726 1417 1768 exemplaribus
1432 1725 1587 1767 descripta

926 1785 987 1805 non
1002 1774 1196 1816 percipiunt:
1222 1786 1319 1816 quum
1338 1775 1420 1805 enim
1437 1785 1587 1815 quasnam

927 1824 1062 1855 Ovidius
1081 1824 1237 1854 Eetioneas
1255 1825 1363 1854 Thebas
1381 1829 1504 1854 vocaret
1531 1824 1588 1853 mi-

929 1884 985 1903 nus
1004 1873 1214 1913 intelligerent
1236 1873 1375 1903 homines
1398 1871 1533 1914 imperiti
1557 1877 1588 1902 et

928 1922 1096 1957 temerarii,
1128 1933 1189 1952 non
1227 1923 1327 1952 solum
1364 1923 1520 1952 Eetioneas
1556 1921 1586 1951 in

932 1972 1091 2001 Echionias
1122 1971 1324 2006 inverterunt,
1356 1971 1409 2002 sed
1445 1976 1475 2001 et
1511 1972 1589 2001 solus

930 2020 1091 2051 commodo
1116 2031 1171 2051 suo
1199 2020 1418 2062 ascripserunt,
1446 2019 1589 2060 ignoran-

931 2075 976 2100 tes
995 2070 1152 2099 Echimiias
1171 2070 1281 2099 Thebas
1304 2070 1336 2099 in
1358 2069 1485 2100 Boeotia
1507 2078 1588 2103 esse,

930 2130 999 2160 quse
1016 2130 1070 2160 pro
1084 2119 1203 2149 Graecis
1216 2124 1323 2149 contra
1333 2117 1482 2159 Trojanos
1497 2124 1591 2148 stete-

929 2174 1017 2205 runt3
1033 2178 1111 2209 quas
1121 2174 1225 2199 autem
1238 2179 1269 2198 se
1281 2168 1381 2209 jactat
1398 2167 1592 2209 expugnasse

930 2218 1071 2248 Achilles
1087 2217 1118 2247 in
1133 2217 1258 2251 Cilicia,
1275 2222 1346 2247 sunt
1363 2217 1511 2247 Eetioneae
1526 2216 1591 2247 dic-

930 2273 968 2296 tae
992 2267 1030 2297 ab
1050 2267 1183 2302 Ερῐίοηρ,
1199 2272 1286 2307 patre
1303 2266 1540 2296 Andromaches
1561 2272 1593 2296 et

931 2326 1011 2357 rege,
1050 2316 1099 2346 cui
1136 2316 1243 2346 Thebe
1279 2314 1400 2357 paruit3
1435 2315 1517 2346 hunc
1553 2316 1592 2345 ab

932 2365 1058 2395 Achille
1078 2365 1287 2401 interfectum,
1304 2366 1475 2405 urbemque
1496 2364 1591 2405 depo-

932 2413 1070 2455 pulatam
1088 2414 1170 2455 apud
1185 2415 1355 2444 Homerum
1372 2412 1592 2443 Andromache

933 2462 1000 2503 ipsa
1016 2463 1228 2504 conqueritur:
1255 2463 1293 2492 Il.
1306 2462 1347 2494 A.
1357 2463 1433 2499 3643
1451 2463 1484 2493 Z.
1497 2462 1591 2492 395.’‘

933 2512 1061 2552 Legitur
1089 2512 1183 2543 etiarn
1215 2513 1377 2548 Eti<nzesis3
1413 2511 1467 2541 sed
1499 2512 1592 2546 male.

935 2561 1088 2592 Homerus
1109 2561 1189 2591 enim
1212 2561 1286 2592 locis
1301 2561 1393 2591 dictis
1414 2560 1508 2591 habet
1521 2559 1591 2591 Ἡε-

936 2611 1027 2641 τίων.
1067 2611 1151 2641 [ΕΜ.
1197 2612 1303 2648 Quum
1319 2612 1457 2650 disjicere
1474 2609 1593 2651 proprie

935 2658 973 2688 sit
998 2659 1042 2689 ita
1065 2659 1231 2694 destruere,
1255 2664 1288 2688 ut
1313 2658 1466 2699 fragmina
1488 2668 1594 2699 sparsa

932 2707 1069 2747 iat-eant,
1085 2707 1123 2738 de
1141 2707 1250 2737 excisis
1268 2707 1434 2741 moenibus,
1455 2707 1590 2741 urbibus,
