1779 3130
347 172 966 215 METAMORPHOSEON
1000 174 1119 215 LIB.
1153 173 1243 214 IX.
1425 176 1482 215 89

93 295 215 343 Fida
239 305 370 344 metu
399 305 625 361 paveant,
654 298 842 345 OEtaeas
868 298 1086 361 spernite
1111 298 1353 345 flammas.

92 372 273 419 Omnia
299 374 383 436 qui
408 374 540 428 vicit,
566 374 747 429 vincet,
775 391 898 437 quos
925 374 1143 429 cernitis,
1171 374 1339 436 ignes3
1379 377 1477 420 250

91 447 198 495 Nec
224 450 317 496 nisi
342 459 565 497 materna
589 451 869 498 Vulcanum
895 459 1033 514 parte
1059 458 1314 513 potentem

93 524 312 572 Sentiet:
342 534 579 572 aeternum
606 534 696 581 est,
719 543 747 573 a
770 544 849 574 me
876 527 1010 590 quod
1035 527 1201 581 traxit,
1225 534 1275 573 et
1299 543 1477 589 expers

90 599 258 663 Atque
284 602 500 649 immune
527 603 679 657 necis,
708 603 944 664 nullaque
971 603 1220 649 domabile
1246 603 1474 649 flamina:

90 675 250 738 quue
276 694 368 739 ego
394 678 685 725 defunctum
709 685 840 724 terra
863 679 1152 725 coelestibus
1178 678 1275 725 oris

88 752 363 815 Accipiam,
391 755 686 816 cunctisque
712 770 878 800 meum
902 754 1120 800 laetabile
1146 753 1331 800 factum
1379 757 1476 801 255

92 827 182 874 Dis
208 829 307 877 fore
333 831 555 878 confido:
586 830 626 876 si
653 830 764 892 quis
790 836 957 876 tamen
984 829 1217 884 Hercule,
1247 830 1287 875 si
1314 829 1426 892 quis

90 905 238 954 Forte
266 907 374 954 Deo
399 908 640 954 doliturus
667 907 785 963 erit3
827 907 945 953 data
969 906 1174 969 praemia
1198 907 1360 962 nolet;

91 982 192 1029 Sed
218 985 456 1031 meruisse
481 985 585 1031 clari
612 984 752 1039 sciet,
781 983 1064 1045 invitusque
1090 981 1370 1045 probabit.”

90 1058 363 1107 Assensere
391 1061 502 1116 Dei,
529 1062 714 1123 conjux
741 1076 941 1122 quoque
967 1060 1102 1121 regia
1126 1060 1230 1106 visa
1255 1066 1332 1106 est

93 1135 289 1182 Caetera
314 1153 410 1183 non
435 1137 574 1194 duro,
601 1138 723 1183 duro
749 1144 915 1183 tamen
941 1136 1116 1182 ultima
1140 1136 1276 1181 vultu

1380 1138 1477 1181 260

92 1211 242 1259 Dicta
264 1213 437 1261 tulisse
462 1213 616 1269 Jovis,
644 1230 799 1276 seque
824 1213 1094 1260 indoluisse
1120 1220 1356 1259 notatam.

91 1287 303 1346 Interea,
332 1291 668 1354 quodcunque
692 1290 785 1338 fuit
809 1290 1093 1354 populabile
1118 1290 1345 1344 flammae,

135 1433 207 1463 250.
236 1434 343 1463 Omnia
359 1435 408 1473 qui
430 1434 528 1474 vicit]
555 1434 637 1464 Hinc
655 1437 748 1465 invic-

92 1487 139 1511 tus
153 1482 298 1512 Hercules
313 1482 385 1512 etin
401 1483 608 1513 monumentis
624 1488 654 1513 et
665 1483 749 1524 apud

90 1536 206 1571 poetas.
255 1531 423 1561 Is'alcanum
445 1538 591 1570 putentem
613 1531 748 1572 dignius,

91 1590 198 1620 quam,
244 1580 347 1620 ignem
392 1580 545 1621 rapidum.
606 1581 750 1610 Materna

89 1634 198 1667 parle;
214 1629 293 1659 Jove
310 1628 483 1669 genitorum
499 1638 625 1670 corpora
639 1639 677 1659 ex
693 1629 750 1659 du-

91 1677 165 1718 plici
181 1678 311 1708 materia
327 1678 496 1719 composita
511 1684 610 1712 erant,
629 1678 750 1708 mortali

91 1731 124 1756 et
143 1725 321 1761 immortali,
338 1726 382 1756 ita
403 1733 519 1762 tamen,
535 1733 569 1756 ut
589 1727 654 1756 haec
672 1737 749 1767 prae-

92 1775 220 1805 valeret.
244 1775 337 1805 Illam
351 1785 369 1804 a
379 1781 476 1804 matre
490 1775 656 1810 habebant,
670 1775 750 1805 hanc

93 1833 111 1852 a
126 1829 227 1864 patre.
244 1823 318 1854 Vid.
334 1823 436 1858 Philo,
453 1835 484 1865 p.
496 1825 569 1854 881.
599 1823 751 1854 Divinum

91 1882 202 1913 eorpus
224 1872 354 1903 Herculi
377 1872 484 1903 tribuit
507 1872 630 1904 Julian.
659 1873 751 1904 Orat.

93 1921 145 1952 vii.
161 1932 192 1962 p.
208 1923 281 1953 408.

134 1972 208 2001 254.
244 1971 432 2013 Defunctum
470 1977 565 2006 terra,
597 1971 750 2012 superatis

91 2020 234 2050 omnibus
257 2019 406 2050 molestiis
427 2026 459 2050 et
474 2019 750 2056 vicissitudinibus,

92 2079 161 2110 quae
199 2069 368 2099 subeundae
400 2075 473 2099 sunt
505 2068 682 2099 hominibus
717 2070 749 2099 in

92 2123 182 2148 terra.
230 2118 309 2153 Oris,
325 2117 356 2148 in
371 2128 450 2148 oras.

135 2168 210 2197 256.
234 2167 369 2197 Hercule
393 2172 424 2197 et
453 2170 511 2196 deo
535 2168 634 2197 dolere
658 2167 751 2208 paulo

93 2215 209 2251 durius,
239 2215 341 2246 dolere
373 2215 542 2245 Herculem
572 2215 603 2244 in
633 2215 750 2245 coelum

92 2270 267 2306 acceptum,
283 2271 377 2305 atque
397 2264 473 2294 adeo
496 2263 576 2294 inter
597 2264 683 2293 Deos
705 2274 752 2294 re-

93 2312 201 2342 latum.
240 2313 315 2342 Mox
332 2314 368 2343 τὸ
382 2314 431 2343 sed
448 2313 570 2342 turbare
587 2312 752 2342 videbatur

95 2361 250 2392 nonnullis
265 2367 452 2392 structuram
469 2360 624 2390 orationis.
670 2361 750 2390 Bur-

93 2420 176 2440 man.
191 2409 280 2440 malit
294 2411 456 2445 doliturus,
471 2416 499 2439 et
515 2410 573 2439 haec
589 2412 659 2439 datu
674 2420 750 2448 prae-

93 2461 151 2489 mia
169 2461 267 2495 nolet;
285 2461 325 2489 At
342 2461 490 2494 meruisse,
506 2464 566 2488 etc.
591 2457 651 2488 Sed
667 2458 748 2488 Len-

95 2507 159 2539 zius
186 2514 269 2538 reete
301 2507 388 2543 vidit,
418 2510 492 2538 «lala
519 2508 639 2546 praemz'n
672 2507 751 2536 uolet

95 2557 242 2598 apodosin
271 2557 383 2587 habere
398 2569 405 2593 3
437 2557 528 2597 cique
557 2555 668 2586 rationi
697 2565 752 2585 nos

95 2605 396 2636 accommodavimus
412 2604 706 2646 interpunctionem.

137 2654 210 2684 260.
235 2654 343 2685 Durus
357 2656 469 2690 vultus,
485 2653 589 2684 vultus
605 2653 682 2693 ejus,
697 2651 751 2693 qui

95 2702 189 2732 habet
203 2704 325 2739 durum,
342 2703 373 2733 id
389 2708 445 2738 est,
460 2701 644 2733 iracundum
659 2707 690 2732 et
705 2700 750 2732 in-

142 2751 240 2782 VOL.
255 2751 315 2782 IV.

817 1434 1004 1465 exorabilem
1023 1434 1173 1464 animum.
1211 1433 1340 1468 Contra,
1358 1444 1388 1463 x.
1403 1434 1477 1464 609.

816 1488 863 1513 est
880 1484 976 1513 *mollis
999 1484 1111 1517 vultus,
1129 1489 1160 1512 et
1181 1481 1244 1511 III.
1261 1482 1350 1511 Pont.
1367 1481 1387 1511 i.
1406 1482 1477 1511 166.

816 1543 875 1561 non
889 1533 960 1562 duri
975 1533 1088 1561 vultus.
1124 1532 1234 1571 Supra,
1252 1529 1302 1559 vii.
1320 1531 1392 1559 862.
1409 1530 1477 1559 vul—

818 1587 866 1610 tus
881 1582 996 1615 melior,
1011 1580 1113 1609 minus
1132 1579 1240 1609 durus.
1287 1578 1399 1609 Caetera
1416 1589 1477 1610 non

817 1629 893 1659 duro
908 1629 997 1659 vultu
1021 1627 1120 1663 audit,
1138 1628 1211 1668 quia
1234 1632 1377 1668 posuerat
1400 1627 1476 1657 iram

816 1688 833 1708 e
851 1688 912 1708 ver.
932 1679 1001 1708 135.
1038 1677 1175 1707 Auctore
1191 1675 1329 1706 Diodoro
1346 1675 1476 1716 adopta-

817 1726 862 1756 vit
891 1725 970 1756 adeo
998 1725 1179 1755 Herculem.
1224 1725 1286 1754 Par
1315 1730 1382 1754 erat
1410 1724 1477 1765 ejus

817 1775 909 1805 etiam
940 1775 972 1804 in
1000 1773 1086 1805 exitu
1113 1773 1259 1804 Herculis
1287 1772 1476 1802 mentionem

816 1824 930 1854 facere.
978 1823 1093 1852 Nature
1115 1821 1282 1862 eleganter,
1299 1831 1396 1861 quum
1421 1821 1477 1851 ali-

817 1883 909 1914 quem
928 1882 989 1902 non
1006 1870 1200 1902 nominamus
1216 1869 1352 1911 quidem,
1364 1869 1419 1900 sed
1434 1870 1478 1901 ita

816 1921 1021 1952 describimus
1032 1919 1297 1959 describendoque
1309 1918 1476 1959 carpimus,

818 1977 851 2001 ut
872 1970 962 2000 facile
986 1969 1112 2010 agnosci
1134 1967 1242 2010 possit.
1286 1967 1406 2003 Cicero,
1423 1978 1477 2010 pro

818 2019 889 2050 Mil.
909 2020 958 2049 18.
972 2019 1016 2048 sic
1029 2017 1109 2048 dixit
1123 2018 1295 2047 describere.

860 2068 933 2098 262.
960 2067 1136 2105 Populubile
1157 2075 1271 2094 novum
1291 2070 1321 2094 et
1339 2064 1379 2094 ab
1398 2065 1475 2095 Ovi-

819 2116 870 2146 dio
883 2117 1004 2146 factum
1020 2114 1222 2145 vocabulum.
1248 2112 1383 2153 Insignis
1398 2114 1477 2144 Her-

819 2164 898 2195 culis
916 2164 1079 2198 voracitas,
1096 2172 1189 2203 quam
1213 2161 1293 2192 ridet
1314 2160 1475 2203 Aristoph.

819 2213 905 2243 Ran.
922 2214 973 2243 63.
990 2213 1051 2243 557
1073 2222 1143 2253 sqq.
1161 2220 1223 2240 non
1237 2210 1359 2240 videtur
1379 2221 1478 2252 popu-

815 2262 920 2293 labilis
935 2263 1028 2292 fuisse
1042 2273 1049 2297 3
1065 2271 1102 2291 ea
1115 2260 1196 2290 enim
1210 2259 1241 2289 in
1257 2259 1338 2289 coelo
1352 2270 1475 2300 quoque

818 2311 946 2349 mansit3
962 2309 1189 2343 Callimachus,
1202 2308 1316 2348 hymno
1329 2308 1367 2337 ad
1381 2308 1477 2338 Dian.

816 2361 890 2390 259.
935 2359 1050 2390 Confer
1077 2359 1227 2388 Senecam
1256 2357 1383 2386 Hercul.
1411 2358 1476 2388 OEt.

821 2409 914 2439 1966.
942 2408 1064 2448 Effigies
1078 2417 1132 2448 pro
1148 2406 1246 2436 forma
1261 2404 1376 2446 passim
1393 2405 1475 2446 apud

818 2458 990 2498 Hyginum.
1025 2456 1117 2486 Illam
1132 2460 1235 2484 autem
1252 2453 1384 2493 effigiem
1399 2464 1476 2494 quo-

818 2506 909 2536 modo
949 2505 1082 2535 artifices
1128 2502 1345 2544 expresserint,
1383 2503 1476 2533 docet

819 2554 988 2584 winkelm.
1005 2554 1048 2584 ll.
1065 2554 1106 2582 A.
1124 2563 1155 2593 p.
1174 2552 1231 2581 162
1254 2557 1286 2581 et
1304 2552 1377 2582 359.
1400 2551 1475 2582 item

820 2603 963 2644 Ileynius
978 2603 1009 2632 in
1025 2604 1146 2641 arztiqu.
1172 2600 1363 2641 Aigfsaetzen,
1379 2601 1401 2631 i.
1423 2602 1476 2632 29.

820 2653 865 2681 Ab
889 2653 1018 2692 imagine
1040 2651 1155 2685 matris,
1180 2659 1198 2679 a
1223 2654 1332 2684 matre,
1357 2655 1411 2678 aut
1436 2649 1475 2679 ab

820 2706 930 2731 natura
942 2706 1093 2731 materna.
1116 2698 1199 2728 Jovis
1209 2699 1344 2738 vestigia,
1357 2704 1473 2740 partes,

951 2749 981 2778 N
