1779 3130
195 163 282 205 308

586 162 635 202 Ρ.
675 159 887 201 OVIDII
920 159 1200 202 NASONIS

203 277 312 324 Nec
331 290 498 323 comes
523 274 601 321 hic
621 274 868 338 Phrygias
887 290 1107 337 unquam
1125 273 1343 321 venisset
1367 273 1429 320 ad
1447 289 1587 321 arces

203 352 437 399 Hortator
462 350 732 397 scelerum!
771 367 868 398 non
892 357 957 406 te,
985 349 1212 397 Poeantia
1236 350 1414 412 proles,

1523 352 1588 397 45

203 426 502 490 Expositum
528 425 741 473 Lemnos
767 433 936 472 nostro
963 442 1077 472 cum
1100 426 1304 472 crimine
1329 427 1561 483 haberet3

205 504 302 558 Qui
318 519 464 558 nunc,
482 509 537 549 ut
556 510 844 557 memorant,
864 503 1169 549 silvestribus
1186 503 1384 549 abditus
1410 502 1581 557 antris,

208 581 343 627 Saxa
366 595 534 626 moves
560 579 765 641 gemitu,
795 579 1169 642 Laertiadaeque
1194 579 1410 642 precaris

207 656 330 710 Quae
362 655 567 703 meruit:
609 672 736 718 quae,
765 655 805 702 si
833 655 897 702 Di
922 663 1051 711 sunt,
1079 672 1177 702 non
1201 671 1328 702 vana
1351 655 1586 718 preceris.

213 733 278 780 Et
302 749 434 780 nunc
460 733 544 780 ille
570 734 745 780 eadem
770 733 911 780 nobis
932 734 1127 796 juratus
1153 732 1202 777 in
1227 747 1377 787 arma,

1530 735 1594 779 50

210 809 349 856 Heu!
388 826 502 873 pars
528 826 626 857 una
650 811 852 866 ducum,
881 826 980 873 quo
1006 824 1295 856 successore
1321 808 1514 870 sagittae

208 885 440 932 Herculis
467 893 690 941 utuntur,
717 886 902 932 fractus
930 886 1203 948 morboque
1228 884 1476 947 fameque,

206 962 531 1024 velaturque,
550 963 795 1026 aliturque
811 963 1005 1019 avibus3
1029 963 1357 1024 volucresque
1373 961 1590 1025 petendo

210 1037 394 1084 Debita
418 1037 644 1100 Trojanis
670 1046 870 1086 exercet
895 1039 1085 1102 spicula
1109 1038 1221 1085 fatis
1241 1055 1250 1085 ε

208 1113 301 1161 Ille
327 1122 492 1162 tamen
516 1114 650 1170 vivit,
679 1116 797 1178 quia
822 1132 919 1161 non
944 1114 1196 1162 comitavit
1221 1113 1423 1161 Ulixen.

1530 1117 1594 1161 55

212 1190 391 1238 Mallet
414 1197 465 1238 et
490 1190 661 1238 infelix
688 1191 986 1239 Palamedes
1012 1207 1123 1238 esse
1149 1190 1375 1237 relictus!

211 1333 243 1358 et
259 1328 389 1368 Ulysses
404 1328 500 1368 legati
523 1329 562 1359 ad
580 1339 651 1359 cum
667 1330 807 1365 veniunt,
822 1334 868 1364 ut,

210 1388 306 1418 quum
330 1377 395 1408 sine
418 1378 484 1419 ejus
508 1377 627 1418 sagittis
642 1378 735 1408 Ilium
751 1389 870 1419 expug-

212 1426 277 1456 nari
303 1437 365 1456 non
390 1437 479 1467 posse
503 1426 535 1456 in
563 1426 633 1456 fatis
660 1432 740 1457 esset
768 1427 870 1466 (unde

212 1486 282 1505 mox
307 1477 417 1510 debita,
433 1474 601 1511 destinata,
623 1476 760 1515 Trajanis
775 1478 869 1517 fictis,

210 1523 342 1564 Trojano
353 1524 486 1559 excidio,
499 1525 642 1563 spicula)
655 1524 757 1565 ipsum
770 1534 871 1554 arces-

212 1578 328 1602 serent.
359 1572 404 1602 Ex
416 1572 513 1608 Attio,
527 1573 579 1613 qui
596 1579 665 1614 post
677 1573 872 1614 Sophoclem,

213 1620 302 1661 cujus
339 1620 474 1651 Philoct.
501 1627 597 1657 extat,
627 1627 659 1652 et
693 1621 873 1663 Euripidem

212 1669 269 1700 hoc
296 1676 512 1710 argumentum
538 1676 736 1706 tractaverat,
760 1670 873 1712 passim

212 1718 382 1748 versiculos
396 1718 506 1749 laudat
519 1719 639 1755 Cicero,
649 1726 680 1750 et
691 1719 873 1750 Philoctetae

214 1767 356 1808 exemplo
378 1767 476 1797 utitur
499 1768 530 1798 in
551 1768 814 1809 disputationibus
836 1767 874 1798 de

213 1815 404 1856 perferendis
438 1816 613 1855 doloribus3
651 1817 719 1848 Fin.
748 1817 782 1848 ii.
813 1818 874 1856 295

215 1876 244 1895 v.
263 1866 319 1903 113
343 1865 436 1897 Tusc.
451 1865 484 1895 ii.
501 1867 531 1896 7.

258 1914 311 1944 48.
337 1913 472 1950 Gemitu,
496 1926 568 1945 cum
590 1915 727 1956 gemitu3
752 1916 872 1953 Cicero,

215 1962 310 1993 Tusc.
332 1962 364 1993 d.
386 1963 408 1994 l.
455 1968 475 1980 ‘¹
494 1964 611 2005 Aspice
641 1965 870 1996 Philoctetam!

217 2010 278 2041 Cui
290 2011 526 2043 concedendum
540 2020 586 2043 est
597 2014 744 2054 gementi.
766 2015 874 2055 Ipsum

216 2058 299 2089 enim
324 2060 491 2091 Herculem
507 2061 626 2092 viderat
648 2062 680 2092 in
700 2063 772 2093 OEta
789 2073 874 2103 mag-

217 2107 359 2138 nitudine
376 2107 516 2139 dolorum
531 2110 738 2151 ejulantem.'’
764 2111 875 2142 Preca-

216 2158 269 2191 ris,
285 2156 475 2198 imprecaris.
516 2160 548 2189 Si
565 2160 607 2189 Di
623 2168 705 2196 sunt,
721 2171 816 2202 quum
832 2161 876 2191 Di

219 2204 298 2235 sint:
316 2208 340 2236 si
356 2216 452 2242 nune,
469 2213 504 2237 ut
519 2218 612 2249 saepe,
629 2209 809 2240 affirmantis
820 2215 878 2246 est,

220 2264 281 2284 non
297 2260 402 2284 autem
418 2254 600 2288 dubitantis.

262 2303 315 2334 50.
341 2303 451 2334 Eadem
477 2307 566 2340 nobis,
590 2306 704 2336 Graeca
725 2307 876 2347 syntaxis,

220 2353 323 2382 ταυτά
339 2351 431 2393 ἡμῖν,
447 2355 546 2384 eadem
563 2355 595 2384 in
615 2365 683 2396 quae
705 2364 760 2386 nos
774 2368 783 2392 ·,
807 2355 876 2386 Cic.

222 2400 332 2431 Famil.
347 2400 391 2431 ix.
409 2402 438 2431 6.
455 2404 530 2442 qnod
553 2415 611 2433 non
635 2405 707 2434 idem
730 2405 792 2434 illis
810 2415 877 2434 cen-

219 2450 384 2480 suissemus.
420 2450 487 2480 Una
504 2451 711 2482 redundanter
727 2452 877 2483 additum.

223 2496 354 2528 Fructus
368 2499 633 2540 morbofameque3
658 2501 766 2537 Quint.
784 2501 877 2532 Cala-

219 2545 286 2579 ber,
314 2547 374 2576 367
404 2558 472 2589 sqq.
536 2549 671 2585 l'elatur,
705 2550 879 2580 Philocteta

224 2595 306 2635 apud
324 2596 445 2626 Attium
460 2609 466 2625 :
492 2601 510 2614 “
527 2598 655 2639 Configo
672 2598 778 2629 tardus
796 2599 878 2629 cele-

225 2652 283 2678 res,
299 2650 384 2674 stans
407 2645 559 2683 volatiles,
576 2648 636 2678 Pro
660 2654 745 2678 veste
769 2647 880 2689 pennis

225 2692 363 2722 membra
378 2694 470 2725 textis
486 2702 654 2737 contegens
667 2697 701 2733 ;''
717 2697 822 2727 confer
838 2697 878 2732 Q.

937 1329 1117 1365 Calabrum,
1142 1329 1215 1359 358.
1238 1335 1269 1359 et
1298 1327 1368 1359 Cic.
1396 1328 1465 1358 Fin.
1488 1339 1518 1359 v.
1545 1329 1596 1359 ΙΙ.

938 1380 1054 1414 Alitur,
1070 1377 1219 1419 Sophocl.
1237 1388 1300 1408 ver.
1318 1379 1380 1408 288
1399 1388 1423 1408 s.
1468 1378 1595 1409 Eoeercet

937 1428 1064 1467 spicula,
1075 1433 1109 1457 ut
1126 1426 1210 1468 apud
1219 1426 1340 1456 Attium
1354 1437 1360 1454 :
1378 1430 1399 1443 “
1413 1426 1597 1466 Ingemisci-

938 1486 1018 1512 mus,
1034 1475 1126 1513 Quod
1142 1476 1208 1505 haec
1225 1474 1405 1516 pennigero,
1421 1484 1483 1504 non
1504 1473 1596 1504 armi-

939 1535 1011 1565 gero
1037 1524 1069 1554 in
1098 1534 1235 1564 corpore,
1261 1524 1471 1553 Exerceamur
1496 1522 1598 1553 tela.'’

943 1574 1050 1603 Debita
1066 1574 1179 1612 spicula
1195 1586 1203 1610 3
1220 1572 1291 1602 vide
1306 1582 1399 1613 supra
1414 1571 1452 1602 ad
1469 1582 1533 1602 ver.
1546 1573 1599 1603 45.

985 1623 1036 1653 56.
1054 1622 1163 1652 Mallet
1179 1628 1206 1652 et
1223 1622 1407 1657 Palamedes,
1423 1621 1504 1660 etc.]
1525 1622 1599 1652 Jam

941 1670 1125 1701 Philoctetae
1150 1670 1328 1712 exemplum
1347 1669 1436 1700 luctu
1455 1669 1599 1712 plenissi-

941 1730 1036 1755 mum,
1061 1726 1091 1750 et
1115 1719 1153 1750 ad
1176 1718 1327 1749 invidiam
1352 1717 1457 1759 Ulyssi
1483 1718 1599 1748 facien-

941 1768 1014 1799 dam
1031 1769 1224 1810 aptissimum
1238 1781 1246 1806 3
1268 1774 1372 1798 tamen
1391 1767 1490 1808 magis
1504 1768 1599 1798 etiam

941 1819 1111 1860 lugendum
1125 1818 1326 1849 Palamedem
1342 1817 1491 1859 praedicat
1507 1817 1600 1859 Ulys-

941 1869 982 1899 sis
1001 1868 1105 1909 culpa.
1150 1868 1200 1898 De
1225 1867 1302 1898 tn’sti
1323 1866 1500 1897 Palamedis
1522 1872 1603 1897 sorte

941 1917 1012 1948 vide
1042 1917 1214 1958 Hyginum,
1241 1917 1304 1947 sab.
1336 1916 1406 1946 105.
1450 1916 1600 1957 Exposita

937 1966 1003 2007 jam
1028 1972 1093 1996 erat
1116 1966 1147 1995 in
1171 1964 1317 1995 Carmine
1339 1964 1476 2005 Cypri03
1501 1970 1532 1994 et
1555 1970 1602 1994 at-

943 2014 1071 2054 tingitur
1094 2013 1189 2044 etiam
1213 2024 1230 2043 a
1253 2012 1396 2054 Yirgilio,
1412 2014 1490 2042 .En.
1508 2012 1542 2042 ii.
1559 2013 1601 2043 82

942 2073 1014 2104 sqq.
1039 2072 1220 2103 quanquam
1250 2061 1312 2092 alia
1340 2061 1381 2091 ibi
1411 2061 1473 2091 odii
1507 2071 1602 2092 causa

946 2117 1219 2141 commemoratur:
1256 2110 1310 2140 sed
1345 2120 1402 2140 nec
1435 2109 1528 2150 hujus
1559 2108 1603 2140 rei

944 2158 1133 2190 mentionem
1179 2158 1253 2188 fecit
1297 2159 1451 2188 Homerus
1469 2169 1476 2187 ε
1524 2158 1602 2188 adeo

945 2208 1045 2238 multa
1065 2208 1155 2238 rebus
1171 2207 1310 2248 'l'rojanis
1330 2206 1518 2237 addiderunt
1533 2217 1602 2248 pos-

945 2257 1069 2287 teriores
1083 2263 1182 2298 poetae
1195 2257 1200 2286 l
1239 2257 1323 2287 Male
1337 2257 1475 2292 convicti,
1491 2266 1604 2297 magno

945 2316 999 2336 suo
1014 2306 1128 2341 dolore,
1144 2306 1176 2336 in
1191 2306 1339 2336 damnum
1355 2316 1444 2336 suum
1460 2304 1605 2336 convicti.

945 2355 1006 2391 Ita,
1023 2361 1057 2385 ut
1080 2355 1155 2390 dixi,
1172 2355 1312 2396 usurpari
1331 2355 1421 2386 docet
1443 2355 1607 2386 Drakenb.

946 2405 985 2435 ad
1000 2404 1123 2439 Silium,
1142 2404 1208 2434 xiii.
1227 2406 1285 2442 50;
1309 2404 1353 2434 ita
1367 2405 1498 2440 Seneca,
1514 2405 1604 2434 Suas.

945 2454 995 2483 V:
1027 2453 1121 2483 Errat
1149 2455 1230 2484 circa
1256 2455 1367 2484 (Ιαηιηα
1392 2464 1457 2489 sita,
1485 2460 1511 2483 et
1540 2465 1602 2493 qnae

945 2504 1022 2532 male
1050 2509 1185 2542 arpertus
1210 2509 1264 2538 est,
1292 2508 1358 2532 voca
1385 2504 1514 2541 deponit.
1560 2503 1604 2533 Ut

946 2551 1107 2591 sequentia
1131 2550 1357 2591 intelligantur,
1374 2550 1509 2580 notanda
1532 2556 1604 2580 sunt

947 2599 1033 2629 liaec:
1060 2599 1189 2640 Ulysses
1211 2599 1337 2640 captivo
1355 2598 1469 2640 Phrygi
1489 2599 1603 2640 episto—

946 2648 1008 2678 lam
1037 2648 1152 2679 Priami
1178 2648 1302 2679 nomine
1331 2648 1371 2679 ad
1401 2648 1603 2679 Palamedem

946 2696 1093 2738 scriptam
1115 2697 1212 2733 dedit,
1228 2697 1260 2727 in
1278 2707 1339 2738 qua
1354 2696 1407 2727 ille
1424 2697 1497 2728 huic
1515 2707 1601 2736 mag-
