1779 3130
377 152 996 196 METAMORPHOSEON
1028 153 1148 195 LIB.
1180 153 1271 195 XI.

1429 155 1513 197 201

131 268 227 323 Qui
254 269 399 316 simul
425 269 624 331 agnovit
649 268 852 323 socium,
880 269 1215 331 comitemque
1241 283 1506 325 sacrorum,

131 344 361 409 Hospitis
388 346 599 392 adventu
626 345 806 392 festum
830 344 1086 406 genialiter
1110 345 1211 406 egit

1448 348 1510 392 95

128 421 227 468 Per
252 422 326 469 bis
352 422 573 484 quinque
599 421 721 475 dies,
750 428 800 468 et
817 423 1018 483 junctas
1043 421 1213 468 ordine
1238 429 1425 469 nocteS.

128 497 194 544 Et
213 500 316 560 jam
342 499 597 544 stellarum
624 497 834 544 sublime
861 505 1093 560 coegerat
1118 513 1296 559 agmen

127 573 321 621 Lucifer
346 573 654 628 undecimus,
684 573 849 636 Lydos
876 591 1030 637 quum
1056 574 1199 620 laetus
1226 573 1274 619 in
1302 589 1442 635 agros

127 650 239 696 Rex
263 650 412 704 venit,
441 657 491 696 et
508 649 678 711 juveni
706 649 930 696 Silenum
956 650 1117 697 reddit
1142 650 1356 696 alumno.

127 724 257 772 Huic
285 725 422 772 Deus
447 725 651 788 optandi
676 732 887 786 gratum,
913 726 1001 772 sed
1027 725 1216 781 inutile,
1243 725 1360 773 fecit
1418 727 1509 771 lOO

125 801 350 848 Muneris
376 801 645 856 arbitrium,
674 801 896 862 gaudens
923 802 1076 848 altore
1102 808 1317 864 recepto.

124 877 215 924 Ille
241 878 368 925 male
393 894 569 924 usurus
596 877 753 933 donis,
782 877 877 935 ait;
920 883 950 901 “
977 876 1144 932 Effice,
1173 876 1419 939 quidquid

124 954 344 1017 Corpore
369 954 635 1015 contigero,
662 953 847 1000 fulvum
871 960 1086 1000 vertatur
1110 954 1159 999 in
1184 953 1406 1000 aurum.”

125 1029 315 1077 Annuit
338 1030 537 1093 optatis,
567 1030 890 1092 nocituraque
916 1046 1118 1077 munera
1142 1030 1287 1076 solvit

123 1105 297 1162 Liber3
338 1113 389 1152 at
413 1105 634 1160 indoluit,
663 1106 798 1168 quod
823 1123 921 1153 non
947 1106 1149 1153 meliora
1172 1106 1379 1169 petisset
1414 1106 1505 1150 105

125 1180 289 1228 Laetus
322 1181 441 1237 abit,
469 1181 753 1244 gaudetque
784 1182 913 1229 malo
941 1182 1305 1245 Berecynthius
1331 1182 1501 1236 heros;

123 1257 505 1320 Pollicitamque
530 1257 679 1305 fidem
704 1259 954 1320 tangendo
981 1259 1176 1320 singula
1198 1264 1374 1305 tentat.

121 1333 320 1396 Vixque
345 1334 439 1380 sibi
464 1334 687 1391 credens,
715 1351 812 1382 non
838 1335 937 1382 alta
960 1334 1132 1382 fronde
1155 1334 1396 1382 virentem

164 1507 217 1538 95.
243 1506 423 1543 Genialiter‚
439 1507 482 1537 ita
505 1515 540 1538 ut
563 1507 653 1548 genio
672 1507 778 1539 indul-

122 1562 257 1596 geretur,
282 1556 366 1587 laute
391 1562 422 1587 et
444 1556 603 1594 hilariter3
629 1557 712 1587 Fast.
736 1557 780 1589 iii.

122 1605 321 1645 523-seslum
336 1606 466 1645 geniale.
511 1605 593 1635 Vide
613 1606 651 1636 ad
668 1606 709 1636 iv.
727 1607 778 1636 14.

125 1654 249 1689 Ordine,
273 1653 451 1684 continuus.
499 1654 586 1695 Virg.
607 1655 722 1695 Georg.
738 1655 779 1686 iv.

123 1702 196 1732 507.
221 1709 327 1741 septem
353 1712 385 1732 ex
415 1704 518 1732 ordine
546 1714 663 1733 menses.
710 1704 778 1734 Hoc

122 1751 326 1787 Claudianus,
351 1751 392 1782 ix.
408 1752 437 1781 4.
453 1757 544 1781 vocat
567 1754 660 1790 epatis
682 1755 777 1782 conti-

122 1810 218 1830 nuare
236 1801 307 1829 dies.

162 1847 215 1878 97.
243 1848 358 1886 Etjum
372 1848 538 1883 stellarum,
554 1848 632 1888 etc.]
660 1849 775 1880 Confer

120 1895 153 1925 ii.
175 1896 246 1926 114.
262 1895 367 1936 ibique
383 1903 497 1926 notam.
528 1896 639 1927 Loetus.
657 1897 777 1938 Argen-

121 1946 177 1975 tin.
194 1946 301 1980 lentus,
317 1944 399 1985 quod
424 1944 573 1975 Heinsius
592 1955 696 1976 verum
719 1957 775 1988 pu-

117 1995 216 2029 tabat,
233 1993 306 2035 quia
320 2000 350 2024 et
371 1994 453 2035 apud
475 1994 623 2036 Calpurn.
640 1995 708 2026 Ecl.
724 1995 777 2027 vii.

121 2044 219 2073 lentus
242 2045 339 2072 venis:
369 2048 494 2073 temere.
538 2043 640 2074 Laetus
665 2045 704 2074 ob
729 2045 775 2074 in-

120 2097 245 2121 ventum
261 2091 399 2121 Silenum
416 2091 592 2132 festumque
610 2092 776 2133 genialiter

119 2146 234 2170 aetum.
279 2140 401 2174 Jurem',
426 2140 561 2176 Baccho,
586 2140 637 2171 cui
661 2147 776 2172 aeterna

113 2189 281 2230 juventus;
305 2188 348 2218 iv.
366 2189 420 2219 26.

166 2238 234 2268 100.
261 2237 344 2267 Huic
361 2238 443 2267 Deus
458 2238 613 2278 optandi]
640 2238 775 2268 Lactan-

118 2286 191 2321 tius,
217 2287 350 2325 Argum.
376 2291 398 2303 “
418 2286 546 2328 optandi
572 2287 694 2317 veniam
721 2287 776 2318 de-

118 2334 196 2365 dit.''
242 2334 408 2375 Hyginus:
444 2340 464 2352 “
490 2335 659 2377 deoptandi
690 2335 777 2366 dedit

118 2389 314 2425 potestatem,
332 2391 365 2414 ut
381 2384 533 2425 quidquid
550 2384 642 2414 vellet
658 2389 778 2425 peteret

120 2441 139 2462 a
152 2432 219 2462 se.''
251 2433 363 2462 Facere
378 2435 551 2469 arbitrium,
567 2433 716 2474 utfacere
731 2445 777 2464 co-

118 2482 210 2519 piam.
256 2481 382 2517 Inutile,
405 2482 619 2523 perniciosum.
663 2483 777 2513 Altore.

122 2528 224 2559 Sileno
241 2529 400 2560 nutritore.

165 2579 236 2608 106.
268 2577 486 2618 Berecynthius
520 2589 581 2608 non
608 2577 776 2619 Phrygius,

125 2625 180 2656 sed
203 2626 338 2666 Cybeles
362 2626 579 2667 Berecynthiae
598 2626 690 2662 filius,
706 2626 779 2667 quia

120 2674 246 2704 additur
262 2676 352 2711 heros,
370 2675 401 2706 id
420 2681 478 2712 est,
494 2676 573 2706 Deae
594 2676 685 2707 filius.
729 2675 779 2705 Sic

168 2723 266 2754 VOL.
285 2725 342 2754 IV.

849 1510 1026 1550 Philyreius
1041 1511 1134 1545 heros,
1155 1510 1328 1549 Neptunius
1342 1509 1433 1543 heras,
1444 1513 1505 1538 etc.

846 1558 992 1599 Hyginus
1014 1559 1081 1589 d.1.
1129 1563 1150 1575 “
1165 1559 1270 1589 Midas
1293 1568 1343 1588 rex
1371 1557 1504 1598 Mygdo-

847 1607 926 1643 nius,
943 1607 1023 1638 filius
1041 1607 1147 1638 matris
1165 1608 1278 1638 Deae.'’
1323 1607 1504 1637 Lactantius

845 1657 876 1686 iu
892 1659 1024 1697 Argum.
1039 1658 1101 1687 fab.
1112 1657 1153 1687 iv.
1177 1661 1196 1673 “
1210 1657 1273 1693 Qui
1288 1662 1392 1686 tamen
1408 1656 1502 1687 fertur

844 1704 952 1735 Midas
973 1715 1039 1735 esse
1058 1706 1170 1735 Matris
1188 1705 1314 1746 Magna}
1333 1704 1433 1734 filius:
1459 1704 1503 1734 sic

845 1753 927 1784 enim
939 1764 1010 1784 cum
1024 1753 1160 1784 Hesiodo
1173 1753 1326 1784 consentit
1338 1752 1504 1783 Ovidius.'’

847 1802 978 1837 Malum,
1001 1802 1128 1838 donum,
1152 1803 1236 1843 quod
1265 1802 1325 1844 ipsi
1349 1812 1419 1832 mox
1446 1801 1504 1832 erit

844 1850 1060 1892 perniciosum.
1087 1851 1319 1881 Praeserendum
1331 1850 1424 1891 igitur
1439 1861 1501 1880 ma-

846 1900 873 1929 lo
891 1900 936 1939 τῷ
954 1901 1041 1935 datis,
1059 1898 1141 1940 quod
1165 1900 1203 1929 ab
1226 1898 1294 1929 aliis
1314 1898 1501 1929 defenditur.

848 1947 1124 1988 Pollicizamfidem
1143 1954 1250 1982 tentat,
1266 1946 1438 1988 periculum
1457 1947 1503 1977 fa-

844 1995 898 2031 cit‚
916 2007 955 2027 an
971 1996 1046 2026 fides
1067 1996 1212 2026 habenda
1231 1995 1406 2036 promissis3
1430 1995 1502 2025 vide

844 2044 884 2075 ad
900 2055 961 2075 ver.
981 2046 1050 2076 135.
1096 2045 1158 2075 Sed
1173 2044 1216 2075 sic
1233 2055 1270 2074 ex
1287 2055 1348 2074 uno
1363 2043 1502 2074 Twisde-

844 2094 894 2123 nio
904 2094 973 2123 MS.
984 2093 1131 2124 Heinsius
1141 2093 1227 2123 (ledit
1236 2104 1289 2135 pro
1302 2093 1503 2133 Pollio-itique,

844 2142 925 2183 quod
951 2148 1054 2172 tuetur
1079 2142 1288 2177 Schirachius,
1314 2141 1388 2182 quia
1417 2142 1502 2172 nefas

843 2189 883 2219 sit
905 2190 957 2220 uni
983 2189 1091 2220 Codici
1114 2190 1207 2220 fidem
1232 2190 1357 2225 habere,
1381 2190 1502 2220 caeteris

843 2238 1053 2269 renuentibus.
1099 2237 1184 2268 Illud
1209 2237 1309 2277 magis
1332 2238 1500 2279 poeticum,

843 2297 951 2317 sensus
971 2293 1075 2316 tamen
1095 2293 1201 2317 manet
1216 2285 1309 2316 idem.
1356 2287 1437 2316 Fast.
1453 2286 1498 2316 iii.

844 2336 919 2366 366.
946 2337 1114 2375 pollicitum
1144 2338 1253 2366 addere
1283 2337 1370 2364 dictis
1383 2336 1499 2374 fidem.-

845 2384 1168 2415 Pseudo-Lactantius
1178 2384 1216 2414 de
1229 2383 1362 2418 Pascha,
1376 2393 1439 2413 ver.
1450 2384 1501 2414 65.

841 2433 1008 2471 pollicitam
1025 2434 1226 2473 reddeficlem.
1260 2432 1399 2472 Singula,
1415 2432 1500 2463 aliud

844 2486 914 2522 post
926 2481 1023 2511 aliud.
1068 2481 1176 2510 Amor.
1193 2481 1214 2510 i.
1227 2482 1259 2510 5.
1275 2481 1395 2520 singula
1410 2492 1500 2520 quum

844 2531 948 2559 miror.
994 2529 1044 2559 Sic
1061 2528 1225 2570 aliquoties
1240 2527 1402 2559 Phaedrus.

892 2579 963 2608 108.
998 2579 1071 2613 Sibi,
1096 2588 1159 2608 suae
1184 2577 1253 2614 arti,
1277 2576 1327 2608 vix
1353 2577 1500 2609 credebat

845 2637 906 2667 prae
924 2625 1019 2656 nimia
1033 2626 1151 2657 laetitia.

978 2725 1006 2753 1)
1023 2723 1042 2752 <l
