1779 3130
347 163 975 206 METAMORPHOSEON
1009 163 1128 204 LIB.
1163 163 1306 204 XIII.
1431 164 1518 204 345

133 277 429 333 Innumerae,
456 279 638 340 quibus
664 285 739 325 est
760 278 933 324 eadem
960 278 1137 324 natalis
1162 278 1326 339 orig03

129 353 326 415 Terque
352 369 522 414 rogum
548 355 784 400 lustrant:
821 360 870 399 et
893 369 1138 400 consonus
1164 354 1268 400 exit
1292 354 1342 400 in
1368 369 1510 401 auras

129 429 226 475 Ter
249 429 476 490 clangor:
517 436 693 491 quarto
719 430 965 475 seducunt
989 437 1153 476 castra
1176 430 1358 476 volatu.
1414 433 1503 477 611

129 503 256 550 Tum
281 505 380 550 duo
404 505 597 550 diversa
621 505 792 567 populi
818 506 879 551 de
905 512 1044 567 parte
1068 505 1256 552 feroces

132 579 274 626 Bella
298 587 490 643 ger-unt,
518 580 790 641 rostrisque
817 588 866 626 et
891 581 1094 626 aduncis
1120 581 1367 642 unguibus
1394 582 1489 628 iras

130 654 397 710 Exercent,
426 657 630 718 alasque
655 656 963 719 adversaque
990 664 1192 719 pectora
1215 658 1428 704 lassant:

129 731 424 793 Inferiaeque
449 733 632 779 cadunt
657 733 808 779 cineri
833 741 1044 794 cognata
1068 734 1262 796 sepulto
1414 737 1509 780 615

132 807 380 870 Corpora;
423 825 578 870 seque
604 809 704 854 viro
730 809 842 856 forti
867 810 1135 857 meminere
1160 816 1367 856 creatas.

129 883 440 946 Praepetibus
466 885 642 931 subitis
668 902 847 932 nomen
872 886 989 932 facit
1014 893 1212 943 auctor3
1254 887 1316 932 ab
1342 887 1425 932 illo

129 959 476 1007 Memnonides
503 961 664 1014 dictae,
693 977 846 1023 quum
874 963 946 1008 sol
971 962 1200 1008 duodena
1224 963 1416 1025 peregit

131 1035 301 1096 Signa,
330 1037 568 1098 parentali
596 1037 823 1099 periturae
849 1037 1013 1084 Marte
1038 1039 1295 1085 rebellant.

129 1110 261 1173 Ergo
286 1112 393 1158 aliis
417 1113 627 1159 latrasse
654 1113 961 1176 Dymantida
983 1114 1147 1161 flebile
1171 1114 1328 1160 visum
1349 1131 1357 1161 :
1413 1117 1510 1162 620

170 1307 243 1336 610.
270 1307 430 1342 Consonus,
445 1306 519 1347 quia
534 1307 724 1348 conjunctim
737 1319 783 1339 so-

127 1361 214 1386 nant.
260 1355 390 1386 Ciofano
406 1355 486 1385 male
507 1355 611 1396 planet
628 1366 665 1386 ex
683 1367 744 1387 uno
758 1364 784 1387 et

128 1410 174 1433 ter·
195 1415 292 1434 sonus.
339 1404 411 1434 Erit
428 1405 460 1433 in
479 1415 579 1439 auras,
600 1404 633 1434 fit
654 1404 685 1434 in
704 1416 785 1436 aere.

129 1454 283 1483 Seducunt
303 1458 401 1482 castra
424 1453 503 1482 bene
523 1463 588 1493 pro,
609 1452 785 1488 discedunt,

128 1502 159 1532 in
185 1501 305 1532 diversa
333 1501 404 1531 loca
432 1501 557 1538 volant;
594 1502 677 1531 bella
704 1503 784 1532 enim

125 1555 247 1590 gerunt.
294 1550 439 1588 Ροριιίιιε,
468 1556 502 1579 ut
530 1561 600 1591 gens
637 1556 668 1580 et
704 1551 786 1592 apud

128 1600 257 1630 Graecos
277 1599 378 1635 ἔθνος,
398 1609 479 1640 saepc
501 1598 541 1628 de
563 1598 785 1630 animantibus.

130 1648 256 1678 Diversa
268 1649 304 1677 cle
317 1654 413 1686 parte,
429 1647 568 1688 partibus
584 1648 683 1678 factis.
721 1649 787 1679 Irus

127 1702 288 1732 ωενεείιες
314 1695 384 1725 vide
401 1696 440 1725 ad
457 1695 511 1724 xii.
528 1697 601 1725 581.

171 1745 244 1776 615.
270 1745 449 1786 Inseriffllue
467 1746 591 1780 cudunt,
608 1746 686 1785 εἶα]
720 1746 785 1776 Pli-

129 1794 209 1830 nius,
223 1805 253 1824 Χ.
265 1795 324 1824 26:
352 1798 371 1810 ‘¹
385 1793 536 1823 Auctores
547 1800 630 1828 sunt,
643 1794 787 1824 omnibus

128 1843 217 1873 annis
246 1842 388 1872 advolare
426 1841 518 1872 Ilium
556 1852 592 1872 ex
625 1841 785 1883 AEthiopia

129 1902 213 1927 aves,
236 1897 267 1922 et
288 1890 452 1931 confligere
473 1890 512 1920 ad
533 1890 712 1920 Memnonis
736 1896 784 1921 tu-

127 1941 258 1976 mulum,
283 1950 360 1981 quas
379 1940 418 1969 ob
439 1939 470 1969 id
491 1939 713 1969 Memnonidas
733 1950 785 1970 vo-

125 1995 209 2020 cant.
254 1989 323 2019 Hoc
340 1987 422 2018 idem
439 1987 546 2028 quinto
562 1998 684 2029 quoque
703 1998 785 2018 anno

126 2039 227 2069 facere
249 2047 302 2068 eas
324 2037 355 2067 in
383 2036 544 2077 AEthiopia
565 2037 649 2067 circa
668 2036 785 2077 regiam

127 2085 315 2120 Memnonis,
328 2085 520 2126 exploratum
537 2085 594 2115 sibi
611 2084 787 2116 Cremutius

126 2133 258 2164 tradit.³'
307 2133 421 2163 Confer
441 2132 612 2168 IEIianum,
631 2133 708 2163 Nat.
724 2133 788 2163 An.

128 2194 157 2213 v.
175 2184 202 2213 1.
227 2181 436 2222 Hellespontii
452 2181 626 2217 tradebant,
642 2192 695 2212 eas
710 2192 786 2222 quo-

127 2231 229 2262 tannis
254 2230 293 2261 ad
324 2230 500 2260 Memnonis
528 2230 704 2271 sepulcrum
733 2230 787 2260 ad-

129 2279 268 2310 volantes
304 2278 432 2308 humum
469 2288 618 2314 everrere,
655 2288 787 2319 eamque

129 2338 211 2369 aqua
222 2327 330 2368 pennis
341 2327 473 2357 collecta
481 2337 640 2367 aspergere
653 2339 660 2363 ;
672 2327 787 2357 Pausa-

130 2377 208 2413 nias,
222 2388 254 2406 x.
273 2387 304 2417 p.
320 2377 394 2406 875.
418 2375 537 2406 Graecis
551 2375 612 2405 illae
629 2386 711 2411 aves,
724 2386 788 2405 mo-

129 2431 223 2456 nente
243 2426 435 2460 Burmanno,
451 2424 543 2454 dictae
559 2430 630 2454 sunt
650 2423 786 2465 ἀντίψυ-

130 2486 194 2514 χοι,
212 2474 286 2515 quia
306 2484 359 2515 pro
381 2473 485 2504 anima
506 2473 685 2504 Memnonis
700 2484 787 2503 suam

129 2521 275 2563 perdunt.
313 2522 407 2563 Apud
426 2523 465 2558 Q.
483 2522 661 2557 Calabrum,
678 2521 709 2552 ii.
725 2533 788 2553 ver.

130 2571 192 2601 550
222 2581 291 2611 sqq.
322 2570 405 2600 venti
435 2570 579 2600 auferunt
613 2571 790 2601 Memnonis

130 2629 252 2660 corpus,
268 2624 299 2649 et
314 2629 330 2648 e
346 2619 442 2659 guttis
460 2618 677 2649 decidentibus
696 2619 790 2649 oritur

133 2667 246 2696 fluvius
285 2667 526 2708 Paphlagonius,
566 2667 630 2707 qui,
672 2667 791 2708 quoties

183 2716 278 2746 voL.
296 2716 353 2746 iv.

854 1309 977 1338 funesta
988 1308 1166 1338 Memnonis
1179 1308 1245 1338 dies
1261 1308 1424 1344 illucescit,
1441 1320 1512 1340 san-

852 1356 1050 1396 guinolentus
1069 1357 1194 1387 labitur.
1240 1357 1359 1398 Corpus
1377 1369 1395 1388 a
1413 1358 1513 1388 ventis

853 1405 1017 1445 deponitur
1046 1406 1076 1435 in
1107 1405 1216 1446 sEsepi
1245 1405 1323 1447 ripa,
1357 1406 1462 1447 ibique
1493 1417 1511 1436 a

853 1454 1010 1494 Nymphis
1058 1455 1210 1485 extruitur
1267 1462 1513 1486 monumentum.

853 1502 973 1532 Milites
985 1503 1172 1539 Memnonis,
1182 1503 1257 1533 dum
1268 1503 1375 1544 lugent
1387 1504 1511 1540 ducem,

855 1551 893 1580 ab
919 1551 1039 1581 Aurora
1067 1558 1227 1581 mutantur
1256 1551 1286 1581 in
1316 1562 1401 1587 aves,
1429 1563 1510 1593 quae,

852 1600 992 1640 partibus
1016 1599 1117 1635 factis,
1134 1601 1300 1640 quotannis
1318 1608 1456 1642 pugnant
1471 1601 1511 1632 ad

853 1654 1086 1678 monumentum
1108 1648 1198 1684 illud,
1220 1649 1317 1679 donec
1341 1655 1395 1679 aut
1416 1649 1513 1680 altera

853 1696 981 1726 alteram
1003 1697 1158 1733 conficiat,
1181 1703 1234 1727 aut
1253 1697 1352 1727 ambae
1371 1705 1511 1738 pereant.

855 1745 1014 1775 l'urentali
1040 1746 1152 1781 Marte,
1177 1757 1291 1786 pugna,
1316 1757 1378 1786 qua
1401 1757 1509 1788 paren-

853 1799 945 1829 tatur,
968 1794 999 1823 li.
1025 1804 1055 1824 e.
1077 1793 1192 1824 inferiae
1214 1794 1292 1825 fiunt
1313 1794 1344 1824 in
1366 1795 1509 1825 honorem

853 1842 1030 1872 Memnonis
1045 1854 1053 1879 3
1080 1842 1187 1872 Amor.
1202 1843 1222 1873 i.
1234 1843 1298 1874 xiii.
1314 1845 1343 1874 3.
1359 1845 1399 1873 sic
1416 1844 1511 1874 Mem-

853 1892 937 1920 nonis
959 1893 1069 1921 umbris
1086 1892 1199 1921 Annua
1218 1893 1344 1922 sollemni
1364 1895 1440 1923 cade
1455 1905 1511 1933 pa—

853 1945 949 1968 rentet
965 1941 1040 1969 avis.

897 1988 971 2018 620.
1013 1988 1259 2028 Ergo—vismn.]
1317 1989 1377 2019 Hie
1409 2000 1514 2021 versus

853 2036 942 2066 deest
963 2036 994 2066 in
1014 2036 1134 2067 multis.
1183 2038 1384 2077 Dymantida,
1406 2039 1512 2069 Hecu-

852 2085 937 2121 bam,
958 2085 1128 2126 Dymantis
1151 2086 1246 2116 filiam
1269 2087 1424 2125 Homero;
1449 2089 1512 2119 Eu-

854 2134 957 2175 ripidi,
978 2134 1076 2164 Cissei
1098 2134 1178 2174 regis
1199 2135 1362 2173 Thraciae3
1390 2136 1460 2167 vide
1482 2143 1514 2167 et

854 2182 1091 2224 Apollodorum,
1117 2183 1180 2213 III.
1205 2183 1260 2214 xii.
1286 2187 1317 2214 5.
1362 2185 1459 2215 Rorut
1481 2188 1513 2216 in

850 2232 940 2261 orbe:
964 2231 1088 2261 Servius
1104 2230 1143 2261 ad
1155 2231 1243 2272 Virg.
1259 2233 1333 2262 AEn.
1349 2231 1369 2263 i.
1383 2234 1456 2263 493.
1473 2233 1512 2264 de

854 2281 1034 2316 Memnone,
1046 2282 1131 2319 cujus
1145 2286 1265 2310 mortem
1280 2288 1375 2311 mater
1390 2283 1513 2313 Aurora

854 2329 994 2368 hodieque
1022 2331 1171 2358 matutino
1199 2340 1265 2359 rore
1279 2331 1360 2370 flere
1387 2332 1513 2360 dicitnr.

856 2376 922 2406 Ros
940 2377 1121 2412 matutinus,
1137 2377 1226 2418 cujus
1244 2383 1348 2418 guttas
1363 2377 1395 2407 in
1410 2377 1513 2410 herbis

855 2431 886 2454 et
900 2425 1025 2455 floribus
1043 2424 1193 2461 videmus,
1209 2426 1331 2467 poetica
1348 2426 1513 2467 phantasia

854 2481 925 2504 sunt
954 2473 1088 2503 lacrimae
1119 2473 1266 2504 Aurorae:
1308 2474 1378 2505 ideo
1408 2481 1512 2506 autem

856 2529 913 2551 toto
931 2524 997 2552 orbe
1015 2527 1212 2563 sparguntur,
1230 2523 1374 2563 quoniam
1396 2530 1426 2554 et
1446 2524 1513 2566 ipsa

857 2571 977 2601 Aurora
989 2571 1192 2612 amplitudine
1209 2583 1275 2607 sua,
1287 2578 1383 2602 totum
1397 2575 1512 2610 orbem,

857 2619 1005 2650 arcticum
1023 2626 1109 2660 puta,
1128 2620 1355 2661 complectitur.

994 2719 1016 2748 Y
1036 2729 1054 2759 ῥ’
