1779 3130
239 163 323 205 224

631 158 681 199 Ρ.
715 158 926 200 OVIDII
960 158 1239 199 NASONIS

242 275 452 338 Templa
464 273 585 319 mari
601 273 829 328 subsunt,
844 289 934 319 uec
955 288 1196 319 marmore
1212 273 1359 326 clara,
1378 287 1467 318 nec
1484 287 1625 325 auro;

244 353 344 400 Sed
366 351 588 398 trabibus
608 349 792 405 densis,
810 350 1026 412 lucoque
1044 350 1276 396 umbrosa
1290 355 1508 395 vetusto:
1532 350 1628 394 360

241 427 486 475 Nereides
513 425 809 487 Nereusque
833 433 1032 472 tenent:
1073 426 1162 471 hos
1189 424 1354 471 navita
1376 423 1548 486 templi

242 503 414 550 Edidit
439 517 550 549 esse
576 498 728 555 ’1)005,
755 501 875 547 dum
900 501 1023 548 retia
1046 502 1187 547 litore
1213 501 1386 547 siccat.

239 580 425 626 Juncta
449 578 592 641 palus
618 578 731 623 111110
757 585 848 632 est,
875 577 1042 624 densis
1067 577 1274 623 obsessa
1298 576 1501 630 salictis,

240 656 404 710 Quam
429 653 760 714 restagnantis
786 653 904 699 fecit
929 653 1076 699 maris
1103 652 1237 698 unda
1261 652 1513 714 paludem.

242 732 382 787 Inde,
404 731 594 791 fragore
619 729 752 790 gravi
774 729 1056 792 strepitans,
1077 729 1186 775 loca
1209 727 1436 791 proxima
1460 734 1626 781 terret,

244 808 422 854 Bellua
439 813 592 860 vasta,
614 806 783 867 lupus3
815 805 1051 868 silvisque
1071 804 1374 867 palustribus
1394 803 1514 858 exit,
1531 806 1627 850 366

241 884 441 930 Oblitus
467 890 518 929 et
542 881 748 944 spumis,
777 890 826 928 et
850 882 1010 944 spisso
1038 881 1278 943 sanguine
1303 880 1455 928 rictus

242 960 553 1015 Fulmineos3
593 959 741 1005 rubra
765 959 981 1005 suffusus
1007 959 1193 1005 lumina
1216 958 1430 1004 flamma.

240 1037 353 1093 Qui,
382 1051 670 1099 quanquam
696 1036 833 1081 saevit
855 1036 1039 1098 pariter
1063 1035 1301 1097 rabieque
1326 1034 1573 1096 fameque,

241 1114 412 1160 Acrior
437 1121 515 1160 est
538 1112 701 1158 rabie:
743 1128 907 1175 neque
932 1112 1066 1159 enim
1085 1111 1276 1174 jejunia
1300 1117 1439 1157 curat

1529 1113 1626 1156 370

241 1190 394 1237 Caede
418 1190 570 1236 boum
595 1188 854 1251 diramque
879 1189 1059 1236 famem
1084 1188 1281 1243 satiare,
1309 1187 1397 1234 sed
1422 1203 1568 1233 omne

282 1322 356 1353 359.
372 1322 500 1361 Templa,
513 1332 579 1362 pro,
592 1323 742 1360 templum.
758 1322 898 1357 Subswzt,

239 1382 333 1412 prope
350 1377 432 1406 sunt,
446 1376 480 1401 ut
494 1381 557 1401 ver.
572 1371 648 1400 234.
680 1370 812 1401 Lenzius
829 1381 898 1401 vero

239 1426 355 1455 monet,
369 1419 494 1449 domum
509 1419 602 1449 Nerei
616 1426 646 1449 et
658 1418 829 1449 Nereidum
841 1420 898 1449 sub

237 1468 316 1498 mari
337 1467 490 1508 intelligi3
515 1467 629 1497 etenim
651 1474 682 1497 et
697 1467 774 1497 alios
788 1474 897 1508 poetas

239 1517 323 1547 lucos
348 1526 516 1546 memorare
539 1515 571 1545 in
592 1516 686 1546 fundo
706 1516 809 1546 maris.
855 1517 899 1547 At

240 1565 283 1595 ita
307 1572 411 1595 custos
434 1565 553 1605 pecoris
577 1564 702 1595 domum
726 1565 811 1594 illam
839 1576 897 1596 non

238 1614 385 1650 vidisset3
422 1624 523 1654 neque
556 1619 648 1655 poeta
681 1613 724 1644 sic
758 1614 900 1645 elocutus

237 1668 320 1693 esset
355 1662 441 1692 illam
478 1662 614 1692 (1011111111.
660 1663 746 1692 Bene
777 1662 900 1704 judicat

240 1712 370 1752 Gierig,·
395 1711 438 1741 sic
459 1716 490 1740 et
505 1711 656 1751 glossator
672 1711 786 1751 aliquis
806 1721 899 1752 supra

239 1761 274 1791 τὸ
291 1761 413 1790 subsunt
429 1758 551 1800 scripsit
569 1761 735 1798 adjuncta
748 1759 780 1789 in
797 1766 899 1790 nostro

239 1809 356 1839 Codice
374 1809 412 1838 B.
461 1808 552 1838 Clara
569 1814 624 1843 est,
642 1809 848 1850 splendentia,
866 1816 899 1840 ut

238 1858 270 1888 ii.
286 1859 316 1888 2.
343 1857 485 1887 Trubibus
500 1859 647 1892 umbrosa,
662 1859 793 1888 obscura
810 1859 898 1888 arbo-

238 1917 306 1936 rum
326 1906 446 1936 umbra.
493 1905 575 1942 Quia
591 1906 621 1935 in
638 1906 717 1936 lucis
738 1907 832 1937 saeris
851 1917 897 1938 ar-

238 1955 328 1985 bores
353 1953 472 1984 caedere
499 1964 559 1983 non
580 1954 713 1992 licebat3
739 1954 810 1985 hinc
837 1956 898 1986 fere

238 2013 360 2044 semper
386 2012 491 2032 eorum
516 2008 654 2037 vetustus,
679 2013 748 2043 quae
773 2008 804 2033 et
830 2004 899 2044 ipsa

240 2051 359 2092 aliquid
374 2050 548 2080 sanctitatis
562 2050 666 2087 babet,
677 2062 897 2082 commemora-

239 2106 299 2130 tur.
347 2099 457 2129 Tenent
480 2100 642 2140 templum,
658 2099 712 2141 qui
735 2101 766 2130 in
786 2111 821 2130 eo
843 2111 895 2131 00-

238 2149 354 2179 luntur.
370 2148 496 2182 Nat-ita,
510 2147 657 2188 piscator.
676 2149 747 2184 Pro,
762 2148 793 2178 in
808 2150 895 2179 litore

239 2207 376 2232 versans,
400 2196 510 2226 maluit
533 2197 699 2238 specialem
723 2202 755 2228 et
777 2203 897 2238 gratam

239 2246 355 2281 ideam,
384 2247 456 2275 dum
484 2247 559 2275 retia
591 2246 656 2286 (sin)
682 2247 768 2277 litore
796 2250 897 2277 siccut.

244 2295 361 2330 Edidit,
376 2293 496 2324 scilicet
511 2293 598 2324 1111111.

284 2344 359 2373 363.
384 2343 499 2372 Obsessa
522 2344 629 2378 densis,
645 2343 749 2373 cincta
771 2343 898 2379 salictis,

240 2391 272 2421 in
293 2392 406 2432 quibus
421 2391 517 2422 latere
537 2392 697 2422 commode
717 2398 748 2422 et
764 2402 898 2422 commo-

240 2440 299 2470 rari
323 2440 414 2480 lupus
435 2446 568 2482 poterat.
608 2441 899 2480 Quam—paludem.

241 2488 325 2518 Solet
338 2488 381 2518 ita
397 2485 624 2519 substantivum
637 2489 816 2530 praecedens
831 2496 899 2531 post

242 2537 406 2567 relativum
422 2537 531 2578 repeti,
545 2538 640 2569 etiam
657 2538 709 2568 ubi
725 2538 822 2568 oratio
839 2537 898 2568 mi·

243 2585 325 2615 nime
343 2586 501 2626 ambigua.

286 2635 361 2664 365.
387 2633 614 2675 [nde,f1'czg0re
637 2637 735 2676 gruri,
758 2636 835 2676 etc.]
863 2636 900 2666 In

245 2682 389 2713 vastitate
405 2682 470 2724 lupi
486 2690 517 2714 et
532 2684 653 2714 feritate
675 2684 819 2724 augenda
840 2695 899 2715 non

970 1321 1083 1351 nimius
1110 1326 1168 1356 est,
1192 1320 1285 1349 immo
1312 1318 1461 1360 praeclare
1488 1317 1627 1349 imitatur

968 1380 1139 1400 sermonem
1167 1369 1325 1399 hominum
1355 1373 1495 1409 portento
1522 1367 1628 1408 aliquo

967 1418 1263 1459 obstupefactorum.
1309 1415 1401 1446 Conf.
1419 1416 1578 1450 Horatius,
1599 1416 1626 1445 Ι.

967 1466 1029 1496 Od.
1049 1466 1123 1495 xxii.
1142 1467 1180 1495 13
1204 1475 1273 1505 sqq.
1288 1470 1319 1495 et
1344 1465 1458 1494 Noster
1481 1463 1548 1494 viti.
1564 1464 1627 1494 ‘282

966 1525 1034 1556 sqq.
1079 1515 1165 1550 Inde,
1181 1525 1219 1544 ex
1236 1513 1301 1544 istis
1316 1513 1455 1544 latibulis
1471 1513 1626 1554 prodiens.

971 1565 1104 1606 fragore
1117 1566 1205 1606 grati
1221 1566 1392 1603 strepitans,
1408 1570 1438 1593 et
1451 1563 1585 1605 plurima
1597 1570 1629 1594 et

968 1613 1116 1643 crassiora
1138 1611 1224 1653 ligna
1248 1612 1401 1653 frangens,
1426 1617 1459 1642 ut
1482 1612 1628 1652 strepitus

969 1662 1091 1703 longius
1108 1661 1277 1691 audiretur.
1302 1660 1414 1691 Audiri
1426 1666 1556 1702 poterat,
1567 1671 1627 1690 non

968 1709 1065 1741 videri
1087 1715 1210 1751 propter
1232 1709 1411 1739 salictorum
1431 1709 1628 1739 densitatem.

969 1760 1115 1799 siluisque
1129 1760 1326 1798 palustribus.
1357 1759 1556 1788 Burmannus
1572 1769 1625 1789 ne-

967 1813 1021 1848 gat
1034 1808 1144 1838 salicta
1155 1817 1236 1837 nuuc
1248 1806 1322 1837 satis
1334 1813 1404 1848 apte
1415 1808 1504 1837 silvas
1511 1807 1613 1837 vocari
1624 1819 1631 1844 ;

968 1856 1006 1887 de
1031 1868 1085 1887 suo
1110 1858 1203 1897 igitur
1223 1856 1310 1886 dedit
1335 1858 1475 1895 altisque.
1521 1856 1626 1895 Spisso,

968 1911 1123 1936 concreto.
1172 1905 1474 1943 It'ictztsszzlnzz‘ne055
1499 1904 1569 1935 vide
1587 1905 1626 1935 ad

967 1965 997 1984 x.
1014 1956 1086 1985 550.
1132 1955 1232 1995 Supra
1247 1953 1289 1983 iv.
1307 1953 1359 1983 96.
1398 1953 1483 1983 Venit
1500 1965 1563 1984 ecce
1578 1965 1625 1984 re-

967 2005 1044 2033 centi
1063 2003 1147 2033 Ctrde
1158 2003 1247 2032 leoena
1261 2003 1342 2031 boum
1354 2008 1521 2041 spumantes
1535 2004 1626 2032 oblita

966 2054 1068 2082 rictus.
1115 2050 1209 2081 Oculi
1239 2050 1347 2080 suffusi
1375 2052 1466 2080 rubra
1488 2052 1624 2089 flamma,

965 2101 1073 2131 rubore
1091 2100 1193 2140 igneo,
1211 2099 1319 2130 furoris
1336 2099 1433 2140 siguo.

1007 2150 1080 2180 369.
1105 2149 1206 2184 Saerz't,
1231 2149 1334 2178 omnia
1354 2154 1454 2178 vastat
1476 2155 1507 2179 et
1531 2151 1625 2180 truci-

963 2199 1028 2235 dat,
1041 2198 1290 2239 incitatusfame,
1303 2207 1372 2238 quae
1385 2198 1518 2228 multum
1531 2205 1625 2230 vexat

965 2247 1084 2289 lupum,
1114 2246 1197 2277 unde
1224 2247 1367 2285 improbas
1393 2248 1504 2276 ventris
1532 2249 1626 2277 rabies

967 2296 1050 2337 apud
1067 2295 1247 2336 Virgilium,
1264 2295 1393 2325 AEneid.
1408 2295 1439 2325 ii.
1456 2296 1529 2326 356.
1563 2296 1625 2326 Sed

967 2345 1030 2380 hic,
1049 2350 1197 2385 tanquam
1222 2344 1319 2385 tigris,
1335 2347 1444 2381 acrior,
1465 2344 1572 2374 saevior
1594 2350 1625 2376 et

967 2393 1142 2423 iracundior
1164 2398 1221 2427 est,
1240 2394 1328 2428 rabie,
1345 2400 1470 2434 propter
1492 2393 1623 2423 furorem

968 2452 986 2472 a
999 2442 1187 2473 Nereidibus
1201 2441 1229 2472 ei
1244 2442 1426 2472 immissum.
1452 2442 1577 2481 qunnia
1593 2442 1624 2473 id

967 2491 1183 2532 quodfamem.
1225 2492 1353 2526 satiare,
1371 2491 1490 2521 sedare.
1528 2492 1623 2527 Caede,

966 2550 1057 2571 carne
1076 2541 1170 2571 boum
1192 2551 1358 2570 exesorum:
1386 2552 1443 2569 non
1466 2547 1554 2570 curat
1577 2552 1621 2570 sa-

967 2591 1057 2624 tiare,
1075 2599 1135 2619 non
1153 2589 1228 2624 vult,
1244 2599 1303 2618 non
1322 2588 1353 2618 id
1370 2588 1444 2628 agit,
1461 2594 1494 2618 ut
1511 2588 1622 2619 famem

967 2637 1066 2672 sedet,
1083 2637 1132 2669 cui
1157 2637 1199 2668 rei
1223 2637 1376 2668 sufficeret
1396 2637 1444 2668 vel
1469 2648 1547 2668 unus
1568 2637 1623 2667 bos

968 2695 1077 2717 caesus.
