1779 3130
379 156 992 200 ME'PAMORPHOSEON
1028 157 1142 198 LIB.
1180 158 1266 199 XI.
1433 158 1516 198 ‘207

137 273 309 321 Monte
336 289 425 319 suo
451 274 614 321 senior
633 272 790 335 judex
816 271 1070 327 consedit3
1112 278 1162 317 et
1185 286 1327 319 aures

138 349 338 396 Liberat
363 350 618 396 arboribus
642 365 652 396 ι
692 364 879 411 quercu
903 363 1044 395 coma
1069 348 1250 395 caerula
1272 354 1465 395 tantuin

139 425 368 487 Cingitur
384 444 394 481 ;
424 432 474 471 et
488 425 708 488 pendent
724 424 911 471 circum
927 439 1048 470 cava
1058 423 1513 486 temporaglandes.

139 501 291 564 Isque
314 502 477 549 Deum
502 502 695 565 pecoris
722 508 980 564 spectans3
1011 506 1040 524 “
1061 499 1351 562 Injudice,”
1373 500 1517 556 dixit,

140 584 170 602 “
189 578 340 625 Nulla
353 594 489 625 mora
504 578 628 625 est.”
667 578 886 625 Calamis
903 577 1180 640 agrestibus
1197 576 1393 623 insonat
1408 577 1487 624 ille
1507 593 1518 623 ε

141 654 511 717 Barbaricoque
538 654 728 710 Midan,
756 655 926 702 aderat
951 669 1064 700 nam
1088 651 1212 699 forte
1238 653 1452 708 canenti,

143 736 377 783 Carmine
401 736 614 784 delenit:
655 744 769 800 post
791 737 920 783 hunc
947 751 1086 782 sacer
1110 750 1194 780 ora
1218 734 1414 780 retorsit

142 812 345 859 Tmolus
367 813 428 860 ad
449 829 503 859 os
530 812 729 869 Phoebi;
770 813 957 859 vultum
979 827 1068 858 sua
1092 811 1213 857 silva
1237 817 1408 857 secuta
1428 817 1518 857 est.

141 888 233 936 Ille
257 897 409 952 caput
431 890 612 936 flavum
636 890 773 935 lauro
798 887 1070 935 Parnaside
1095 887 1290 933 vinctus

144 1021 297 1057 scribitur,
314 1026 347 1052 ut
364 1020 436 1051 alibi
454 1020 591 1051 Inachus
614 1022 701 1052 Deus
716 1021 802 1051 fluvii

146 1070 267 1100 Inachi.
291 1070 382 1101 Conf.
395 1069 561 1111 descriptio
572 1069 710 1100 Atlantis
721 1069 802 1111 apud

145 1118 265 1153 Silium,
277 1119 299 1148 i.
312 1118 374 1148 205
387 1128 454 1159 sqq.
469 1118 618 1153 Consedit,
632 1118 804 1159 morejudi-

148 1178 230 1203 cum,
244 1167 327 1198 unde
344 1169 441 1197 sedere
452 1167 570 1208 proprie
586 1167 625 1197 de
637 1167 805 1207 judicibus.

149 1216 280 1247 Cinctus
303 1221 368 1246 erat
389 1216 551 1251 arboribus,
571 1215 690 1245 coronis
706 1215 804 1245 varia-

146 1276 214 1295 rum
236 1265 391 1299 arborum,
418 1264 492 1305 quia
517 1264 629 1294 montis
653 1274 804 1294 cacumen

148 1313 307 1344 arboribus
329 1313 497 1343 consitum:
526 1323 578 1343 eas
600 1323 683 1343 nunc
707 1313 803 1353 depo-

147 1363 203 1397 nit,
219 1361 273 1392 sed
293 1373 347 1403 pro
367 1372 403 1392 eo
422 1362 543 1397 melius,
564 1363 669 1391 liberat
691 1363 805 1391 arbori-

148 1414 223 1448 bus‚-
247 1411 373 1441 auribus
396 1410 477 1441 enim
503 1410 616 1452 apertis
639 1421 717 1452 opus
741 1416 806 1441 erat

146 1460 178 1491 in
191 1460 248 1490 hoc
259 1459 428 1490 certamine
437 1459 566 1490 musico.
584 1460 672 1489 Coma
683 1461 806 1495 carrula,

150 1509 226 1551 quia
242 1509 365 1539 arbores
379 1513 411 1538 et
427 1513 547 1538 montes
566 1507 728 1548 longinqui
745 1518 806 1538 cae—

148 1559 248 1589 rulum
266 1558 399 1588 colorem
415 1557 561 1588 referunt.
588 1557 666 1586 Cava
680 1563 808 1596 tempora

149 1606 265 1647 ingenii
291 1605 402 1636 summi
427 1616 559 1636 acumen
586 1616 648 1646 prae
676 1616 708 1636 se
731 1605 808 1636 ferre

151 1661 240 1697 putat
268 1654 428 1686 Ciofanus.
473 1655 518 1684 At
543 1654 637 1685 etiam
663 1654 751 1695 equis
778 1660 809 1685 et

148 1703 303 1745 juvencis,
333 1702 464 1744 aliisque
499 1703 709 1733 animantibus
737 1715 809 1734 caua

155 1759 283 1792 tempora
307 1751 493 1787 tribuuntur,
517 1757 548 1782 et
571 1751 691 1781 Atlanti
714 1752 811 1782 monti

154 1800 238 1842 apud
254 1799 373 1835 Silium,
390 1800 423 1830 d.
440 1800 461 1831 l.
499 1801 555 1830 Est
569 1800 671 1841 potius
687 1800 809 1842 epithe-

153 1855 204 1879 ton
222 1859 333 1879 ornans
347 1854 378 1878 et
399 1848 525 1879 solenne
544 1854 726 1889 temporum,
742 1859 812 1890 quae

155 1897 346 1938 depressiora
361 1898 481 1928 caeteris
495 1897 648 1938 partibus.

201 1946 272 1976 161.
297 1944 419 1975 Ins-onai
455 1956 538 1976 nunc
576 1944 689 1979 active,
718 1946 814 1976 canit.

156 1994 355 2025 Barbaricum
379 2006 498 2025 carmen
520 1994 648 2025 Safftius
665 1994 814 2036 interpre—

155 2049 238 2074 tatur
253 2045 437 2074 brrrbnrische
463 2043 568 2074 Toene.
621 2043 671 2073 Sic
688 2050 718 2074 et
732 2043 814 2074 Rod.

156 2098 250 2133 atque
274 2092 415 2122 Lenzius.
465 2093 533 2122 Imo
557 2094 743 2123 barbaricum
769 2098 816 2122 est

156 2140 339 2181 Phrygium.
384 2140 545 2181 Virgilius,
568 2141 631 2171 Cir.
659 2141 728 2171 166.
747 2142 813 2170 bar-

158 2190 257 2218 barica
268 2190 370 2223 Imaus,
383 2188 460 2219 tibia
470 2188 607 2229 Phrygia
619 2200 626 2226 3
638 2188 814 2229 Euripides,

160 2237 262 2278 Iphig.
278 2237 351 2267 Aul.
367 2237 441 2267 576.
454 2237 542 2267 Paris
554 2235 711 2278 βάρβαρα
727 2237 814 2278 συρί-

157 2286 223 2321 ζων
249 2285 402 2326 Φρυγίων
429 2285 548 2315 αὐλῶν.
594 2286 635 2316 Et
663 2286 816 2327 Phrygius

160 2336 272 2369 modus,
299 2334 352 2374 qui
374 2333 475 2363 nullos
504 2332 641 2364 habebat
664 2333 815 2370 modulos,

160 2382 308 2422 (Aristot.
319 2381 423 2412 Probl.
435 2388 510 2413 sect.
523 2381 585 2413 xix.
598 2383 625 2422 §.
636 2381 709 2421 49.)
723 2388 816 2423 atque

160 2431 193 2462 in
218 2431 313 2461 sacris
336 2430 552 2467 adhibebatur,
577 2431 747 2472 Porphyrio
770 2431 815 2462 di-

162 2479 241 2510 citur
276 2477 457 2520 βάρβαρος.
511 2479 645 2520 Phrygio
681 2480 817 2510 carmine

163 2527 306 2568 Phrygi-cn
322 2538 424 2568 regem
441 2527 568 2559 delenit.
613 2528 819 2570 Aderatforte

163 2586 235 2606 cum
262 2576 366 2607 multis
395 2577 464 2607 aliis
492 2576 706 2608 auditoribus:
747 2577 817 2608 vide

166 2633 228 2654 ver.
256 2625 328 2655 173.
374 2624 468 2667 Apud
491 2625 690 2665 Fulgentium
714 2625 819 2656 Midas

163 2672 259 2712 judex
280 2673 367 2704 sedet
388 2674 419 2704 in
445 2674 611 2705 certamine
634 2675 770 2714 Marsyoe
790 2680 820 2704 et

1433 889 1522 933 165

870 1025 1036 1068 Apollinis.
1060 1026 1193 1060 Delenic,
1204 1035 1256 1066 pro
1267 1026 1398 1060 definiit,
1411 1035 1448 1055 ex
1459 1024 1527 1055 Flo-

870 1075 990 1107 rentino
1006 1075 1037 1104 S.
1052 1074 1153 1104 Marci
1169 1073 1301 1104 restituit
1317 1074 1526 1109 Burmannus,

871 1129 903 1154 et
938 1123 982 1153 ita
1016 1133 1139 1163 semper
1168 1122 1364 1153 scribendum
1391 1122 1527 1163 judicat.

874 1172 982 1202 Codex
1008 1171 1128 1211 Regius
1153 1171 1182 1201 A
1207 1173 1337 1207 (leli'nit5
1373 1171 1478 1201 Codex
1502 1173 1529 1201 B

873 1222 1005 1250 definiit.
1061 1220 1163 1253 Sacer,
1192 1225 1227 1249 ut
1252 1219 1316 1249 viii.
1347 1220 1421 1249 597.
1452 1222 1528 1249 sacri

873 1280 983 1299 amnes.
1017 1269 1079 1297 Ora
1095 1270 1225 1298 retorsit.
1255 1267 1344 1298 Nihil
1361 1267 1457 1303 aliud,
1473 1268 1529 1298 nisi

873 1324 968 1358 caput
1001 1315 1122 1347 retorsit
1160 1327 1231 1346 cum
1265 1316 1329 1347 suis
1363 1315 1532 1347 frondibus,

873 1365 1008 1396 Lenzius
1029 1371 1135 1395 tamen
1158 1364 1216 1395 hoc
1241 1364 1341 1395 inesse
1365 1370 1463 1405 putat,
1485 1375 1532 1394 ar-

872 1415 962 1444 bores
990 1413 1175 1454 frondesque
1210 1412 1409 1443 auscultandi
1438 1423 1533 1443 causa

874 1468 983 1504 sponte
999 1471 1065 1491 esse
1082 1466 1214 1492 secutas.

919 1511 990 1541 165.
1016 1509 1073 1539 Ille
1088 1510 1315 1550 ccrputjlavuvm
1331 1510 1407 1549 etc.]
1439 1510 1533 1541 Nunc

874 1558 987 1600 Apollo
1005 1557 1107 1600 prodit
1128 1563 1160 1588 et
1181 1557 1290 1588 doctus
1312 1562 1343 1588 et
1366 1558 1486 1594 artifex,
1503 1566 1534 1589 et

875 1606 998 1648 egregie
1014 1612 1149 1636 ornatus.
1195 1606 1257 1642 Qui
1274 1605 1323 1636 hic
1340 1606 1535 1643 describitur,

876 1654 1000 1686 habitus
1024 1660 1091 1685 erat
1113 1654 1358 1685 citharoedorum
1379 1655 1476 1686 Auct.
1494 1655 1533 1686 ad

876 1705 992 1735 Heren.
1029 1703 1071 1734 iv.
1108 1704 1167 1733 47:
1207 1707 1226 1720 '‘
1242 1703 1297 1733 Uti
1331 1703 1534 1741 citharoedus,

877 1763 972 1793 quum
989 1751 1145 1794 prodierit,
1161 1751 1276 1793 optime
1293 1753 1433 1788 vestitus,
1449 1753 1536 1794 palla

878 1801 1020 1831 inaurata
1041 1799 1169 1831 indutus
1184 1811 1255 1831 cum
1277 1800 1443 1841 chlamyde
1464 1812 1536 1843 pur-

878 1859 986 1891 purea,
1002 1848 1155 1879 coloribus
1166 1848 1257 1879 variis
1272 1847 1402 1885 intexta,
1417 1854 1449 1879 et
1464 1859 1535 1880 eum

878 1908 991 1928 corona
1002 1907 1096 1927 aurea
1111 1897 1230 1937 magnis
1247 1896 1437 1937 fulgentibus
1450 1908 1536 1938 gem-

879 1946 937 1976 mis
951 1945 1138 1982 illuminata,
1154 1945 1306 1976 citharam
1323 1951 1432 1977 tenens
1448 1957 1536 1977 exor-

879 1994 1082 2030 natissimam,
1100 2004 1173 2025 auro
1188 1999 1220 2024 et
1236 1995 1327 2025 ebore
1347 1995 1537 2032 distinctam,

879 2043 944 2084 ipse
967 2049 1117 2084 praeterea
1141 2043 1236 2073 forma
1257 2048 1288 2073 et
1313 2043 1418 2085 specie
1436 2043 1487 2079 sit,
1508 2053 1539 2075 et

879 2097 998 2122 statura
1014 2091 1154 2132 apposita
1167 2091 1206 2121 ad
1219 2090 1439 2132 dignitatem.'’
1456 2092 1539 2123 Con-

882 2139 926 2170 fer
943 2141 1113 2175 Tibullum,
1130 2140 1192 2170 III.
1214 2140 1254 2170 iv.
1270 2142 1312 2171 25
1328 2151 1400 2182 sqq.
1448 2142 1539 2172 Pulla

882 2189 976 2219 vestis
1012 2189 1131 2229 longior
1167 2188 1295 2219 deorum
1333 2188 1538 2230 dearumque,

883 2242 1001 2273 vatum,
1018 2236 1259 2268 citharoedorum
1281 2243 1311 2268 et
1331 2238 1539 2278 tragoedorum

883 2295 954 2315 cum
969 2285 1062 2326 longo
1077 2290 1212 2326 syrmate
1226 2298 1232 2315 ε
1259 2285 1324 2316 vid.
1338 2286 1491 2317 Christius
1502 2287 1540 2317 de

883 2334 1005 2375 Imagg.
1029 2335 1203 2370 Musarum,
1216 2345 1245 2376 p.
1258 2337 1276 2365 5
1289 2346 1297 2372 3
1316 2340 1347 2365 et
1359 2335 1541 2366 Brouckhu-

883 2383 946 2414 sius
963 2383 1002 2414 ad
1016 2383 1188 2419 Tibullum,
1204 2384 1263 2415 lv.
1276 2383 1317 2414 vi.
1335 2385 1384 2414 13.
1408 2385 1542 2426 Longior

883 2432 938 2462 illa
966 2432 1070 2467 vestis,
1101 2443 1170 2473 quae
1204 2433 1266 2463 fere
1297 2432 1410 2463 dicitur
1429 2434 1541 2474 fluere,

875 2480 988 2522 fundi,
1010 2482 1141 2521 defluere
1159 2484 1198 2511 ad
1216 2483 1311 2521 pedes,
1323 2482 1425 2522 ferire
1446 2485 1540 2522 pedes,

886 2540 967 2560 nunc
983 2532 1075 2560 verrit
1089 2530 1221 2565 humum,
1237 2535 1271 2560 ut
1286 2529 1339 2561 vii.
1353 2531 1426 2561 706.
1441 2530 1472 2561 in
1487 2542 1540 2562 ex-

885 2578 1106 2609 cellentissima
1121 2579 1227 2609 Boreae
1244 2578 1460 2620 descriptione.
1476 2581 1539 2611 Ho-

886 2627 992 2662 ratius,
1014 2626 1054 2657 A.
1080 2627 1118 2657 P.
1146 2629 1220 2658 215.
1249 2629 1342 2658 traxit
1370 2639 1463 2669 vagus
1489 2641 1541 2668 per

887 2676 1004 2714 pulpita
1034 2683 1161 2713 vestem;
1195 2676 1348 2712 TibulluS‚
1372 2676 1403 2708 d.
1428 2677 1449 2707 l.
1477 2678 1540 2708 Ima
