1779 3130
214 164 298 206 228

603 160 653 200 P.
692 155 905 198 OVIDII
938 153 1218 197 NASONIS

218 277 342 324 Fata
367 277 560 323 sinunt:
592 272 857 334 Magnetas
880 269 985 317 adit
1007 284 1162 330 vagus
1188 266 1321 322 exul,
1350 273 1399 312 et
1423 265 1524 312 illic

220 353 384 401 Sumit
408 352 470 397 ab
498 348 758 395 Haemonio
783 345 1075 409 purgamina
1098 343 1250 390 caedis
1275 341 1478 389 Acasto.

283 427 432 474 VIII.
462 426 662 474 Interea
684 423 950 485 fratrisque
975 422 1066 476 sui,
1092 420 1394 481 fratremque
1419 417 1603 465 secutis

216 505 382 553 Anxia
406 502 642 566 prodigiis
666 501 892 548 turbatus
918 505 1119 562 pectora
1143 497 1305 559 Ceyx,

1505 495 1599 539 411

220 580 465 628 Consulat
488 585 544 624 ut
569 592 750 631 sacras,
777 575 1033 621 hominum
1057 571 1405 625 oblectamina,
1428 577 1602 625 sortes,

218 656 300 703 Ad
317 655 537 703 Clarium
556 660 699 717 parat
716 653 785 698 ire
808 651 971 698 Deum
989 667 998 697 :
1029 666 1143 697 nam
1166 648 1353 711 templa
1371 646 1605 710 profanus

222 732 363 779 Invia
387 747 500 778 cum
526 729 766 792 Phlegyis
791 727 1040 775 faciebant
1066 725 1313 788 Delphica
1336 724 1581 770 Phorbas.

221 891 261 927 ei,
278 891 332 932 qui
349 890 446 926 caede,
463 888 616 922 adulterio
635 887 791 929 similique
807 886 882 916 faci>

222 950 295 970 nore
308 950 340 970 se
359 939 522 980 polluerat,
539 937 634 968 sacris
649 937 795 967 interesse
809 935 883 965 lice-

221 989 288 1023 bat,
313 994 367 1018 aut
391 987 508 1028 templa
532 986 630 1021 adire,
655 985 713 1015 nisi
736 984 886 1014 lustratus

223 1043 316 1067 antea
339 1042 430 1071 esset,
454 1039 530 1076 quae'
546 1034 689 1065 lustratio
712 1043 794 1074 aqua
814 1033 886 1062 viva

222 1092 277 1116 aut
300 1085 431 1121 marina,
454 1084 613 1126 sulphure,
630 1084 755 1113 flamma
777 1082 884 1112 fiebat.

222 1134 399 1165 Secundum
426 1133 502 1164 alios
524 1133 572 1164 bis
594 1132 710 1164 Peleus
731 1131 881 1162 lustratus

221 1190 278 1219 est,
303 1189 426 1225 propter
455 1182 555 1212 fratris
578 1180 697 1211 caedem
721 1181 759 1210 ab
783 1180 881 1221 Eury-

223 1233 315 1268 tione,
353 1238 394 1267 et,
431 1232 600 1272 Eurytione
637 1229 810 1265 intersectO,
843 1230 882 1260 ab

224 1283 341 1316 Acasto,
366 1280 444 1311 Iolci
467 1290 548 1321 rege.
579 1278 799 1320 Apollodorus,
819 1279 882 1308 III.

226 1329 291 1360 xiii.
308 1331 322 1359 1
341 1340 388 1370 sq.

269 1378 451 1407 410—748.
469 1377 548 1417 Ceyx
559 1382 590 1407 et
606 1376 775 1417 Halcyone.
793 1375 883 1406 Conf.

225 1427 381 1468 Hyginus,
402 1426 466 1456 fab.
489 1426 541 1456 65.
564 1431 595 1456 et
619 1426 776 1455 Lucianus
794 1425 886 1455 Halc.

224 1481 302 1505 tom.
317 1475 340 1504 i.
356 1486 386 1516 p.
403 1476 475 1504 129.
494 1474 546 1515 qui
570 1474 696 1504 eosdem
717 1484 787 1503 cum
804 1474 885 1503 Nos-

226 1529 271 1553 tro
303 1529 444 1553 auctores
472 1523 571 1552 secuti
599 1522 755 1559 videntur,
786 1532 885 1562 quan-

226 1582 322 1612 quam
343 1572 452 1612 paucis
470 1581 535 1600 rem
555 1570 724 1611 attingunt.
767 1570 832 1599 Alii
857 1570 888 1599 in

224 1619 330 1649 multis
346 1619 542 1650 dissentiunt.
571 1618 647 1649 Vid.
664 1618 887 1659 Apollodorus,

226 1668 253 1697 Ι.
269 1668 322 1698 vii.
339 1669 379 1705 43
395 1668 499 1698 Schol.
518 1667 645 1698 Homeri
658 1667 697 1697 ad
714 1667 753 1698 II.
768 1668 788 1698 i.
803 1669 887 1704 558;

227 1716 331 1746 Schol.
353 1716 582 1757 Aristophanis,
608 1727 637 1758 p.
664 1717 748 1753 552;
782 1715 887 1746 Schol.

227 1764 383 1795 Theocriti
411 1765 450 1794 ad
474 1765 523 1795 Id.
544 1764 597 1794 vii.
617 1765 676 1802 573
699 1765 824 1794 Tzetzes
849 1764 888 1794 ad

229 1813 474 1854 Lycophronem.
490 1825 523 1855 p.
542 1814 581 1844 69
595 1826 602 1851 3
624 1813 749 1843 Servius
765 1813 804 1843 ad
816 1814 886 1844 Vir-

228 1862 348 1902 gilium,
379 1862 496 1902 Georg.
521 1863 542 1892 i.
568 1863 647 1892 399:
674 1862 818 1892 Lutatius
848 1862 887 1892 ad

228 1910 373 1946 Statium,
398 1910 440 1940 ix.
459 1910 557 1940 Theb.
577 1911 650 1940 361.
695 1910 799 1940 Etiam
824 1910 886 1940 He-

227 1959 333 1989 siodus
355 1959 423 1989 haee
449 1959 553 1989 forsan
577 1964 782 1989 tractaverat:
808 1966 890 1990 certe

230 2007 414 2043 Athenaeus,
427 2008 459 2038 ii.
474 2019 505 2048 p.
522 2009 574 2038 49.
590 2018 715 2038 carmen
735 2008 802 2048 ejus
823 2009 888 2038 lau-

230 2055 284 2085 dat
295 2055 424 2093 Κὴϋκος
440 2055 544 2097 γάμος
559 2056 754 2097 inscriptum.
778 2057 891 2087 Noster

229 2105 389 2135 exornavit
410 2105 491 2135 hanc
511 2105 650 2136 fabulam
675 2105 891 2145 copiosissimis

230 2152 436 2194 tempestatis,
453 2154 569 2189 Somni,
586 2153 730 2195 Morphei
754 2153 890 2195 descrip-

234 2201 380 2231 tionibus.
439 2203 480 2232 Et
510 2207 558 2231 est
582 2201 612 2231 in
640 2201 891 2232 elaboratissimis

231 2250 324 2292 hujus
339 2250 440 2291 operis
460 2249 610 2291 partibus,
626 2250 658 2280 in
679 2251 791 2291 quibus
806 2251 891 2281 Auc-

231 2304 277 2329 tor
298 2299 347 2329 vel
371 2299 504 2329 maxime
527 2299 690 2340 ingenium
713 2299 890 2330 ostentavit.

231 2347 335 2388 Elegit
363 2348 560 2378 traditionem
597 2357 677 2383 eam,
710 2357 780 2388 quae
810 2347 891 2388 ipsos

232 2396 441 2426 commendat.
475 2396 645 2427 Consilium
658 2397 782 2437 Ceycis.
816 2398 889 2426 Mu-

233 2444 308 2474 tatio
337 2445 438 2475 fratris
462 2445 494 2475 in
519 2445 700 2486 accipitrem
727 2449 807 2482 (ver.
828 2447 888 2475 291

234 2492 320 2533 sqq.)
346 2498 376 2524 et
398 2494 492 2534 paulo
516 2499 584 2534 post
608 2494 700 2534 lupus
729 2493 815 2524 Pelei
845 2504 892 2524 ar-

235 2548 342 2570 menta
361 2541 519 2572 trucidans
534 2541 595 2571 vim
611 2541 819 2583 prodigiorum
837 2542 891 2572 ha-

233 2588 362 2624 bebant,
373 2590 484 2629 quibus
497 2591 645 2625 turbatus,
656 2590 892 2631 perterrefactus

238 2635 324 2676 Ceyx
340 2636 517 2677 Apollinem
533 2638 707 2669 consultum
723 2638 798 2668 abit.
829 2638 890 2668 Ho-

237 2686 351 2714 minum
374 2686 579 2722 obtectanzimr,
595 2686 708 2727 quibus
733 2686 893 2717 oblectan—

952 891 1000 916 tur
1024 885 1164 916 homines
1187 884 1220 914 in
1238 883 1339 918 malis,
1355 882 1469 924 quibus
1487 881 1609 923 pellunt

952 934 1102 964 malorum
1127 932 1296 964 molestias.
1325 932 1366 963 V.
1383 931 1476 961 Trist.
1498 930 1552 960 xii.
1580 931 1609 959 1.

952 984 1097 1013 oblectare
1132 983 1231 1012 studio
1269 980 1450 1011 lacrimabile
1487 986 1610 1017 tempus.

952 1031 1042 1062 Male
1062 1031 1155 1072 igitur
1174 1035 1206 1061 et
1228 1029 1376 1060 Heinsius
1396 1039 1435 1059 ex
1456 1038 1517 1058 uno
1538 1028 1608 1057 MS.

953 1080 1078 1111 Sixiano
1092 1080 1216 1121 praefert
1231 1080 1340 1108 homini
1357 1076 1612 1116 lactamina‚quia

953 1129 1080 1160 oracula
1098 1129 1238 1159 homines
1251 1138 1304 1169 spe
1319 1137 1401 1157 vana
1415 1124 1610 1161 lactaverint,

949 1178 1036 1219 (quis
1060 1177 1141 1208 enim
1169 1176 1289 1212 eredat,
1312 1175 1412 1206 ridere
1437 1175 1468 1205 h.
1483 1176 1506 1205 l.
1532 1174 1609 1204 Ovi-

948 1227 1035 1257 dium
1051 1227 1178 1257 oracula
1189 1225 1321 1256 voluisse
1332 1226 1361 1263 Ἴ.)
1375 1231 1405 1254 et
1419 1224 1496 1254 Tan.
1509 1224 1610 1254 Faber

949 1275 1107 1311 emendat,
1126 1276 1281 1309 solamina,
1296 1279 1448 1308 metuens,
1464 1278 1498 1302 ut
1518 1273 1610 1302 oblec-

950 1328 1063 1356 tamina
1091 1324 1167 1355 satis
1189 1334 1226 1354 ex
1248 1323 1399 1363 dignitate
1415 1322 1611 1352 oraculorum

951 1375 1070 1404 (lictum
1085 1373 1137 1403 sit.
1183 1373 1232 1402 De
1253 1372 1354 1401 Clario
1372 1372 1435 1401 Deo
1450 1370 1520 1400 vide
1534 1369 1574 1400 ad
1590 1370 1611 1401 i.

952 1424 1025 1454 515.

995 1473 1071 1501 414.
1108 1471 1259 1511 Phlegyae,
1294 1479 1370 1511 gens
1406 1468 1612 1500 Orchomeni-

951 1531 1052 1555 orum,
1069 1526 1099 1550 et
1114 1519 1230 1550 strenui
1246 1525 1333 1550 erant
1346 1519 1513 1548 bellatores
1529 1518 1611 1559 (Ho-

954 1581 1068 1605 merus,
1094 1570 1132 1600 Il.
1158 1573 1200 1600 N.
1223 1569 1314 1608 301.)
1339 1575 1370 1599 et
1398 1568 1540 1598 homines
1565 1567 1612 1598 in-

955 1618 1151 1649 solentissimi
1189 1624 1283 1659 atque
1320 1617 1522 1658 rapacissimi,
1560 1616 1614 1658 qui

955 1667 1111 1709 Apollinis
1133 1667 1211 1697 adeo
1227 1666 1373 1708 Delphici
1394 1667 1542 1707 templum
1567 1667 1615 1697 di-

956 1716 1127 1758 ripuerunt.
1173 1716 1254 1746 Hinc
1292 1726 1398 1746 omnes
1434 1716 1616 1747 fulminibus

956 1765 1066 1800 missis,
1097 1771 1183 1795 terrae
1215 1765 1349 1795 motibus
1375 1770 1406 1795 et
1435 1765 1615 1806 pestilentia

956 1814 1111 1855 absumpti
1138 1819 1222 1844 sunt.
1268 1814 1442 1844 Pausanias
1463 1815 1567 1845 Boeot.
1583 1825 1616 1856 p.

958 1864 1031 1892 782.
1073 1863 1212 1898 Phorbas,
1229 1873 1290 1892 non
1306 1862 1445 1902 Argiuus
1459 1862 1522 1898 ille,
1539 1863 1616 1904 Argi

956 1911 1049 1946 filius,
1077 1912 1165 1952 cujus
1195 1917 1327 1941 stemma
1356 1911 1528 1941 Pausanias
1553 1912 1615 1942 Co-

956 1961 1050 1991 rinth.
1075 1972 1105 2001 p.
1125 1962 1195 1991 145.
1217 1967 1249 1990 et
1270 1960 1373 1990 Schol.
1394 1960 1551 2002 Euripidis
1574 1961 1614 1991 ad

958 2010 1062 2039 Orest.
1086 2020 1151 2038 xer.
1181 2009 1255 2039 930.
1283 2009 1442 2044 exhibent,
1471 2010 1498 2039 is
1533 2009 1616 2040 enim

959 2057 1113 2098 antiquior
1126 2057 1243 2098 Ceyce,
1254 2057 1308 2087 sed
1320 2057 1403 2087 haud
1412 2057 1505 2088 dubie
1514 2058 1614 2088 Phor-

958 2106 1013 2136 bas
1039 2106 1181 2140 Olenius,
1206 2106 1303 2146 Ceyci
1333 2106 1475 2147 aequalis,
1501 2107 1554 2148 qui
1584 2107 1616 2138 in

959 2165 1063 2196 pugna
1080 2154 1282 2196 Lapitharum
1298 2155 1377 2185 infra
1392 2155 1446 2186 xii.
1463 2157 1536 2186 322.
1550 2166 1615 2186 me-

959 2209 1106 2233 moratur.
1156 2203 1319 2244 Prqf'anus,
1335 2210 1528 2246 contemptor
1551 2205 1617 2235 De-

959 2262 1056 2288 orum,
1073 2252 1125 2293 qui
1150 2262 1210 2282 non
1233 2252 1323 2282 modo
1345 2253 1452 2283 obvios
1474 2254 1616 2294 cogebat,

960 2307 994 2330 ut
1008 2301 1149 2342 pugilatu
1164 2311 1270 2331 secum
1281 2307 1445 2337 certarent,
1456 2302 1615 2344 victosque

959 2351 1103 2385 necabat,
1119 2349 1173 2379 sed
1195 2349 1280 2380 Deos
1305 2349 1382 2380 adeo
1405 2350 1487 2392 ipsos
1507 2362 1616 2392 provo-

960 2397 1058 2427 cando
1095 2397 1279 2428 lacessebat.
1336 2398 1468 2428 Occisus
1498 2405 1545 2429 est
1575 2400 1615 2430 ab

958 2446 1117 2486 Apolline.
1140 2446 1243 2476 Schol.
1264 2447 1356 2476 Hom.
1373 2446 1413 2476 ad
1428 2446 1470 2477 11.
1484 2451 1527 2478 Ψ.
1543 2448 1617 2479 660.

960 2494 1093 2529 Itu-inm,
1112 2494 1151 2524 ad
1167 2495 1251 2535 quod
1267 2495 1316 2524 via
1332 2505 1392 2524 non
1408 2500 1488 2525 tuta.
1526 2496 1617 2526 Dixit

950 2542 1120 2583 faciebant,
1143 2543 1218 2584 quia
1238 2544 1361 2585 praefert
1381 2544 1543 2586 pluralem,
1561 2546 1615 2576 ubi

960 2591 999 2621 de
1021 2592 1162 2632 pluribus
1181 2593 1282 2632 agitur
1305 2603 1359 2634 per
1377 2605 1443 2624 cum
1467 2594 1615 2635 conjunc-

960 2639 1020 2676 tis;
1058 2640 1127 2671 vide
1155 2641 1176 2671 i.
1207 2642 1282 2671 320.
1319 2641 1424 2682 ibique
1460 2642 1615 2674 Burman-

960 2699 1045 2719 num.
