1779 3130
358 149 977 192 METAMORPHOSEON
1010 150 1125 193 LIB.
1151 150 1261 192 XV.

1419 152 1503 193 427

117 260 264 308 Nunc
285 279 484 325 quoque
501 264 570 310 sic
589 265 688 311 lata
706 273 782 312 est
796 266 1043 313 sententia
1063 266 1217 313 tristis
1235 284 1245 323 ;
1274 272 1324 312 et
1338 265 1497 313 omnis

118 336 353 384 Calculus
379 339 618 386 immitem
643 340 924 387 demittitur
947 348 1051 388 ater
1075 342 1123 387 in
1149 357 1338 388 urnam.

112 410 235 464 Quae
261 415 407 460 simul
433 415 608 462 effudit
632 418 963 464 numerandos
989 433 1130 463 versa
1154 418 1366 480 lapillos,
1431 421 1494 464 45

112 488 358 536 Omnibus
384 507 411 538 e
438 492 576 552 nigro
601 493 734 539 color
759 502 835 540 est
860 501 1078 540 mutatus
1103 495 1151 540 in
1178 495 1373 550 album3

112 564 440 629 Candidaque
466 567 715 616 Herculeo
741 570 991 617 sententia
1014 585 1218 616 munere
1244 571 1376 616 facta

113 641 270 689 Solvit
294 643 650 693 Alemoniden:
692 655 855 708 grates
881 648 984 708 agit
1009 647 1089 693 ille
1115 648 1305 709 parenti

107 717 567 783 Amphitryoniadae
590 740 599 777 ;
641 723 904 785 ventisque
930 722 1210 769 faventibus
1236 739 1406 785 aequor

110 793 324 856 Navigat
351 796 559 853 Ionium,
587 797 1122 861 Lacedaemoniumque
1141 798 1411 845 Tarentum
1432 801 1495 845 50

109 868 352 926 Praeterit,
381 881 432 920 et
459 874 689 937 Sybarin,
721 874 1134 936 Salentinumque
1162 874 1418 929 Neretum,

107 944 455 1011 Thurinosque
481 950 633 1005 sinus,
661 950 1025 1012 Temesenque,
1054 958 1103 996 et
1137 950 1337 1013 Iapygis
1361 966 1492 997 arva.

108 1022 307 1087 Vixque
333 1027 612 1089 pererratis,
641 1044 752 1090 quae
779 1035 1008 1091 spectant
1031 1028 1188 1082 litora,
1217 1028 1376 1082 terris,

109 1098 305 1148 Invenit
331 1103 520 1150 AEsarei
546 1104 713 1151 fatalia
737 1104 952 1149 fluminis
983 1119 1091 1158 ora3
1430 1107 1490 1149 54

107 1176 215 1224 Nee
230 1181 404 1242 procul
420 1181 533 1227 hinc
547 1182 810 1236 tumulum,
829 1182 920 1226 sub
939 1197 1038 1243 quo
1055 1187 1248 1226 sacrata
1261 1180 1491 1227 Crotonis

107 1252 239 1300 Ossa
262 1257 465 1316 tegebat
489 1257 696 1303 humus:
730 1258 974 1319 jussaque
1000 1257 1065 1302 ibi
1094 1256 1272 1302 moenia
1297 1263 1427 1303 terra

107 1328 360 1387 Condidit,
389 1339 439 1378 et
463 1348 643 1380 nomen
669 1333 897 1380 tumulati
922 1332 1075 1379 traxit
1099 1332 1148 1378 in
1174 1333 1363 1379 urbem.

146 1452 199 1481 47.
223 1452 612 1494 Camlislttqzte—riiztizere.]
635 1454 764 1484 Plurimi

104 1501 156 1537 (ut
192 1501 287 1542 Regii
324 1503 415 1532 ambo
451 1502 591 1541 codices)
628 1505 764 1533 nmnine.

103 1548 203 1579 Paulo
229 1550 391 1586 audacius,
418 1551 529 1592 lapilli,
559 1551 672 1592 quibus
694 1562 765 1582 sen-

103 1597 202 1628 tentia
245 1598 475 1635 declarabatur,
520 1599 645 1630 candidi
691 1600 765 1630 facti

102 1652 190 1677 erant
214 1648 364 1678 beneficio
390 1648 545 1679 Herculis.
590 1648 684 1678 Solvit
711 1659 764 1689 pro

103 1695 272 1737 composito
288 1696 431 1727 absolvit.
477 1697 611 1727 Lenzius
627 1697 764 1738 conjicit,

99 1744 222 1784 judices
243 1744 338 1787 ipsos,
359 1745 520 1776 Alemonis
539 1745 657 1776 somnio
681 1757 764 1776 com-

104 1798 214 1828 motos,
230 1793 317 1823 albos
333 1793 493 1824 demisisse
510 1793 660 1823 calculos.

147 1842 199 1872 50.
226 1842 543 1882 Tarentumpunierit,
559 1843 637 1882 etna]
676 1844 765 1873 More

102 1900 157 1920 suo
180 1891 319 1921 nominat
347 1902 450 1921 rursus
474 1892 564 1932 plura
588 1892 668 1926 loca,
693 1902 763 1932 quae

103 1938 155 1968 ille
178 1939 369 1980 praeterierit.
415 1940 683 1975 Lacedamonizun,
704 1950 764 1980 quo

104 1988 343 2025 Lacedaemonii,
373 1989 452 2019 duee
482 1989 650 2023 Phalanto,
679 1989 761 2019 colo-

104 2037 186 2067 niam
211 2037 425 2075 ‹leduxerunt3
456 2038 639 2073 Pausanias,
666 2037 763 2069 Phoc.

104 2098 133 2127 p.
151 2088 234 2124 822;
257 2087 412 2122 Justinus,
431 2087 474 2118 iii.
490 2089 520 2117 4.
566 2088 616 2117 De
638 2087 763 2127 reliquis

104 2134 173 2164 vide
189 2135 339 2170 Plinium,
353 2135 395 2166 iii.
412 2137 443 2165 ll
460 2148 466 2165 z
495 2138 643 2174 Oppidum
664 2136 762 2171 Croto,

102 2185 197 2213 amnis
235 2185 386 2214 Neaethus.
433 2186 581 2224 Oppidum
617 2184 763 2214 Thur-ium

104 2234 184 2263 iuter
208 2236 281 2263 «tuos
299 2244 397 2263 amnes
419 2235 549 2263 Arathia
572 2240 597 2263 et
622 2234 763 2273 Sybarin,

106 2282 155 2311 ubi
166 2281 239 2321 suit
259 2283 330 2311 urbs
348 2284 444 2312 eodem
468 2283 594 2311 nomine.
644 2281 763 2311 Deinde

104 2330 244 2370 pluribus
257 2330 435 2371 interjectis,
455 2330 567 2360 Rwrion
583 2336 653 2359 aute
669 2330 763 2369 Iapyiz

105 2392 123 2408 a
140 2380 349 2418 Dudulifilio,
365 2392 382 2408 α
398 2391 453 2419 qno
469 2386 495 2409 ct
515 2378 654 2419 Iapygia.
702 2379 764 2409 Ne-

105 2435 212 2464 retum,
226 2428 308 2468 quod
324 2439 356 2458 se
373 2428 466 2458 etiam
482 2428 597 2458 Lenzio
612 2427 764 2469 probavit,

103 2477 257 2513 dedimus,
274 2478 431 2507 Neaezhum
446 2477 537 2507 Enim
559 2476 679 2517 Regius
695 2476 762 2506 nul<

103 2527 162 2556 lam
188 2526 281 2556 aliam
305 2528 344 2556 ob
367 2537 493 2557 causam
516 2525 644 2561 invexit,
669 2536 763 2566 quam

102 2576 184 2616 quod
202 2575 394 2612 meminerat,
412 2575 595 2605 Strabonem
614 2575 697 2604 hunc
716 2574 762 2604 fa-

102 2634 173 2654 cere
199 2624 429 2654 Sallentinorum
460 2623 599 2653 fluvium.
656 2624 764 2653 Posset

105 2673 205 2703 forsan
233 2678 265 2703 et
290 2683 361 2703 cum
390 2679 522 2713 quatuor
546 2671 708 2702 Vaticanis
735 2677 762 2701 et

831 1454 928 1484 altero
944 1454 1112 1485 Caelestino
1133 1454 1269 1484 Veretum,
1284 1453 1375 1484 scribi
1391 1465 1399 1491 3
1428 1454 1490 1484 Pli-

833 1502 911 1538 nius,
931 1503 994 1533 ΙΙΙ.
1009 1503 1041 1532 ii.
1057 1513 1082 1532 s.
1100 1503 1150 1532 16.
1175 1502 1399 1532 Salentinorum
1421 1504 1490 1532 Ate-

832 1553 899 1587 tz'ni,
916 1552 1066 1587 Neretini,
1082 1551 1244 1586 Valentini,
1262 1550 1400 1581 l'eretini.
1416 1552 1490 1581 Pto-

832 1601 959 1631 lemaeus
979 1600 1105 1641 quidem
1128 1599 1174 1629 iii.
1194 1600 1221 1630 l.
1243 1605 1274 1629 et
1298 1600 1443 1630 Neretum
1461 1604 1493 1629 et

836 1649 992 1679 Vei-etrum
1009 1649 1040 1679 in
1059 1648 1294 1679 mediterraneis
1315 1648 1491 1678 salentino-

832 1708 897 1727 rum
924 1698 1026 1738 ponit3
1053 1698 1106 1727 sed
1132 1697 1207 1727 talia
1227 1696 1360 1727 Ovidius
1383 1707 1491 1738 parum

831 1746 961 1776 curavit.
984 1747 1033 1776 De
1053 1746 1179 1780 Temesu,
1197 1746 1271 1775 urbe
1292 1745 1491 1782 Bruttiorum,

832 1794 964 1824 vidimus
980 1795 1019 1824 ad
1037 1794 1089 1824 vii.
1104 1795 1178 1824 207.
1218 1793 1278 1823 Sed
1297 1804 1363 1823 eam
1381 1800 1490 1835 praete-

829 1843 887 1873 rire
915 1853 973 1873 non
1003 1848 1114 1883 potest,
1146 1843 1198 1883 qui
1227 1853 1243 1872 e
1269 1842 1393 1872 Graecia
1422 1853 1492 1883 pro-

831 1891 941 1927 fectus,
953 1891 1074 1921 Aisaris
1085 1890 1164 1921 ostia
1176 1891 1263 1931 petit.
1286 1890 1398 1931 ltaque
1410 1891 1488 1921 Bur-

832 1951 973 1977 mannus,
988 1947 1151 1981 postquam
1173 1941 1329 1975 Crimisen,
1347 1940 1492 1970 Cameren,

830 1996 883 2019 aut
912 1990 1055 2020 'I'emenen
1093 1989 1303 2030 reponendum
1341 1995 1490 2025 suaserat,

831 2039 942 2073 credit,
972 2040 1121 2069 Nostrum
1156 2043 1298 2068 secutum
1327 2048 1392 2068 esse
1427 2048 1490 2073 eOS,

831 2087 883 2128 qui
923 2087 1056 2117 Temesen
1092 2086 1221 2117 eandem
1254 2082 1362 2116 urbem
1396 2086 1489 2116 fuisse

831 2136 991 2175 putarunt,
1008 2146 1076 2175 quae
1099 2140 1130 2164 et
1150 2134 1374 2165 Brundusium.
1426 2135 1491 2164 Alii

832 2183 931 2213 aliter.
1229 2188 1232 2193 '

874 2233 926 2261 54.
952 2232 1085 2267 Familia,
1111 2232 1150 2261 ab
1177 2230 1314 2260 Hercule
1339 2229 1367 2260 ei
1394 2230 1489 2270 assig-

832 2287 917 2310 nata.
965 2280 1043 2309 Liria
1067 2280 1148 2309 enirn
1172 2285 1244 2308 sunt
1266 2289 1314 2313 ea,
1342 2288 1410 2318 quae
1435 2278 1489 2308 Dii

831 2328 943 2357 santur.
988 2327 1056 2357 Nisi
1072 2327 1170 2362 dicas,
1187 2326 1355 2356 Herculem
1369 2327 1432 2356 fato
1446 2326 1490 2357 sic

833 2377 955 2407 volente
973 2377 1017 2406 ita
1030 2376 1169 2417 jussisse.
1202 2376 1328 2406 Sacrata
1342 2380 1372 2406 et
1387 2381 1491 2405 sancta

832 2431 921 2455 erant
939 2425 1093 2466 sepulcra,
1118 2425 1191 2465 quia
1216 2424 1335 2459 violari,
1359 2423 1488 2459 moveri,

832 2474 927 2505 deleri
939 2474 1005 2504 sine
1018 2484 1111 2515 poena
1122 2484 1182 2503 uon
1194 2478 1348 2514 poterant.
1372 2473 1492 2503 Hamus

831 2525 884 2553 sub
900 2525 1015 2553 tinnulo
1034 2524 1106 2564 tegit
1125 2533 1184 2552 ossa
1199 2533 1216 2552 e
1236 2532 1376 2552 sermone
1391 2522 1489 2563 poeti-

831 2582 867 2602 co
897 2572 1110 2602 Romanorum
1136 2571 1236 2606 fluxit,
1267 2581 1283 2600 e
1309 2580 1370 2611 quo
1395 2570 1489 2601 etiam

834 2620 994 2661 Virgilius,
1008 2620 1124 2660 Georg.
1143 2619 1184 2649 iv.
1196 2620 1270 2654 457,
1281 2619 1370 2654 dixit,
1388 2619 1489 2649 Tellus

823 2670 937 2708 fundit
952 2670 1038 2699 humo
1053 2670 1159 2699 nictum
1174 2680 1183 2704 ‚¹
1208 2667 1277 2698 vide
1294 2667 1333 2698 ad
1349 2668 1475 2699 xi.603.
