1779 3130
264 209 320 248 48
654 205 704 245 P.
738 202 952 246 OVIDII
985 202 1264 244 NASONIS

266 319 537 383 Impositus
564 319 710 374 lecto,
734 317 927 380 sponda
950 316 1267 380 pedibusque
1295 314 1497 375 salignis
1518 331 1526 360 :

261 395 501 442 Vestibus
520 394 651 440 hunc
667 393 849 448 velant,
867 407 993 455 quas
1019 408 1117 438 non
1138 391 1231 437 nisi
1257 398 1480 453 tempore
1505 389 1635 437 festo

262 472 496 519 Sternere
515 475 835 524 consuerant3
866 468 955 515 sed
980 475 1032 515 et
1051 468 1157 514 haec
1182 466 1394 529 vilisque
1410 474 1652 528 vetusque

259 547 427 595 Vestis
452 554 574 602 erat,
602 547 731 593 lecto
753 561 852 591 non
878 544 1182 606 indignanda
1207 543 1415 605 saligno.

1556 545 1651 590 659

259 625 555 671 Accubuere
583 622 705 669 Dei:
746 637 970 668 mensam
997 621 1255 667 succincta
1277 628 1596 681 tremensque

259 700 410 748 Ponit
433 717 583 756 anus3
623 714 807 745 mensae
834 698 924 744 sed
950 705 1057 744 erat
1080 713 1169 760 pes
1195 696 1371 743 tertius
1397 696 1582 758 impar3

260 777 414 825 Testa
436 792 606 841 parem
630 775 775 823 fecit:
813 790 926 838 quae
951 780 1222 838 postquam
1248 772 1448 819 subdita
1472 772 1652 818 clivum

261 853 491 908 Sustulit,
517 860 765 915 aequatam
790 859 971 898 mentae
995 858 1182 898 tersere
1205 849 1436 896 virentes.

258 929 470 976 Ponitur
492 928 573 974 hic
599 928 785 974 bicolor
810 927 1014 973 sincerae
1040 928 1197 973 bacca
1224 925 1478 980 Minervae,

261 1072 320 1113 Ep.
336 1081 387 1101 xit.
403 1072 435 1100 4.
486 1070 590 1105 Torus,
607 1070 765 1112 pulvinus,
782 1069 835 1110 qui
862 1069 919 1099 im-

259 1119 384 1161 ponitur
398 1118 536 1160 spondae.
582 1119 614 1149 Is
628 1118 743 1160 plumis
765 1117 922 1148 confertus

261 1178 328 1198 esse
357 1167 489 1203 solebat,
519 1167 561 1198 xi.
587 1168 667 1203 610;
709 1166 764 1197 sed
801 1166 833 1196 in
862 1166 921 1197 hac

260 1216 366 1252 domo,
407 1215 497 1246 ulvis.
552 1215 649 1256 Apud
687 1214 841 1256 Hyrieum
868 1214 922 1245 Dii

253 1265 434 1305 flumineam
468 1266 528 1294 lino
549 1265 716 1294 celantibus
741 1265 851 1299 alvum,
874 1264 922 1293 Sic

262 1324 374 1353 quoque.
393 1324 452 1343 non
476 1314 546 1343 altis
562 1314 724 1343 incubuere
744 1314 826 1342 loris.
867 1312 920 1342 Sa-

263 1363 365 1403 Zignis,
392 1372 489 1402 quum
519 1361 665 1391 ditiorum
688 1361 797 1391 lectuli
826 1361 922 1403 pedes

260 1409 414 1441 haberent
442 1411 607 1440 eburneos.
654 1410 728 1440 Post
756 1409 838 1440 hunc
855 1420 922 1440 ver-

262 1469 331 1489 sum
353 1459 428 1489 656.
451 1458 540 1488 multi
555 1458 705 1495 inserunt,
721 1459 922 1489 Concutiunt-

261 1518 316 1547 que
336 1508 407 1547 (ant
429 1514 695 1546 consternuntque,
713 1510 918 1538 constituunt-

261 1567 327 1596 que,
343 1554 581 1596 conficiuntque)
598 1562 695 1586 torum
711 1557 747 1586 de
762 1557 918 1597 molliflzt-

261 1607 349 1636 minis
362 1606 445 1635 ulva.
482 1605 576 1635 Hunc
592 1615 715 1635 versum
732 1616 792 1636 non
807 1616 919 1647 agnos-

262 1660 338 1684 cunt
353 1660 436 1684 recte
452 1652 547 1684 nostri
563 1652 671 1694 Regii.

307 1703 380 1733 657.
421 1703 564 1737 Vestibus,
601 1702 759 1743 stragulis.
818 1702 922 1732 l'elare

261 1751 388 1782 solenne
419 1750 451 1781 in
476 1751 536 1781 hac
562 1761 606 1781 re.
655 1751 738 1785 Quas
763 1762 832 1787 nan,
861 1758 921 1781 etc.

261 1800 352 1831 Trist.
381 1800 420 1831 V.
445 1811 474 1831 v.
499 1801 529 1830 7.
557 1811 619 1839 qnae
644 1801 730 1830 semel
753 1807 811 1830 toto
841 1802 924 1831 vestis

261 1851 393 1879 sumitur
415 1860 516 1885 anno5
540 1848 658 1879 Tibull.
676 1849 721 1879 Π.
737 1848 770 1879 ii.
787 1850 817 1879 7.
839 1851 924 1879 vestis

261 1900 397 1938 seposita.
448 1897 549 1932 Vetus,
578 1897 729 1927 obsoleta.
776 1897 846 1927 Non
877 1900 922 1927 in-

262 1948 431 1987 dignanda,
447 1956 516 1987 quae
538 1956 598 1976 non
618 1945 754 1976 habebat
773 1956 827 1976 cur
842 1946 925 1977 lecto

263 1994 489 2034 indignaretur,
515 1995 543 2024 ei
571 1994 768 2024 conveniens.
823 1994 924 2025 Aliter

264 2044 348 2085 apud
370 2043 551 2084 Virgilium,
574 2043 701 2074 AEneid.
726 2043 745 2073 i.
769 2044 842 2074 697.
868 2056 921 2073 αυ-

264 2094 394 2132 lcrisjum
412 2103 440 2122 se
454 2093 560 2133 regina
577 2093 711 2131 superbis
727 2094 829 2122 Aurea
846 2104 922 2123 com-

261 2144 359 2181 posuit
373 2143 494 2180 sponda.

307 2190 380 2220 660.
413 2189 587 2225 succincta,
617 2189 758 2231 adeoque
794 2190 923 2229 sedula3

263 2238 307 2268 ix.
337 2239 388 2268 89.
412 2238 524 2268 Horat.
551 2239 618 2268 Sat.
645 2239 689 2269 II.
713 2238 754 2268 vi.
785 2239 855 2269 107.
883 2239 921 2270 de

262 2298 349 2318 mure
379 2288 507 2322 urbano,
537 2289 629 2317 veluti
656 2290 826 2318 succinctus
852 2300 922 2318 cur-

262 2337 333 2365 sitat
350 2336 459 2373 hospes.
508 2335 611 2375 Tripes
629 2347 726 2365 mensa
744 2342 810 2366 erat
823 2336 855 2366 in
871 2348 921 2367 su-

261 2384 419 2426 pellectile
432 2385 647 2426 pauperiorum
660 2385 819 2416 hominum
834 2398 842 2424 3
858 2387 922 2416 Ho-

262 2440 321 2463 rat.
339 2434 404 2463 Sat.
420 2433 446 2464 Ι.
463 2433 506 2464 iii.
525 2435 574 2464 13.
596 2434 650 2464 ubi
670 2434 741 2464 vide
767 2435 922 2476 Interpre—

262 2489 320 2513 tes.
365 2483 505 2519 Sustulit,
521 2482 769 2524 inaequalitatem
783 2485 921 2521 abstulit,

261 2534 330 2571 pecli
345 2533 498 2563 submissa
513 2539 603 2564 testa.
636 2534 816 2575 Plerumque
829 2545 920 2576 spon-

262 2581 315 2621 gia
333 2580 407 2621 tergi
429 2592 537 2612 mensa
556 2582 688 2618 solebat,
705 2594 788 2614 nunc
810 2591 919 2620 wiema,

263 2630 301 2660 de
316 2640 378 2670 qua
392 2630 462 2660 vide
479 2642 509 2662 x.
526 2632 599 2662 729.
647 2632 787 2669 Tei-sere,
812 2633 919 2664 Codex

264 2679 307 2708 A.
324 2685 477 2709 eilersere.

307 2727 379 2758 664.
398 2728 528 2758 Ponitur
544 2729 590 2758 hic
607 2730 727 2763 bicolor,
747 2729 825 2769 etc.]
853 2731 919 2760 Has

988 1069 1097 1110 epulas
1122 1079 1177 1099 suo
1199 1068 1291 1099 modo
1314 1073 1408 1110 poeta
1428 1067 1586 1103 instruxit,
1608 1067 1652 1098 ita

990 1117 1129 1158 quidem,
1153 1123 1187 1148 ut
1210 1117 1399 1159 frugalitatis
1421 1122 1451 1147 et
1470 1116 1591 1147 eximiae
1616 1116 1653 1146 li-

989 1166 1161 1197 beralitatis
1185 1166 1365 1197 societatem
1392 1165 1425 1196 in
1454 1165 1502 1196 his
1527 1165 1653 1196 senibus

990 1215 1235 1246 commendaret.
1294 1215 1415 1245 Multos
1444 1214 1538 1255 igitur
1567 1214 1652 1245 cibos

991 1264 1128 1305 apponit,
1149 1263 1203 1294 sed
1220 1263 1374 1304 inemptos
1388 1273 1507 1299 omnes,
1532 1273 1652 1293 eorum-

991 1323 1051 1353 que
1075 1313 1187 1343 missus
1216 1312 1292 1343 facit
1321 1319 1392 1343 tres.
1438 1313 1562 1343 Sincera
1589 1311 1652 1343 Mi-

992 1372 1081 1391 nerra
1098 1372 1167 1403 quae
1191 1361 1240 1396 sit,
1257 1361 1446 1403 disputatur.
1493 1360 1654 1402 Crispinus

991 1409 1221 1452 interpretatur,
1237 1416 1367 1441 castam.
1413 1409 1562 1440 Heinsius
1577 1411 1652 1441 bac-

992 1469 1061 1489 cam
1078 1466 1248 1495 recentem,
1264 1465 1295 1489 et
1308 1459 1392 1490 nullo
1403 1459 1468 1489 sale
1484 1465 1538 1489 aut
1553 1459 1654 1490 muria

992 1507 1168 1545 conditam3
1193 1518 1264 1537 nam
1281 1507 1375 1537 etiam
1394 1507 1477 1549 apud
1494 1507 1652 1538 Columel-

989 1557 1062 1592 lam,
1086 1557 1128 1586 xi.
1152 1557 1205 1587 50.
1229 1558 1378 1586 sincerum
1408 1562 1439 1587 et
1461 1558 1537 1596 quod
1562 1558 1652 1588 salem

990 1607 1110 1644 recepit,
1129 1605 1188 1635 sibi
1210 1605 1336 1646 opponi.
1382 1606 1583 1636 Burmannus
1602 1606 1650 1637 in-

989 1653 1115 1694 telligit,
1128 1664 1187 1684 non
1202 1653 1321 1689 laesam,
1335 1654 1546 1696 incorruptam
1560 1666 1568 1693 3
1580 1666 1651 1686 nam

990 1703 1074 1743 apud
1087 1703 1237 1733 Nostrum
1253 1703 1283 1733 in
1296 1704 1387 1733 Nuce
1402 1714 1491 1734 versu
1508 1705 1560 1734 22.
1573 1715 1651 1741 esse,

991 1753 1057 1782 laesa
1084 1753 1197 1788 baccam
1231 1758 1262 1782 et
1290 1752 1375 1793 apud
1403 1752 1598 1789 Suetonium,
1619 1754 1652 1784 in

990 1801 1074 1841 Aug.
1089 1802 1141 1831 40.
1157 1803 1306 1831 sincerum
1321 1801 1487 1842 opponitur
1502 1810 1652 1843 corrupto.

991 1850 1154 1881 Invehitur
1178 1850 1211 1881 in
1239 1861 1312 1882 eum
1338 1851 1538 1882 Schiraehius
1566 1852 1649 1889 ideo,

991 1899 1075 1940 quod
1091 1899 1129 1930 de
1147 1900 1247 1930 bacca
1266 1900 1486 1941 interpretatus
1502 1901 1551 1937 sit,
1568 1902 1652 1942 quod

993 1947 1126 1978 Ovidius
1142 1947 1182 1978 ad
1198 1948 1376 1979 Minervam
1393 1949 1543 1981 retulerit.
1580 1950 1652 1991 Ipse

991 2006 1061 2026 cum
1093 1997 1231 2027 Gesnero
1259 1997 1291 2027 in
1319 1997 1478 2028 Thesauro
1507 1998 1655 2040 intelligit

991 2045 1144 2086 integram
1172 2046 1365 2076 Minervam.
1421 2046 1465 2077 At
1495 2047 1569 2088 quid
1607 2054 1655 2079 est

991 2093 1115 2135 integra
1144 2095 1313 2125 Minerva?
1338 2095 1396 2126 hoc
1423 2096 1558 2137 amplius
1586 2103 1652 2128 erat

991 2143 1224 2185 explicandum.
1256 2143 1411 2184 Equidem
1425 2145 1564 2181 arbitror,
1577 2156 1652 2186 poe-

991 2197 1055 2222 tam
1085 2203 1146 2223 non
1175 2192 1353 2223 Minervam
1384 2193 1484 2224 Deam
1523 2194 1652 2226 laudare

992 2241 1136 2277 voluisse,
1160 2241 1215 2272 sed
1242 2242 1372 2272 baccam
1397 2242 1571 2283 appositam
1595 2243 1649 2274 de-

990 2288 1136 2326 scribere,
1150 2295 1181 2320 et
1195 2290 1350 2326 retulisse,
1365 2301 1450 2321 more
1463 2292 1563 2332 poetis
1576 2302 1650 2322 con-

990 2343 1090 2375 sueto,
1106 2339 1144 2369 ad
1161 2338 1258 2375 illam,
1278 2339 1359 2380 quod
1376 2345 1441 2370 erat
1456 2340 1651 2371 referendum

991 2387 1031 2417 ad
1056 2387 1147 2419 hane.
1194 2388 1294 2429 Capio
1317 2388 1411 2429 igitur
1431 2399 1502 2419 cum
1523 2389 1653 2420 Heinsio

991 2436 1030 2467 de
1047 2437 1149 2468 bacca
1170 2448 1231 2467 non
1254 2437 1396 2476 condita3
1421 2448 1493 2468 nam
1510 2449 1580 2468 mox
1596 2449 1651 2480 op-

990 2493 1147 2527 ponuntur
1185 2498 1275 2517 corna
1316 2488 1448 2517 condita.
1508 2487 1652 2524 Ponitur,

990 2536 1166 2576 apponitur.
1213 2535 1344 2571 Bit-olor,
1369 2535 1476 2566 viridis
1496 2542 1528 2566 et
1552 2536 1650 2577 nigra.

989 2584 1100 2617 Cornu.
1117 2595 1296 2626 quanquam
1313 2584 1455 2626 lapidosa
1475 2590 1507 2615 et
1529 2585 1561 2615 in
1585 2585 1647 2615 vic-

987 2640 1019 2663 tu
1046 2634 1175 2670 infelici,
1202 2636 1278 2665 sEn.
1307 2634 1353 2664 iii.
1379 2635 1452 2664 649.
1477 2640 1649 2671 numerata,

986 2682 1104 2713 condiri
1127 2690 1231 2714 tamen
1255 2684 1397 2714 solebant
1421 2682 1571 2713 olivarum
1601 2683 1648 2714 in—

987 2736 1061 2760 star.
