<?xml version="1.0" encoding="UTF-8"?>
<!DOCTYPE html PUBLIC "-//W3C//DTD XHTML 1.0 Transitional//EN"
    "http://www.w3.org/TR/xhtml1/DTD/xhtml1-transitional.dtd">
<html xmlns="http://www.w3.org/1999/xhtml" xml:lang="en" lang="en">
 <head>
  <title>
</title>
<meta http-equiv="Content-Type" content="text/html;charset=utf-8" />
  <meta name='ocr-system' content='tesseract 3.04.00' />
  <meta name='ocr-capabilities' content='ocr_page ocr_carea ocr_par ocr_line ocrx_word'/>
</head>
<body>
  <div class='ocr_page' id='page_1' title='image "./povidiinasonisop04oviduoft_0201.png"; bbox 0 0 1779 3130; ppageno 0'>
   <div class='ocr_carea' id='block_1_1' title="bbox 367 157 1242 201">
    <p class='ocr_par' dir='ltr' id='par_1_1' title="bbox 367 157 1242 201">
     <span class='ocr_line' id='line_1_1' title="bbox 367 157 1242 201; baseline 0 -1"><span class='ocrx_word' id='word_1_1' title='bbox 367 158 989 201; x_wconf 88' lang='lat' dir='ltr'><strong>METAMORPHOSEON</strong></span> <span class='ocrx_word' id='word_1_2' title='bbox 1022 157 1141 201; x_wconf 89' lang='lat' dir='ltr'><strong>LIB.</strong></span> <span class='ocrx_word' id='word_1_3' title='bbox 1175 158 1242 201; x_wconf 70' lang='lat' dir='ltr'>X}</span> 
     </span>
    </p>
   </div>
   <div class='ocr_carea' id='block_1_2' title="bbox 1416 160 1501 202">
    <p class='ocr_par' dir='ltr' id='par_1_2' title="bbox 1416 160 1501 202">
     <span class='ocr_line' id='line_1_2' title="bbox 1416 160 1501 202; baseline 0.012 -1"><span class='ocrx_word' id='word_1_4' title='bbox 1416 160 1501 202; x_wconf 81' lang='lat'>189</span> 
     </span>
    </p>
   </div>
   <div class='ocr_carea' id='block_1_3' title="bbox 116 273 1507 945">
    <p class='ocr_par' dir='ltr' id='par_1_3' title="bbox 116 273 1310 488">
     <span class='ocr_line' id='line_1_3' title="bbox 116 273 1260 329; baseline 0.001 -10"><span class='ocrx_word' id='word_1_5' title='bbox 116 273 320 320; x_wconf 84' lang='lat' dir='ltr'>Invidiae</span> <span class='ocrx_word' id='word_1_6' title='bbox 346 280 564 320; x_wconf 81' lang='lat' dir='ltr'>mutatus</span> <span class='ocrx_word' id='word_1_7' title='bbox 590 274 744 320; x_wconf 77' lang='lat' dir='ltr'>e1·it?&#39;’</span> <span class='ocrx_word' id='word_1_8' title='bbox 785 273 868 320; x_wconf 85' lang='lat' dir='ltr'>Sic</span> <span class='ocrx_word' id='word_1_9' title='bbox 893 273 1008 329; x_wconf 80' lang='lat' dir='ltr'>fata,</span> <span class='ocrx_word' id='word_1_10' title='bbox 1036 290 1260 321; x_wconf 86' lang='lat' dir='ltr'>cruorem</span> 
     </span>
     <span class='ocr_line' id='line_1_4' title="bbox 116 349 1310 412; baseline 0 -16"><span class='ocrx_word' id='word_1_11' title='bbox 116 349 334 396; x_wconf 80' lang='lat' dir='ltr'>Nectare</span> <span class='ocrx_word' id='word_1_12' title='bbox 359 350 561 396; x_wconf 82' lang='lat' dir='ltr'>odorato</span> <span class='ocrx_word' id='word_1_13' title='bbox 587 350 796 412; x_wconf 79' lang='lat' dir='ltr'>sparsit:</span> <span class='ocrx_word' id='word_1_14' title='bbox 837 350 923 412; x_wconf 92' lang='lat' dir='ltr'>qui</span> <span class='ocrx_word' id='word_1_15' title='bbox 948 357 1112 397; x_wconf 79' lang='lat' dir='ltr'>tactus</span> <span class='ocrx_word' id='word_1_16' title='bbox 1138 351 1200 396; x_wconf 82' lang='lat' dir='ltr'>ab</span> <span class='ocrx_word' id='word_1_17' title='bbox 1228 351 1310 396; x_wconf 89' lang='lat' dir='ltr'>illo</span> 
     </span>
     <span class='ocr_line' id='line_1_5' title="bbox 117 424 1195 488; baseline 0.001 -17"><span class='ocrx_word' id='word_1_18' title='bbox 117 424 375 479; x_wconf 88' lang='lat' dir='ltr'><strong>Intumuit,</strong></span> <span class='ocrx_word' id='word_1_19' title='bbox 404 425 490 479; x_wconf 86' lang='lat' dir='ltr'>sic,</span> <span class='ocrx_word' id='word_1_20' title='bbox 518 432 573 470; x_wconf 86' lang='lat' dir='ltr'>ut</span> <span class='ocrx_word' id='word_1_21' title='bbox 598 425 764 487; x_wconf 87' lang='lat' dir='ltr'>pluvio</span> <span class='ocrx_word' id='word_1_22' title='bbox 790 426 1046 488; x_wconf 81' lang='lat' dir='ltr'>perlucida</span> <span class='ocrx_word' id='word_1_23' title='bbox 1069 427 1195 472; x_wconf 87' lang='lat' dir='ltr'>coelo</span> 
     </span>
    </p>

    <p class='ocr_par' dir='ltr' id='par_1_4' title="bbox 119 501 1507 945">
     <span class='ocr_line' id='line_1_6' title="bbox 121 501 1503 564; baseline 0.003 -18"><span class='ocrx_word' id='word_1_24' title='bbox 121 501 334 562; x_wconf 80' lang='lat' dir='ltr'>Surgere</span> <span class='ocrx_word' id='word_1_25' title='bbox 360 502 496 547; x_wconf 79' lang='lat' dir='ltr'>bulla</span> <span class='ocrx_word' id='word_1_26' title='bbox 520 502 673 548; x_wconf 87' lang='lat' dir='ltr'>solet:</span> <span class='ocrx_word' id='word_1_27' title='bbox 704 517 794 547; x_wconf 87' lang='lat' dir='ltr'>nec</span> <span class='ocrx_word' id='word_1_28' title='bbox 820 502 970 564; x_wconf 83' lang='lat' dir='ltr'>plena</span> <span class='ocrx_word' id='word_1_29' title='bbox 989 501 1181 564; x_wconf 87' lang='lat' dir='ltr'>longior</span> <span class='ocrx_word' id='word_1_30' title='bbox 1205 502 1325 549; x_wconf 81' lang='lat' dir='ltr'>hora</span> <span class='ocrx_word' id='word_1_31' title='bbox 1371 504 1503 564; x_wconf 79' lang='lat' dir='ltr'>[tus3</span> 
     </span>
     <span class='ocr_line' id='line_1_7' title="bbox 119 576 1506 640; baseline 0.002 -17"><span class='ocrx_word' id='word_1_32' title='bbox 119 576 272 623; x_wconf 81' lang='lat' dir='ltr'>Facta</span> <span class='ocrx_word' id='word_1_33' title='bbox 294 593 430 623; x_wconf 81' lang='lat' dir='ltr'>mora</span> <span class='ocrx_word' id='word_1_34' title='bbox 455 584 545 631; x_wconf 82' lang='lat' dir='ltr'>est,</span> <span class='ocrx_word' id='word_1_35' title='bbox 560 593 713 639; x_wconf 87' lang='lat' dir='ltr'>quum</span> <span class='ocrx_word' id='word_1_36' title='bbox 728 577 819 623; x_wconf 86' lang='lat' dir='ltr'>flos</span> <span class='ocrx_word' id='word_1_37' title='bbox 839 578 901 624; x_wconf 73' lang='lat' dir='ltr'>de</span> <span class='ocrx_word' id='word_1_38' title='bbox 922 578 1162 640; x_wconf 84' lang='lat' dir='ltr'>sanguine</span> <span class='ocrx_word' id='word_1_39' title='bbox 1178 579 1407 625; x_wconf 84' lang='lat' dir='ltr'>concolor</span> <span class='ocrx_word' id='word_1_40' title='bbox 1432 596 1506 626; x_wconf 89' lang='lat' dir='ltr'>or-</span> 
     </span>
     <span class='ocr_line' id='line_1_8' title="bbox 120 651 1506 716; baseline 0.002 -17"><span class='ocrx_word' id='word_1_41' title='bbox 120 651 347 710; x_wconf 80' lang='lat' dir='ltr'>Qualem‚</span> <span class='ocrx_word' id='word_1_42' title='bbox 367 670 477 716; x_wconf 86' lang='lat' dir='ltr'>quae</span> <span class='ocrx_word' id='word_1_43' title='bbox 504 654 638 700; x_wconf 89' lang='lat' dir='ltr'>lento</span> <span class='ocrx_word' id='word_1_44' title='bbox 661 654 826 700; x_wconf 81' lang='lat' dir='ltr'>celant</span> <span class='ocrx_word' id='word_1_45' title='bbox 847 655 939 700; x_wconf 81' lang='lat' dir='ltr'>sub</span> <span class='ocrx_word' id='word_1_46' title='bbox 959 654 1142 702; x_wconf 83' lang='lat' dir='ltr'>cortice</span> <span class='ocrx_word' id='word_1_47' title='bbox 1166 671 1389 716; x_wconf 78' lang='lat' dir='ltr'>granum,</span> <span class='ocrx_word' id='word_1_48' title='bbox 1412 658 1506 702; x_wconf 87' lang='lat'>736</span> 
     </span>
     <span class='ocr_line' id='line_1_9' title="bbox 119 727 1504 789; baseline 0.002 -15"><span class='ocrx_word' id='word_1_49' title='bbox 119 727 314 777; x_wconf 80' lang='lat' dir='ltr'>Punica</span> <span class='ocrx_word' id='word_1_50' title='bbox 336 729 461 777; x_wconf 85' lang='lat' dir='ltr'>ferre</span> <span class='ocrx_word' id='word_1_51' title='bbox 487 731 667 777; x_wconf 79' lang='lat' dir='ltr'>solent:</span> <span class='ocrx_word' id='word_1_52' title='bbox 697 729 858 777; x_wconf 86' lang='lat' dir='ltr'>brevis</span> <span class='ocrx_word' id='word_1_53' title='bbox 884 738 961 777; x_wconf 87' lang='lat' dir='ltr'>est</span> <span class='ocrx_word' id='word_1_54' title='bbox 985 737 1152 777; x_wconf 82' lang='lat' dir='ltr'>tamen</span> <span class='ocrx_word' id='word_1_55' title='bbox 1177 747 1295 777; x_wconf 87' lang='lat' dir='ltr'>usus</span> <span class='ocrx_word' id='word_1_56' title='bbox 1318 731 1366 777; x_wconf 90' lang='lat' dir='ltr'>in</span> <span class='ocrx_word' id='word_1_57' title='bbox 1392 731 1504 789; x_wconf 88' lang='lat' dir='ltr'>illo;</span> 
     </span>
     <span class='ocr_line' id='line_1_10' title="bbox 120 804 1507 868; baseline 0.001 -17"><span class='ocrx_word' id='word_1_58' title='bbox 120 804 354 868; x_wconf 80' lang='lat' dir='ltr'>Namque</span> <span class='ocrx_word' id='word_1_59' title='bbox 371 807 498 853; x_wconf 81' lang='lat' dir='ltr'>male</span> <span class='ocrx_word' id='word_1_60' title='bbox 516 807 802 861; x_wconf 71' lang='lat' dir='ltr'>haerentem,</span> <span class='ocrx_word' id='word_1_61' title='bbox 814 813 863 853; x_wconf 81' lang='lat' dir='ltr'>et</span> <span class='ocrx_word' id='word_1_62' title='bbox 878 807 1030 853; x_wconf 81' lang='lat' dir='ltr'>nimia</span> <span class='ocrx_word' id='word_1_63' title='bbox 1049 807 1248 854; x_wconf 83' lang='lat' dir='ltr'>levitate</span> <span class='ocrx_word' id='word_1_64' title='bbox 1264 807 1507 854; x_wconf 79' lang='lat' dir='ltr'>caducum</span> 
     </span>
     <span class='ocr_line' id='line_1_11' title="bbox 120 880 1338 945; baseline 0.002 -17"><span class='ocrx_word' id='word_1_65' title='bbox 120 880 398 929; x_wconf 82' lang='lat' dir='ltr'>Excutiunt</span> <span class='ocrx_word' id='word_1_66' title='bbox 419 882 566 937; x_wconf 83' lang='lat' dir='ltr'>idem,</span> <span class='ocrx_word' id='word_1_67' title='bbox 594 883 678 945; x_wconf 87' lang='lat' dir='ltr'>qui</span> <span class='ocrx_word' id='word_1_68' title='bbox 703 889 942 945; x_wconf 70' lang='lat' dir='ltr'>praestant</span> <span class='ocrx_word' id='word_1_69' title='bbox 965 883 1166 930; x_wconf 79' lang='lat' dir='ltr'>nomina</span> <span class='ocrx_word' id='word_1_70' title='bbox 1189 884 1338 930; x_wconf 87' lang='lat' dir='ltr'>venti.</span> 
     </span>
    </p>
   </div>
   <div class='ocr_carea' id='block_1_4' title="bbox 121 1024 790 1994">
    <p class='ocr_par' dir='ltr' id='par_1_5' title="bbox 121 1024 788 1259">
     <span class='ocr_line' id='line_1_12' title="bbox 166 1024 785 1066; baseline 0.002 -12"><span class='ocrx_word' id='word_1_71' title='bbox 166 1025 238 1055; x_wconf 90' lang='lat'><strong>733.</strong></span> <span class='ocrx_word' id='word_1_72' title='bbox 255 1025 391 1065; x_wconf 65' lang='lat' dir='ltr'>Pluuio]</span> <span class='ocrx_word' id='word_1_73' title='bbox 417 1025 485 1055; x_wconf 90' lang='lat' dir='ltr'>IIoc</span> <span class='ocrx_word' id='word_1_74' title='bbox 500 1024 595 1066; x_wconf 82' lang='lat' dir='ltr'>paulo</span> <span class='ocrx_word' id='word_1_75' title='bbox 615 1024 739 1056; x_wconf 83' lang='lat' dir='ltr'>brevius</span> <span class='ocrx_word' id='word_1_76' title='bbox 754 1032 785 1055; x_wconf 86' lang='lat' dir='ltr'>et</span> 
     </span>
     <span class='ocr_line' id='line_1_13' title="bbox 121 1072 784 1104; baseline 0.002 -2"><span class='ocrx_word' id='word_1_77' title='bbox 121 1072 283 1104; x_wconf 79' lang='lat' dir='ltr'>obscurius</span> <span class='ocrx_word' id='word_1_78' title='bbox 321 1074 453 1104; x_wconf 84' lang='lat' dir='ltr'>dictum.</span> <span class='ocrx_word' id='word_1_79' title='bbox 511 1074 643 1104; x_wconf 82' lang='lat' dir='ltr'>Sensum</span> <span class='ocrx_word' id='word_1_80' title='bbox 681 1079 784 1103; x_wconf 82' lang='lat' dir='ltr'>tamen</span> 
     </span>
     <span class='ocr_line' id='line_1_14' title="bbox 123 1123 787 1163; baseline 0.002 -12"><span class='ocrx_word' id='word_1_81' title='bbox 123 1126 283 1152; x_wconf 82' lang='lat' dir='ltr'>assecutus</span> <span class='ocrx_word' id='word_1_82' title='bbox 320 1128 367 1152; x_wconf 83' lang='lat' dir='ltr'>est</span> <span class='ocrx_word' id='word_1_83' title='bbox 404 1123 615 1158; x_wconf 81' lang='lat' dir='ltr'>Burmannus,</span> <span class='ocrx_word' id='word_1_84' title='bbox 647 1127 666 1139; x_wconf 88' lang='lat'><em>“</em></span> <span class='ocrx_word' id='word_1_85' title='bbox 690 1133 787 1163; x_wconf 88' lang='lat' dir='ltr'>quum</span> 
     </span>
     <span class='ocr_line' id='line_1_15' title="bbox 121 1169 788 1211; baseline 0.003 -12"><span class='ocrx_word' id='word_1_86' title='bbox 121 1169 229 1210; x_wconf 86' lang='lat' dir='ltr'>pluvia</span> <span class='ocrx_word' id='word_1_87' title='bbox 255 1169 341 1200; x_wconf 88' lang='lat' dir='ltr'>cadit</span> <span class='ocrx_word' id='word_1_88' title='bbox 367 1169 398 1200; x_wconf 91' lang='lat' dir='ltr'>in</span> <span class='ocrx_word' id='word_1_89' title='bbox 426 1180 550 1211; x_wconf 85' lang='lat' dir='ltr'>aquam,</span> <span class='ocrx_word' id='word_1_90' title='bbox 575 1170 676 1211; x_wconf 84' lang='lat' dir='ltr'>surgit</span> <span class='ocrx_word' id='word_1_91' title='bbox 702 1170 788 1201; x_wconf 83' lang='lat' dir='ltr'>bulla</span> 
     </span>
     <span class='ocr_line' id='line_1_16' title="bbox 122 1219 605 1259; baseline 0.004 -12"><span class='ocrx_word' id='word_1_92' title='bbox 122 1227 161 1248; x_wconf 89' lang='lat' dir='ltr'>ex</span> <span class='ocrx_word' id='word_1_93' title='bbox 177 1219 300 1258; x_wconf 79' lang='lat' dir='ltr'>gutta.’&#39;</span> <span class='ocrx_word' id='word_1_94' title='bbox 348 1219 456 1253; x_wconf 78' lang='lat' dir='ltr'>Plena,</span> <span class='ocrx_word' id='word_1_95' title='bbox 473 1219 605 1259; x_wconf 83' lang='lat' dir='ltr'>integra.</span> 
     </span>
    </p>

    <p class='ocr_par' dir='ltr' id='par_1_6' title="bbox 122 1266 790 1994">
     <span class='ocr_line' id='line_1_17' title="bbox 167 1266 786 1308; baseline 0.002 -12"><span class='ocrx_word' id='word_1_96' title='bbox 167 1267 241 1296; x_wconf 88' lang='lat'><strong>736.</strong></span> <span class='ocrx_word' id='word_1_97' title='bbox 271 1267 332 1297; x_wconf 84' lang='lat' dir='ltr'>Sub</span> <span class='ocrx_word' id='word_1_98' title='bbox 359 1267 494 1306; x_wconf 58' lang='lat' dir='ltr'>cortice]</span> <span class='ocrx_word' id='word_1_99' title='bbox 526 1267 633 1298; x_wconf 84' lang='lat' dir='ltr'>Malus</span> <span class='ocrx_word' id='word_1_100' title='bbox 661 1266 786 1308; x_wconf 86' lang='lat' dir='ltr'>punica,</span> 
     </span>
     <span class='ocr_line' id='line_1_18' title="bbox 122 1315 787 1357; baseline 0.003 -12"><span class='ocrx_word' id='word_1_101' title='bbox 122 1315 186 1346; x_wconf 87' lang='lat' dir='ltr'>sive</span> <span class='ocrx_word' id='word_1_102' title='bbox 202 1322 333 1356; x_wconf 82' lang='lat' dir='ltr'>granata</span> <span class='ocrx_word' id='word_1_103' title='bbox 349 1316 523 1346; x_wconf 86' lang='lat' dir='ltr'>rubicunda</span> <span class='ocrx_word' id='word_1_104' title='bbox 539 1317 634 1346; x_wconf 86' lang='lat' dir='ltr'>habet</span> <span class='ocrx_word' id='word_1_105' title='bbox 648 1322 679 1347; x_wconf 85' lang='lat' dir='ltr'>et</span> <span class='ocrx_word' id='word_1_106' title='bbox 693 1326 787 1357; x_wconf 84' lang='lat' dir='ltr'>poma</span> 
     </span>
     <span class='ocr_line' id='line_1_19' title="bbox 124 1365 787 1405; baseline 0 -10"><span class='ocrx_word' id='word_1_107' title='bbox 124 1370 156 1395; x_wconf 83' lang='lat' dir='ltr'>et</span> <span class='ocrx_word' id='word_1_108' title='bbox 171 1374 267 1405; x_wconf 84' lang='lat' dir='ltr'>grana</span> <span class='ocrx_word' id='word_1_109' title='bbox 289 1372 318 1396; x_wconf 86' lang='lat' dir='ltr'>et</span> <span class='ocrx_word' id='word_1_110' title='bbox 333 1366 433 1395; x_wconf 84' lang='lat' dir='ltr'>flores.</span> <span class='ocrx_word' id='word_1_111' title='bbox 470 1365 574 1395; x_wconf 85' lang='lat' dir='ltr'>Schol.</span> <span class='ocrx_word' id='word_1_112' title='bbox 592 1365 730 1395; x_wconf 82' lang='lat' dir='ltr'>Nicand.</span> <span class='ocrx_word' id='word_1_113' title='bbox 746 1365 787 1395; x_wconf 88' lang='lat' dir='ltr'>ad</span> 
     </span>
     <span class='ocr_line' id='line_1_20' title="bbox 123 1412 786 1456; baseline 0.002 -14"><span class='ocrx_word' id='word_1_114' title='bbox 123 1413 266 1444; x_wconf 84' lang='lat' dir='ltr'>Tlieriac.</span> <span class='ocrx_word' id='word_1_115' title='bbox 289 1424 320 1456; x_wconf 90' lang='lat' dir='ltr'>p.</span> <span class='ocrx_word' id='word_1_116' title='bbox 336 1415 376 1444; x_wconf 83' lang='lat'><strong>63</strong></span> <span class='ocrx_word' id='word_1_117' title='bbox 390 1425 398 1451; x_wconf 91' lang='lat'>;</span> <span class='ocrx_word' id='word_1_118' title='bbox 422 1412 589 1449; x_wconf 80' lang='lat' dir='ltr'>Martialis,</span> <span class='ocrx_word' id='word_1_119' title='bbox 613 1413 634 1445; x_wconf 86' lang='lat' dir='ltr'>i.</span> <span class='ocrx_word' id='word_1_120' title='bbox 649 1414 708 1455; x_wconf 89' lang='lat' dir='ltr'>Ep.</span> <span class='ocrx_word' id='word_1_121' title='bbox 725 1414 786 1452; x_wconf 79' lang='lat'>443</span> 
     </span>
     <span class='ocr_line' id='line_1_21' title="bbox 125 1461 785 1500; baseline 0.002 -9"><span class='ocrx_word' id='word_1_122' title='bbox 125 1461 314 1498; x_wconf 84' lang='lat' dir='ltr'>Columella,</span> <span class='ocrx_word' id='word_1_123' title='bbox 344 1474 374 1492; x_wconf 87' lang='lat' dir='ltr'>x.</span> <span class='ocrx_word' id='word_1_124' title='bbox 421 1463 552 1498; x_wconf 75' lang='lat' dir='ltr'>Punica,</span> <span class='ocrx_word' id='word_1_125' title='bbox 583 1462 653 1493; x_wconf 88' lang='lat' dir='ltr'>scil.</span> <span class='ocrx_word' id='word_1_126' title='bbox 682 1463 785 1500; x_wconf 81' lang='lat' dir='ltr'>mala3</span> 
     </span>
     <span class='ocr_line' id='line_1_22' title="bbox 126 1510 786 1552; baseline 0 -12"><span class='ocrx_word' id='word_1_127' title='bbox 126 1510 210 1540; x_wconf 80' lang='lat' dir='ltr'>Fast.</span> <span class='ocrx_word' id='word_1_128' title='bbox 239 1511 280 1542; x_wconf 84' lang='lat' dir='ltr'>iv.</span> <span class='ocrx_word' id='word_1_129' title='bbox 304 1512 379 1541; x_wconf 83' lang='lat'><strong>607.</strong></span> <span class='ocrx_word' id='word_1_130' title='bbox 409 1513 496 1542; x_wconf 70' lang='lat' dir='ltr'>solvit</span> <span class='ocrx_word' id='word_1_131' title='bbox 516 1514 641 1551; x_wconf 55' lang='lat' dir='ltr'>jejunia</span> <span class='ocrx_word' id='word_1_132' title='bbox 670 1513 786 1552; x_wconf 78' lang='lat' dir='ltr'>granis,</span> 
     </span>
     <span class='ocr_line' id='line_1_23' title="bbox 127 1559 786 1600; baseline 0.005 -12"><span class='ocrx_word' id='word_1_133' title='bbox 127 1559 250 1590; x_wconf 73' lang='lat' dir='ltr'>Punica</span> <span class='ocrx_word' id='word_1_134' title='bbox 279 1572 343 1600; x_wconf 82' lang='lat' dir='ltr'>quoe</span> <span class='ocrx_word' id='word_1_135' title='bbox 371 1561 449 1591; x_wconf 81' lang='lat' dir='ltr'>lento</span> <span class='ocrx_word' id='word_1_136' title='bbox 478 1563 586 1591; x_wconf 75' lang='lat' dir='ltr'>cortice</span> <span class='ocrx_word' id='word_1_137' title='bbox 622 1571 707 1599; x_wconf 83' lang='lat' dir='ltr'>poma</span> <span class='ocrx_word' id='word_1_138' title='bbox 746 1567 786 1591; x_wconf 78' lang='lat' dir='ltr'>te-</span> 
     </span>
     <span class='ocr_line' id='line_1_24' title="bbox 125 1608 787 1650; baseline 0.003 -13"><span class='ocrx_word' id='word_1_139' title='bbox 125 1614 203 1648; x_wconf 79' lang='lat' dir='ltr'>gunt</span> <span class='ocrx_word' id='word_1_140' title='bbox 219 1620 228 1644; x_wconf 90' lang='lat'><em>;</em></span> <span class='ocrx_word' id='word_1_141' title='bbox 253 1609 314 1638; x_wconf 78' lang='lat' dir='ltr'>IV.</span> <span class='ocrx_word' id='word_1_142' title='bbox 332 1609 422 1639; x_wconf 84' lang='lat' dir='ltr'>Pont.</span> <span class='ocrx_word' id='word_1_143' title='bbox 439 1621 490 1640; x_wconf 84' lang='lat' dir='ltr'>xv.</span> <span class='ocrx_word' id='word_1_144' title='bbox 503 1610 533 1639; x_wconf 88' lang='lat'>8.</span> <span class='ocrx_word' id='word_1_145' title='bbox 548 1611 579 1639; x_wconf 74' lang='lat' dir='ltr'>in</span> <span class='ocrx_word' id='word_1_146' title='bbox 594 1610 676 1639; x_wconf 79' lang='lat' dir='ltr'>horto</span> <span class='ocrx_word' id='word_1_147' title='bbox 689 1608 787 1650; x_wconf 78' lang='lat' dir='ltr'>ferti-</span> 
     </span>
     <span class='ocr_line' id='line_1_25' title="bbox 127 1657 789 1698; baseline 0.006 -14"><span class='ocrx_word' id='word_1_148' title='bbox 127 1657 163 1686; x_wconf 80' lang='lat' dir='ltr'>lis</span> <span class='ocrx_word' id='word_1_149' title='bbox 178 1659 244 1686; x_wconf 79' lang='lat' dir='ltr'>arri</span> <span class='ocrx_word' id='word_1_150' title='bbox 263 1657 383 1687; x_wconf 73' lang='lat' dir='ltr'>Punica</span> <span class='ocrx_word' id='word_1_151' title='bbox 399 1659 450 1688; x_wconf 75' lang='lat' dir='ltr'>sub</span> <span class='ocrx_word' id='word_1_152' title='bbox 467 1659 546 1688; x_wconf 79' lang='lat' dir='ltr'>lento</span> <span class='ocrx_word' id='word_1_153' title='bbox 567 1659 675 1689; x_wconf 82' lang='lat' dir='ltr'>cortice</span> <span class='ocrx_word' id='word_1_154' title='bbox 689 1669 789 1698; x_wconf 79' lang='lat' dir='ltr'>grana</span> 
     </span>
     <span class='ocr_line' id='line_1_26' title="bbox 126 1706 790 1747; baseline 0.003 -13"><span class='ocrx_word' id='word_1_155' title='bbox 126 1706 245 1735; x_wconf 80' lang='lat' dir='ltr'>rubent.</span> <span class='ocrx_word' id='word_1_156' title='bbox 284 1706 345 1736; x_wconf 72' lang='lat' dir='ltr'>Sed</span> <span class='ocrx_word' id='word_1_157' title='bbox 372 1706 500 1737; x_wconf 81' lang='lat' dir='ltr'>Heinsio</span> <span class='ocrx_word' id='word_1_158' title='bbox 522 1706 625 1737; x_wconf 86' lang='lat' dir='ltr'>durior</span> <span class='ocrx_word' id='word_1_159' title='bbox 642 1707 737 1747; x_wconf 82' lang='lat' dir='ltr'>justo,</span> <span class='ocrx_word' id='word_1_160' title='bbox 755 1712 790 1737; x_wconf 83' lang='lat' dir='ltr'>ut</span> 
     </span>
     <span class='ocr_line' id='line_1_27' title="bbox 126 1753 786 1796; baseline 0.005 -14"><span class='ocrx_word' id='word_1_161' title='bbox 126 1758 184 1788; x_wconf 86' lang='lat' dir='ltr'>est,</span> <span class='ocrx_word' id='word_1_162' title='bbox 214 1753 280 1783; x_wconf 85' lang='lat' dir='ltr'>visa</span> <span class='ocrx_word' id='word_1_163' title='bbox 306 1754 424 1796; x_wconf 80' lang='lat' dir='ltr'>ellipsis</span> <span class='ocrx_word' id='word_1_164' title='bbox 453 1757 509 1786; x_wconf 82' lang='grc' dir='ltr'>τοῦ</span> <span class='ocrx_word' id='word_1_165' title='bbox 540 1757 632 1786; x_wconf 72' lang='lat' dir='ltr'>mala.</span> <span class='ocrx_word' id='word_1_166' title='bbox 679 1756 786 1792; x_wconf 87' lang='lat' dir='ltr'>Quum</span> 
     </span>
     <span class='ocr_line' id='line_1_28' title="bbox 126 1801 787 1844; baseline 0.003 -13"><span class='ocrx_word' id='word_1_167' title='bbox 126 1801 220 1842; x_wconf 82' lang='lat' dir='ltr'>igitur</span> <span class='ocrx_word' id='word_1_168' title='bbox 247 1813 355 1833; x_wconf 88' lang='lat' dir='ltr'>novem</span> <span class='ocrx_word' id='word_1_169' title='bbox 386 1804 477 1834; x_wconf 80' lang='lat' dir='ltr'><strong>MSS.</strong></span> <span class='ocrx_word' id='word_1_170' title='bbox 506 1804 642 1834; x_wconf 81' lang='lat' dir='ltr'>habeant</span> <span class='ocrx_word' id='word_1_171' title='bbox 677 1815 787 1844; x_wconf 77' lang='lat' dir='ltr'>grana,</span> 
     </span>
     <span class='ocr_line' id='line_1_29' title="bbox 126 1850 787 1894; baseline 0.005 -14"><span class='ocrx_word' id='word_1_172' title='bbox 126 1850 247 1886; x_wconf 80' lang='lat' dir='ltr'>suadet,</span> <span class='ocrx_word' id='word_1_173' title='bbox 263 1863 324 1891; x_wconf 79' lang='lat' dir='ltr'>quae</span> <span class='ocrx_word' id='word_1_174' title='bbox 340 1853 419 1882; x_wconf 82' lang='lat' dir='ltr'>lento</span> <span class='ocrx_word' id='word_1_175' title='bbox 439 1855 579 1884; x_wconf 73' lang='lat' dir='ltr'>celantur</span> <span class='ocrx_word' id='word_1_176' title='bbox 595 1857 667 1894; x_wconf 79' lang='lat' dir='ltr'>(aut</span> <span class='ocrx_word' id='word_1_177' title='bbox 689 1855 787 1883; x_wconf 77' lang='lat' dir='ltr'>celant</span> 
     </span>
     <span class='ocr_line' id='line_1_30' title="bbox 125 1899 789 1942; baseline 0.005 -13"><span class='ocrx_word' id='word_1_178' title='bbox 125 1899 172 1937; x_wconf 74' lang='lat' dir='ltr'>se)</span> <span class='ocrx_word' id='word_1_179' title='bbox 201 1903 321 1936; x_wconf 81' lang='lat' dir='ltr'>cortice,</span> <span class='ocrx_word' id='word_1_180' title='bbox 355 1912 453 1942; x_wconf 80' lang='lat' dir='ltr'>grana</span> <span class='ocrx_word' id='word_1_181' title='bbox 480 1903 609 1937; x_wconf 78' lang='lat' dir='ltr'>Punica,</span> <span class='ocrx_word' id='word_1_182' title='bbox 643 1907 703 1933; x_wconf 83' lang='lat' dir='ltr'>etc.</span> <span class='ocrx_word' id='word_1_183' title='bbox 735 1908 789 1932; x_wconf 86' lang='lat' dir='ltr'>aut</span> 
     </span>
     <span class='ocr_line' id='line_1_31' title="bbox 127 1947 788 1994; baseline 0 -13"><span class='ocrx_word' id='word_1_184' title='bbox 127 1947 221 1981; x_wconf 82' lang='lat' dir='ltr'>etiam</span> <span class='ocrx_word' id='word_1_185' title='bbox 245 1949 385 1980; x_wconf 80' lang='lat' dir='ltr'>celantur</span> <span class='ocrx_word' id='word_1_186' title='bbox 407 1953 545 1992; x_wconf 80' lang='lat' dir='ltr'>tegmine.</span> <span class='ocrx_word' id='word_1_187' title='bbox 592 1952 698 1982; x_wconf 79' lang='lat' dir='ltr'>Celare</span> <span class='ocrx_word' id='word_1_188' title='bbox 716 1961 788 1994; x_wconf 83' lang='lat' dir='ltr'>pas-</span> 
     </span>
    </p>
   </div>
   <div class='ocr_carea' id='block_1_5' title="bbox 850 1025 1518 1993">
    <p class='ocr_par' dir='ltr' id='par_1_7' title="bbox 850 1025 1511 1154">
     <span class='ocr_line' id='line_1_32' title="bbox 851 1025 1511 1067; baseline 0 -11"><span class='ocrx_word' id='word_1_189' title='bbox 851 1025 908 1056; x_wconf 88' lang='lat' dir='ltr'>sim</span> <span class='ocrx_word' id='word_1_190' title='bbox 928 1036 994 1067; x_wconf 90' lang='lat' dir='ltr'>pro,</span> <span class='ocrx_word' id='word_1_191' title='bbox 1019 1030 1134 1065; x_wconf 79' lang='lat' dir='ltr'>tegere,</span> <span class='ocrx_word' id='word_1_192' title='bbox 1154 1030 1189 1055; x_wconf 87' lang='lat' dir='ltr'>ut</span> <span class='ocrx_word' id='word_1_193' title='bbox 1214 1026 1291 1055; x_wconf 74' lang='lat' dir='ltr'>celat</span> <span class='ocrx_word' id='word_1_194' title='bbox 1315 1026 1428 1055; x_wconf 82' lang='lat' dir='ltr'>amictu</span> <span class='ocrx_word' id='word_1_195' title='bbox 1448 1036 1511 1062; x_wconf 81' lang='lat' dir='ltr'>ora,</span> 
     </span>
     <span class='ocr_line' id='line_1_33' title="bbox 850 1074 1509 1113; baseline 0 -8"><span class='ocrx_word' id='word_1_196' title='bbox 850 1075 934 1105; x_wconf 82' lang='lat' dir='ltr'>Fast.</span> <span class='ocrx_word' id='word_1_197' title='bbox 950 1074 982 1106; x_wconf 86' lang='lat' dir='ltr'>ii.</span> <span class='ocrx_word' id='word_1_198' title='bbox 999 1076 1080 1113; x_wconf 81' lang='lat'>8193</span> <span class='ocrx_word' id='word_1_199' title='bbox 1097 1080 1128 1105; x_wconf 85' lang='lat' dir='ltr'>et</span> <span class='ocrx_word' id='word_1_200' title='bbox 1142 1076 1245 1105; x_wconf 77' lang='lat' dir='ltr'>vultus</span> <span class='ocrx_word' id='word_1_201' title='bbox 1260 1076 1405 1105; x_wconf 76' lang='lat' dir='ltr'>velamine</span> <span class='ocrx_word' id='word_1_202' title='bbox 1419 1076 1509 1111; x_wconf 85' lang='lat' dir='ltr'>celat,</span> 
     </span>
     <span class='ocr_line' id='line_1_34' title="bbox 851 1122 1044 1154; baseline 0.005 -1"><span class='ocrx_word' id='word_1_203' title='bbox 851 1122 893 1153; x_wconf 80' lang='lat' dir='ltr'>ib.</span> <span class='ocrx_word' id='word_1_204' title='bbox 910 1126 952 1153; x_wconf 88' lang='lat' dir='ltr'>vi.</span> <span class='ocrx_word' id='word_1_205' title='bbox 969 1124 1044 1154; x_wconf 86' lang='lat'>579.</span> 
     </span>
    </p>

    <p class='ocr_par' dir='ltr' id='par_1_8' title="bbox 853 1171 1518 1993">
     <span class='ocr_line' id='line_1_35' title="bbox 897 1171 1514 1213; baseline 0 -11"><span class='ocrx_word' id='word_1_206' title='bbox 897 1173 971 1203; x_wconf 84' lang='lat'>737.</span> <span class='ocrx_word' id='word_1_207' title='bbox 989 1172 1028 1202; x_wconf 83' lang='lat' dir='ltr'>In</span> <span class='ocrx_word' id='word_1_208' title='bbox 1050 1173 1116 1207; x_wconf 81' lang='lat' dir='ltr'>illo,</span> <span class='ocrx_word' id='word_1_209' title='bbox 1133 1171 1219 1213; x_wconf 87' lang='lat' dir='ltr'>ejus:</span> <span class='ocrx_word' id='word_1_210' title='bbox 1245 1171 1316 1202; x_wconf 85' lang='lat' dir='ltr'>vide</span> <span class='ocrx_word' id='word_1_211' title='bbox 1337 1172 1377 1202; x_wconf 86' lang='lat' dir='ltr'>ad</span> <span class='ocrx_word' id='word_1_212' title='bbox 1393 1182 1514 1202; x_wconf 86' lang='lat' dir='ltr'>versum</span> 
     </span>
     <span class='ocr_line' id='line_1_36' title="bbox 853 1220 1514 1256; baseline 0.002 -6"><span class='ocrx_word' id='word_1_213' title='bbox 853 1221 926 1251; x_wconf 87' lang='lat'><strong>651.</strong></span> <span class='ocrx_word' id='word_1_214' title='bbox 974 1222 1069 1256; x_wconf 81' lang='lat' dir='ltr'>Male,</span> <span class='ocrx_word' id='word_1_215' title='bbox 1085 1231 1146 1251; x_wconf 89' lang='lat' dir='ltr'>non</span> <span class='ocrx_word' id='word_1_216' title='bbox 1166 1220 1305 1250; x_wconf 80' lang='lat' dir='ltr'>firmiter.</span> <span class='ocrx_word' id='word_1_217' title='bbox 1350 1221 1454 1251; x_wconf 83' lang='lat' dir='ltr'>Etiam</span> <span class='ocrx_word' id='word_1_218' title='bbox 1470 1221 1514 1252; x_wconf 85' lang='lat' dir='ltr'>iii.</span> 
     </span>
     <span class='ocr_line' id='line_1_37' title="bbox 856 1269 1514 1310; baseline 0 -10"><span class='ocrx_word' id='word_1_219' title='bbox 856 1269 929 1300; x_wconf 89' lang='lat'><strong>730.</strong></span> <span class='ocrx_word' id='word_1_220' title='bbox 945 1270 1075 1310; x_wconf 80' lang='lat' dir='ltr'>frondes</span> <span class='ocrx_word' id='word_1_221' title='bbox 1099 1270 1175 1299; x_wconf 80' lang='lat' dir='ltr'>male</span> <span class='ocrx_word' id='word_1_222' title='bbox 1200 1270 1364 1306; x_wconf 74' lang='lat' dir='ltr'>haerente83</span> <span class='ocrx_word' id='word_1_223' title='bbox 1390 1269 1466 1300; x_wconf 88' lang='lat' dir='ltr'>Hor.</span> <span class='ocrx_word' id='word_1_224' title='bbox 1487 1271 1514 1300; x_wconf 91' lang='lat' dir='ltr'>l.</span> 
     </span>
     <span class='ocr_line' id='line_1_38' title="bbox 855 1317 1514 1358; baseline 0.002 -10"><span class='ocrx_word' id='word_1_225' title='bbox 855 1319 921 1349; x_wconf 87' lang='lat' dir='ltr'>Sat.</span> <span class='ocrx_word' id='word_1_226' title='bbox 936 1317 981 1348; x_wconf 85' lang='lat' dir='ltr'>iii.</span> <span class='ocrx_word' id='word_1_227' title='bbox 998 1319 1050 1349; x_wconf 89' lang='lat'>31.</span> <span class='ocrx_word' id='word_1_228' title='bbox 1066 1319 1141 1348; x_wconf 79' lang='lat' dir='ltr'>male</span> <span class='ocrx_word' id='word_1_229' title='bbox 1167 1321 1198 1348; x_wconf 78' lang='lat' dir='ltr'>in</span> <span class='ocrx_word' id='word_1_230' title='bbox 1222 1320 1293 1358; x_wconf 69' lang='lat' dir='ltr'>peria</span> <span class='ocrx_word' id='word_1_231' title='bbox 1318 1319 1434 1349; x_wconf 77' lang='lat' dir='ltr'>calceus</span> <span class='ocrx_word' id='word_1_232' title='bbox 1457 1320 1514 1349; x_wconf 75' lang='lat' dir='ltr'>hce-</span> 
     </span>
     <span class='ocr_line' id='line_1_39' title="bbox 855 1366 1515 1409; baseline -0.002 -12"><span class='ocrx_word' id='word_1_233' title='bbox 855 1373 913 1397; x_wconf 87' lang='lat' dir='ltr'>ret.</span> <span class='ocrx_word' id='word_1_234' title='bbox 959 1367 1020 1397; x_wconf 88' lang='lat' dir='ltr'>Sed</span> <span class='ocrx_word' id='word_1_235' title='bbox 1045 1377 1139 1409; x_wconf 83' lang='lat' dir='ltr'>supra</span> <span class='ocrx_word' id='word_1_236' title='bbox 1158 1366 1200 1397; x_wconf 88' lang='lat' dir='ltr'>iv.</span> <span class='ocrx_word' id='word_1_237' title='bbox 1215 1367 1270 1396; x_wconf 84' lang='lat'>27.</span> <span class='ocrx_word' id='word_1_238' title='bbox 1304 1378 1365 1397; x_wconf 75' lang='lat' dir='ltr'>non</span> <span class='ocrx_word' id='word_1_239' title='bbox 1384 1367 1515 1406; x_wconf 78' lang='lat' dir='ltr'>j&#39;ortiter</span> 
     </span>
     <span class='ocr_line' id='line_1_40' title="bbox 855 1414 1515 1457; baseline 0.002 -12"><span class='ocrx_word' id='word_1_240' title='bbox 855 1416 944 1446; x_wconf 73' lang='lat' dir='ltr'>lucret</span> <span class='ocrx_word' id='word_1_241' title='bbox 965 1416 1066 1451; x_wconf 78' lang='lat' dir='ltr'>asello,</span> <span class='ocrx_word' id='word_1_242' title='bbox 1082 1426 1136 1457; x_wconf 88' lang='lat' dir='ltr'>pro</span> <span class='ocrx_word' id='word_1_243' title='bbox 1153 1425 1214 1456; x_wconf 90' lang='lat' dir='ltr'>quo</span> <span class='ocrx_word' id='word_1_244' title='bbox 1238 1415 1350 1445; x_wconf 85' lang='lat' dir='ltr'><strong>Horat.</strong></span> <span class='ocrx_word' id='word_1_245' title='bbox 1368 1414 1434 1445; x_wconf 88' lang='lat' dir='ltr'><strong>III.</strong></span> <span class='ocrx_word' id='word_1_246' title='bbox 1452 1415 1515 1446; x_wconf 83' lang='lat' dir='ltr'>Od.</span> 
     </span>
     <span class='ocr_line' id='line_1_41' title="bbox 854 1463 1516 1505; baseline 0.002 -12"><span class='ocrx_word' id='word_1_247' title='bbox 854 1464 941 1494; x_wconf 86' lang='lat' dir='ltr'>xxiv.</span> <span class='ocrx_word' id='word_1_248' title='bbox 957 1466 1009 1495; x_wconf 77' lang='lat'>55.</span> <span class='ocrx_word' id='word_1_249' title='bbox 1024 1463 1208 1505; x_wconf 83' lang='lat' dir='ltr'>simpliciter</span> <span class='ocrx_word' id='word_1_250' title='bbox 1226 1463 1329 1493; x_wconf 81' lang='lat' dir='ltr'>Haeret</span> <span class='ocrx_word' id='word_1_251' title='bbox 1345 1475 1427 1503; x_wconf 85' lang='lat' dir='ltr'>equo,</span> <span class='ocrx_word' id='word_1_252' title='bbox 1442 1463 1516 1505; x_wconf 88' lang='lat' dir='ltr'>quia</span> 
     </span>
     <span class='ocr_line' id='line_1_42' title="bbox 855 1511 1516 1553; baseline -0.003 -10"><span class='ocrx_word' id='word_1_253' title='bbox 855 1513 963 1543; x_wconf 79' lang='lat' dir='ltr'>haerere</span> <span class='ocrx_word' id='word_1_254' title='bbox 976 1513 1042 1553; x_wconf 82' lang='lat' dir='ltr'>jam</span> <span class='ocrx_word' id='word_1_255' title='bbox 1058 1512 1090 1543; x_wconf 90' lang='lat' dir='ltr'>in</span> <span class='ocrx_word' id='word_1_256' title='bbox 1112 1522 1144 1542; x_wconf 90' lang='lat' dir='ltr'>se</span> <span class='ocrx_word' id='word_1_257' title='bbox 1165 1511 1261 1542; x_wconf 82' lang='lat' dir='ltr'>habet</span> <span class='ocrx_word' id='word_1_258' title='bbox 1282 1511 1438 1542; x_wconf 83' lang='lat' dir='ltr'>notionem</span> <span class='ocrx_word' id='word_1_259' title='bbox 1457 1512 1516 1541; x_wconf 90' lang='lat' dir='ltr'>im-</span> 
     </span>
     <span class='ocr_line' id='line_1_43' title="bbox 853 1560 1516 1592; baseline 0.003 -2"><span class='ocrx_word' id='word_1_260' title='bbox 853 1561 1046 1592; x_wconf 78' lang='lat' dir='ltr'>becillitatis.</span> <span class='ocrx_word' id='word_1_261' title='bbox 1094 1561 1246 1591; x_wconf 82' lang='lat' dir='ltr'>Praestant</span> <span class='ocrx_word' id='word_1_262' title='bbox 1269 1563 1390 1591; x_wconf 78' lang='lat' dir='ltr'>nomina</span> <span class='ocrx_word' id='word_1_263' title='bbox 1415 1560 1516 1592; x_wconf 87' lang='lat' dir='ltr'>Hein-</span> 
     </span>
     <span class='ocr_line' id='line_1_44' title="bbox 854 1609 1518 1652; baseline 0 -12"><span class='ocrx_word' id='word_1_264' title='bbox 854 1609 916 1640; x_wconf 88' lang='lat' dir='ltr'>sius</span> <span class='ocrx_word' id='word_1_265' title='bbox 940 1609 1081 1652; x_wconf 80' lang='lat' dir='ltr'>probavit</span> <span class='ocrx_word' id='word_1_266' title='bbox 1101 1615 1171 1651; x_wconf 90' lang='lat' dir='ltr'>post</span> <span class='ocrx_word' id='word_1_267' title='bbox 1187 1614 1355 1639; x_wconf 87' lang='lat' dir='ltr'>nostratem</span> <span class='ocrx_word' id='word_1_268' title='bbox 1372 1609 1518 1650; x_wconf 75' lang='lat' dir='ltr'>Me&#39;nage‚</span> 
     </span>
     <span class='ocr_line' id='line_1_45' title="bbox 855 1657 1515 1700; baseline 0.002 -12"><span class='ocrx_word' id='word_1_269' title='bbox 855 1658 944 1699; x_wconf 80' lang='lat' dir='ltr'>cujus</span> <span class='ocrx_word' id='word_1_270' title='bbox 973 1658 1166 1700; x_wconf 86' lang='lat' dir='ltr'>ingeniosum</span> <span class='ocrx_word' id='word_1_271' title='bbox 1195 1663 1227 1688; x_wconf 81' lang='lat' dir='ltr'>et</span> <span class='ocrx_word' id='word_1_272' title='bbox 1258 1657 1414 1688; x_wconf 86' lang='lat' dir='ltr'>eruditum</span> <span class='ocrx_word' id='word_1_273' title='bbox 1443 1657 1515 1689; x_wconf 86' lang='lat' dir='ltr'>vide</span> 
     </span>
     <span class='ocr_line' id='line_1_46' title="bbox 856 1705 1516 1749; baseline 0 -13"><span class='ocrx_word' id='word_1_274' title='bbox 856 1717 944 1748; x_wconf 91' lang='lat' dir='ltr'>opus,</span> <span class='ocrx_word' id='word_1_275' title='bbox 967 1707 1049 1748; x_wconf 91' lang='lat' dir='ltr'>quod</span> <span class='ocrx_word' id='word_1_276' title='bbox 1077 1707 1213 1737; x_wconf 74' lang='lat' dir='ltr'>Gallicas</span> <span class='ocrx_word' id='word_1_277' title='bbox 1233 1708 1362 1747; x_wconf 81' lang='lat' dir='ltr'>origines</span> <span class='ocrx_word' id='word_1_278' title='bbox 1387 1705 1516 1749; x_wconf 89' lang='lat' dir='ltr'>inscrip-</span> 
     </span>
     <span class='ocr_line' id='line_1_47' title="bbox 855 1755 1516 1787; baseline 0.002 -1"><span class='ocrx_word' id='word_1_279' title='bbox 855 1756 906 1787; x_wconf 88' lang='lat' dir='ltr'>sit.</span> <span class='ocrx_word' id='word_1_280' title='bbox 973 1756 1126 1786; x_wconf 86' lang='lat' dir='ltr'>Adonidis</span> <span class='ocrx_word' id='word_1_281' title='bbox 1161 1766 1249 1786; x_wconf 85' lang='lat' dir='ltr'>cruor</span> <span class='ocrx_word' id='word_1_282' title='bbox 1281 1755 1313 1785; x_wconf 90' lang='lat' dir='ltr'>in</span> <span class='ocrx_word' id='word_1_283' title='bbox 1342 1765 1516 1787; x_wconf 88' lang='lat' dir='ltr'>anemonen</span> 
     </span>
     <span class='ocr_line' id='line_1_48' title="bbox 855 1803 1517 1846; baseline 0.002 -11"><span class='ocrx_word' id='word_1_284' title='bbox 855 1805 960 1835; x_wconf 86' lang='lat' dir='ltr'>florem</span> <span class='ocrx_word' id='word_1_285' title='bbox 980 1810 1118 1835; x_wconf 83' lang='lat' dir='ltr'>mutatus</span> <span class='ocrx_word' id='word_1_286' title='bbox 1139 1810 1196 1839; x_wconf 89' lang='lat' dir='ltr'>est,</span> <span class='ocrx_word' id='word_1_287' title='bbox 1213 1804 1265 1845; x_wconf 89' lang='lat' dir='ltr'>qui</span> <span class='ocrx_word' id='word_1_288' title='bbox 1287 1804 1325 1834; x_wconf 88' lang='lat' dir='ltr'>ab</span> <span class='ocrx_word' id='word_1_289' title='bbox 1350 1803 1482 1846; x_wconf 76' lang='grc' dir='ltr'><strong><em>ἀνέμου,</em></strong></span> <span class='ocrx_word' id='word_1_290' title='bbox 1498 1815 1517 1836; x_wconf 90' lang='lat' dir='ltr'>a</span> 
     </span>
     <span class='ocr_line' id='line_1_49' title="bbox 856 1851 1516 1888; baseline 0 -5"><span class='ocrx_word' id='word_1_291' title='bbox 856 1860 959 1888; x_wconf 90' lang='lat' dir='ltr'>vento,</span> <span class='ocrx_word' id='word_1_292' title='bbox 985 1863 1097 1884; x_wconf 87' lang='lat' dir='ltr'>nomen</span> <span class='ocrx_word' id='word_1_293' title='bbox 1121 1852 1261 1883; x_wconf 82' lang='lat' dir='ltr'>deducit.</span> <span class='ocrx_word' id='word_1_294' title='bbox 1298 1851 1429 1888; x_wconf 87' lang='lat' dir='ltr'>Plinius,</span> <span class='ocrx_word' id='word_1_295' title='bbox 1451 1852 1516 1883; x_wconf 85' lang='lat' dir='ltr'>xxi.</span> 
     </span>
     <span class='ocr_line' id='line_1_50' title="bbox 856 1900 1517 1943; baseline 0 -11"><span class='ocrx_word' id='word_1_296' title='bbox 856 1903 897 1932; x_wconf 83' lang='lat'>23</span> <span class='ocrx_word' id='word_1_297' title='bbox 911 1915 916 1931; x_wconf 79' lang='lat' dir='ltr'>z</span> <span class='ocrx_word' id='word_1_298' title='bbox 929 1906 948 1919; x_wconf 88' lang='lat'><strong>“</strong></span> <span class='ocrx_word' id='word_1_299' title='bbox 961 1902 1032 1932; x_wconf 89' lang='lat' dir='ltr'>Flos</span> <span class='ocrx_word' id='word_1_300' title='bbox 1041 1911 1200 1943; x_wconf 87' lang='lat' dir='ltr'>nunquam</span> <span class='ocrx_word' id='word_1_301' title='bbox 1211 1912 1242 1931; x_wconf 85' lang='lat' dir='ltr'>se</span> <span class='ocrx_word' id='word_1_302' title='bbox 1254 1900 1364 1943; x_wconf 84' lang='lat' dir='ltr'>aperit,</span> <span class='ocrx_word' id='word_1_303' title='bbox 1374 1902 1431 1931; x_wconf 85' lang='lat' dir='ltr'>nisi</span> <span class='ocrx_word' id='word_1_304' title='bbox 1442 1912 1517 1932; x_wconf 90' lang='lat' dir='ltr'>ven-</span> 
     </span>
     <span class='ocr_line' id='line_1_51' title="bbox 856 1949 1495 1993; baseline -0.002 -12"><span class='ocrx_word' id='word_1_305' title='bbox 856 1955 887 1982; x_wconf 87' lang='lat' dir='ltr'>to</span> <span class='ocrx_word' id='word_1_306' title='bbox 902 1951 1049 1993; x_wconf 84' lang='lat' dir='ltr'>spirante,</span> <span class='ocrx_word' id='word_1_307' title='bbox 1064 1950 1146 1982; x_wconf 86' lang='lat' dir='ltr'>unde</span> <span class='ocrx_word' id='word_1_308' title='bbox 1162 1955 1193 1982; x_wconf 87' lang='lat' dir='ltr'>et</span> <span class='ocrx_word' id='word_1_309' title='bbox 1213 1959 1325 1981; x_wconf 87' lang='lat' dir='ltr'>nomen</span> <span class='ocrx_word' id='word_1_310' title='bbox 1340 1949 1495 1993; x_wconf 84' lang='lat' dir='ltr'>accepit.&#39;&#39;</span> 
     </span>
    </p>
   </div>
  </div>
 </body>
</html>
