1779 3130
249 172 334 214 192

626 169 676 210 Ρ.
711 168 924 211 OVIDII
958 166 1238 210 NASONIS

250 295 387 343 Ecce
411 311 562 342 nurus
591 294 852 349 Ciconum,
879 300 1029 340 tectae
1055 294 1317 357 lymphata
1340 293 1507 341 ferinis

246 373 460 419 Pectora
482 369 765 427 velleribus,
794 371 971 417 tumuli
1003 371 1066 418 de
1091 370 1274 417 vertice
1301 377 1510 417 cernunt

251 449 469 512 Orphea,
496 447 746 511 percussis
767 447 1038 493 sociantem
1063 447 1283 493 carmina
1307 446 1486 493 nervis.
1611 448 1639 492 5

249 523 291 571 E
318 524 500 586 quibus
528 540 638 579 una,
666 524 826 570 levem
845 524 1035 585 jactato
1061 523 1194 570 crine
1220 539 1308 586 per
1334 538 1518 577 auram,

250 606 280 624 “
310 599 436 655 En‚'’
473 600 556 656 ait,
599 605 629 623 “
657 616 718 646 en
755 600 834 646 hic
877 606 953 646 est
990 599 1145 645 nostri
1179 597 1554 662 contemptor:”
1592 603 1643 644 et

247 676 389 723 Vatis
415 676 667 739 Apollinei
691 675 881 722 vocalia
905 674 1041 721 misit
1067 675 1116 721 in
1143 691 1242 730 ora,

1424 675 1639 737 [hastam

247 753 370 807 Quae
396 753 524 800 foliis
550 761 770 816 praesuta
795 759 962 799 notam
989 752 1094 798 sine
1118 752 1321 798 vulnere
1346 751 1481 798 fecit.

245 829 464 876 Alterius
491 831 647 876 telum
673 829 798 892 lapis
825 835 930 880 est:

973 828 1058 890 qui
1084 827 1283 882 missus,
1311 828 1361 873 in
1385 828 1494 890 ipso
1580 829 1640 872 10

245 905 376 953 Aere
401 914 647 953 concentu
671 906 831 953 victus
855 905 1093 967 vocisque
1117 905 1340 967 lyraeque
1366 911 1470 960 est;

247 1005 314 1036 haec
339 1016 409 1036 cum
426 1007 606 1037 Burmanno
621 1007 665 1038 ita
689 1018 811 1049 capere,
827 1008 907 1038 mul-

244 1054 319 1085 sisse
349 1055 510 1096 Orpheum
546 1056 719 1086 carminum
753 1056 908 1087 suavitate

245 1104 351 1139 silvas,
376 1105 456 1135 feras
478 1112 510 1135 et
533 1115 630 1144 saxa5
658 1116 790 1147 eamque
814 1105 907 1136 fuisse

245 1162 384 1187 causam,
400 1159 434 1184 ut
454 1160 658 1194 sequerentur
679 1155 746 1196 ejus
769 1161 907 1185 cantum.

248 1201 331 1231 Vide
355 1202 464 1232 Horat.
479 1202 534 1232 lib.
551 1202 577 1233 I.
595 1203 657 1234 Od.
672 1203 726 1234 xii.
740 1204 771 1233 7.
794 1203 832 1234 de
855 1213 907 1234 ca-

249 1255 342 1280 nente
359 1250 494 1292 Orpheo.

289 1299 319 1328 3.
353 1299 460 1329 Nurus
489 1300 613 1331 omnino
641 1301 808 1331 mulieres:
836 1301 906 1331 vide

249 1347 289 1377 ad
306 1347 347 1378 ix.
364 1349 437 1378 643.
472 1349 616 1379 Bacchas
631 1349 779 1381 describit
800 1361 818 1380 a
837 1360 905 1380 ves-

249 1396 320 1431 utu,
339 1402 420 1426 ἰθεῖα»
433 1396 550 1438 ferinis
570 1399 748 1434 veHeribus5
773 1398 844 1429 vide
867 1398 907 1429 ad

246 1443 287 1473 iv.
319 1446 348 1475 4.
398 1445 579 1485 Lympham,
610 1447 710 1477 furore
748 1447 908 1477 Bacchico

228 1500 407 1537 *correpta2
436 1496 606 1534 lymphatus
631 1495 750 1536 proprie
776 1496 826 1526 cui
843 1496 908 1526 visa

245 1541 277 1571 in
293 1552 374 1583 aqua
392 1543 548 1584 Nymphae
568 1543 671 1583 imago
689 1544 841 1574 insaniam
860 1545 902 1574 in-

240 1590 328 1631 jecit.
378 1591 510 1622 Tumuli.
536 1593 689 1624 Nonnulli
718 1593 749 1622 in
771 1593 908 1634 Olympo

244 1646 360 1675 monte,
377 1639 430 1670 alii
447 1640 478 1671 in
494 1641 630 1681 Pangaeo
646 1640 678 1671 id
700 1641 818 1671 factum
834 1652 903 1672 nar-

244 1688 366 1719 rabant.
411 1689 494 1720 Vide
519 1690 691 1730 Hyginum.
714 1690 764 1720 De
786 1690 903 1720 Ciconi-

244 1738 296 1767 bus
321 1737 441 1768 dictum
465 1739 505 1769 ad
529 1750 562 1769 x.
585 1739 616 1769 2.
663 1739 826 1774 Percussis,
844 1745 905 1770 etc.

243 1787 437 1818 accinentem
465 1799 538 1818 sono
561 1787 756 1818 chordarum.
777 1799 807 1818 v.
829 1790 904 1820 340.

241 1838 386 1874 percussis
401 1838 559 1878 subjungit
583 1838 719 1866 carmina
736 1839 854 1873 ⁷zervis;
878 1837 901 1867 i.

243 1886 317 1915 518.
337 1896 391 1924 per
407 1896 451 1915 me
473 1887 655 1915 concordant
677 1887 811 1915 carmina
835 1897 901 1916 ner-

242 1934 295 1963 vis.
333 1933 466 1964 Chordae
490 1939 595 1964 autem
612 1933 756 1964 dicuntur
770 1937 901 1973 percuti,

231 1982 342 2021 feriri,
355 1985 483 2022 pulsari,
499 1984 570 2022 pelli
582 1996 590 2012 .·
616 1982 687 2013 vide
706 1983 901 2014 Brouckhus.

243 2029 282 2060 ad
299 2030 506 2072 Propertium,
524 2032 567 2062 lI.
584 2031 604 2062 i.
619 2033 649 2062 9.

287 2080 319 2110 6.
344 2080 466 2110 Juctato
480 2083 573 2115 crine,
590 2091 672 2111 more
690 2081 900 2118 Baccharum,

244 2128 332 2169 (vide
349 2129 387 2159 ad
400 2129 445 2159 iii.
461 2130 554 2169 726.)
571 2136 601 2160 et
616 2130 740 2160 omnino
754 2130 903 2161 fanatico—

242 2188 310 2207 rum
341 2177 651 2219 vaticinantiumque.
703 2178 807 2208 Nostri
836 2191 904 2209 con-

243 2232 388 2266 temptor,·
414 2234 517 2269 spreto
545 2228 626 2258 enim
652 2227 815 2258 mulierum
845 2239 903 2259 usu

243 2286 355 2317 pueros
370 2286 474 2307 amare
491 2277 650 2307 docuerat.
668 2277 760 2307 x.79.
805 2277 855 2307 Sic
872 2283 903 2308 et

243 2324 419 2356 Phanocles
434 2331 527 2366 atque
545 2325 706 2365 Virgilius.
743 2325 803 2356 Sed
820 2326 902 2356 Pau-

241 2374 355 2409 sanias,
378 2374 481 2404 Boeot.
507 2385 537 2416 p.
563 2375 636 2404 768.
660 2374 812 2414 neglectis
834 2375 901 2405 vul-

245 2422 370 2462 garibus
386 2422 595 2464 opinionibus,
615 2422 790 2458 arbitratur,
805 2423 902 2453 Thra-

243 2481 314 2500 cum
341 2472 486 2502 mulieres
516 2477 736 2501 succensentes
760 2471 899 2512 OrpheO,

243 2519 328 2560 quod
349 2520 409 2550 huc
429 2520 504 2550 illuc
521 2531 639 2561 vagans
655 2520 779 2550 maritos
795 2531 902 2551 secum

241 2567 380 2604 duceret,
404 2569 533 2600 insidias
558 2570 705 2600 struxisse
727 2569 798 2599 vitae
824 2570 902 2610 ejus,

241 2622 274 2646 et
310 2616 478 2647 inebriatas
513 2618 683 2658 aliquando
719 2617 899 2658 perfecisse,

241 2663 326 2705 quod
343 2673 434 2696 antea
450 2672 533 2696 metu
549 2666 726 2696 maritorum
742 2676 801 2695 non
818 2676 900 2697 ausae

241 2718 355 2745 essent.
401 2713 483 2745 Hinc
507 2714 682 2746 institutum
705 2715 785 2745 inter
803 2714 900 2746 Thra-

976 1016 1042 1041 ωε,
1073 1012 1108 1037 ut
1133 1005 1190 1036 viri
1220 1017 1283 1037 non
1307 1006 1366 1036 nisi
1404 1005 1567 1036 temulenti
1597 1004 1637 1035 ad

974 1055 1083 1097 praelia
1112 1055 1242 1086 exirent.
1288 1055 1460 1096 .²Eschylus
1488 1054 1527 1085 ad
1558 1055 1641 1085 Bac-

975 1104 1069 1134 chum
1094 1110 1251 1134 auctorem
1275 1114 1339 1134 rem
1364 1103 1524 1138 retulerat,
1544 1113 1638 1144 quem

976 1152 1121 1194 Orpheus
1136 1163 1197 1183 non
1214 1152 1381 1183 celebrarit
1400 1152 1536 1182 carmine
1550 1163 1556 1181 ι
1584 1150 1639 1182 alii

975 1202 1109 1232 Veneris
1135 1202 1271 1243 impulsu
1305 1201 1337 1231 id
1372 1201 1517 1231 mulieres
1546 1210 1638 1231 ausas

975 1261 1042 1281 esse
1066 1250 1253 1280 tradebant:
1283 1250 1355 1280 vide
1379 1249 1540 1291 Hyginum
1565 1249 1596 1279 d.
1613 1249 1637 1279 l.

977 1299 1114 1334 Hastam,
1132 1299 1283 1339 thyrsum,
1301 1299 1339 1328 de
1365 1309 1425 1339 quo
1441 1297 1513 1328 vide
1533 1297 1573 1328 ad
1595 1297 1641 1328 iii.

976 1350 1050 1378 542.
1094 1348 1212 1377 I‘oculin
1231 1346 1474 1383 ora‚canentia;
1500 1345 1593 1376 etiam
1612 1358 1640 1376 v.

977 1397 1039 1427 332
1056 1408 1063 1434 3
1090 1398 1196 1427 voculis
1215 1397 1348 1435 Orpheus
1365 1395 1446 1436 apud
1462 1395 1638 1431 Horatium,

975 1446 1003 1476 Ι.
1028 1445 1089 1476 Od.
1112 1445 1166 1475 xii.
1188 1446 1217 1475 7.
1256 1445 1389 1475 Videtur
1410 1450 1515 1474 autem
1536 1443 1639 1474 laudis

976 1495 1058 1525 notio
1088 1494 1188 1524 inesse
1217 1494 1372 1524 interdum
1403 1494 1474 1524 huic
1497 1493 1576 1529 voci,
1603 1499 1638 1523 ut

975 1543 1079 1574 Schol.
1105 1544 1193 1574 Orat.
1210 1544 1362 1578 observat,
1380 1549 1410 1573 et
1430 1543 1469 1572 de
1490 1542 1527 1572 iis
1548 1553 1636 1573 usur-

974 1600 1084 1634 patum
1111 1603 1188 1628 esse,
1213 1593 1266 1633 qui
1291 1592 1409 1623 claram
1438 1597 1468 1622 et
1495 1602 1638 1622 sonoram

976 1652 1082 1672 vocem
1099 1641 1263 1672 haberent.
1294 1641 1553 1680 l'atisAJmIlinei,
1565 1651 1637 1671 cum

972 1690 1108 1727 delectu,
1130 1701 1224 1732 quem
1248 1690 1344 1720 vereri
1367 1690 1537 1725 debebant,
1562 1690 1635 1731 quia

972 1747 1003 1771 et
1018 1740 1172 1782 Apollinis
1193 1740 1275 1770 filius
1298 1740 1378 1780 (vid.
1395 1740 1436 1770 ad
1451 1751 1481 1770 x,
1499 1740 1587 1780 167.)
1605 1744 1637 1770 et

973 1789 1011 1819 ab
1027 1789 1175 1831 Apolline
1193 1789 1345 1819 musicam
1362 1789 1502 1820 edoctus.
1534 1789 1637 1829 Hygi-

972 1848 1040 1873 nus,
1057 1838 1141 1868 dicto
1156 1838 1238 1868 loco.

1014 1888 1044 1917 9.
1061 1887 1206 1922 Pmsuta,
1222 1887 1330 1919 vincta
1351 1893 1404 1917 aut
1427 1887 1564 1922 omnino,
1580 1891 1635 1917 aut

970 1934 1002 1964 in
1028 1935 1181 1965 anteriore
1200 1941 1307 1976 parte:
1334 1936 1439 1966 confer
1459 1935 1499 1965 ad
1522 1935 1542 1966 i.
1559 1936 1634 1966 699.

970 1983 1117 2014 Similiter
1136 1995 1192 2023 pra
1201 1990 1313 2014 terrum
1338 1983 1482 2020 occurrit,
1499 1990 1534 2014 ut
1549 1985 1634 2015 Fast.

969 2043 1001 2062 v.
1033 2033 1106 2062 567.
1136 2034 1273 2074 Augusto
1305 2038 1481 2071 praeteitum
1515 2035 1632 2063 nomine

971 2082 1122 2119 templum,
1144 2080 1176 2110 id
1203 2086 1250 2110 est
1274 2080 1467 2121 insignitum.
1512 2081 1575 2111 Sed
1595 2081 1634 2111 li-

970 2129 1063 2159 brarii
1080 2140 1174 2170 quum
1193 2129 1370 2170 ignorarent
1385 2130 1415 2160 h.
1427 2130 1550 2160 V.varie
1567 2140 1634 2160 cor-

971 2184 1121 2219 ruperunt
1137 2179 1305 2219 genuinam
1323 2178 1503 2208 lectionem.
1542 2179 1636 2215 Nota,

972 2227 1137 2268 vestigium
1165 2228 1261 2268 thyrsi
1287 2227 1371 2257 missi
1398 2227 1428 2257 in
1454 2238 1505 2258 ore
1532 2238 1634 2258 rema—

970 2287 1058 2311 nens,
1076 2277 1166 2306 xibex
1182 2276 1356 2307 rubicunda
1372 2282 1426 2306 aut
1440 2276 1549 2306 livida.
1583 2277 1634 2307 Sic

970 2325 1056 2356 Fast.
1074 2325 1105 2356 ii.
1122 2327 1196 2356 698.
1213 2333 1296 2367 terga
1314 2332 1428 2361 notata,
1445 2336 1515 2366 quae
1538 2325 1634 2356 habe-

970 2375 1047 2405 bant
1074 2375 1205 2415 vestigia
1231 2376 1405 2406 verberum.
1438 2375 1578 2410 Horatio,
1602 2375 1634 2405 Ι.

971 2423 1033 2454 Od.
1047 2423 1113 2453 xiii.
1135 2425 1184 2453 12.
1200 2430 1271 2453 nota
1287 2429 1334 2453 est
1351 2422 1514 2463 vestigium
1531 2422 1634 2453 dentis

970 2472 1110 2513 impressi
1126 2472 1271 2502 lividum.
1319 2472 1411 2509 Quod
1424 2482 1520 2512 quum
1536 2472 1634 2503 telum

970 2521 1056 2557 facit,
1078 2528 1182 2552 cutem
1218 2521 1332 2551 (licitur
1355 2523 1551 2561 destringere,
1578 2520 1634 2551 xii.

974 2569 1053 2607 1013
1077 2571 1312 2605 conscribilture,
1334 2569 1455 2601 Catull.
1475 2580 1548 2599 xxv-
1571 2570 1633 2608 103

969 2626 1000 2649 et
1015 2618 1215 2660 ἐπιγράφειν,
1228 2620 1359 2649 Homer.
1376 2619 1414 2648 Il.
1432 2623 1468 2648 Δ.
1488 2618 1558 2648 139.

1015 2669 1063 2698 ll.
1089 2667 1127 2698 In
1150 2679 1219 2698 aere
1246 2673 1401 2703 concentu,
1426 2666 1506 2707 etc.]
1534 2666 1632 2697 Ludit

968 2716 1128 2758 ingenium
1145 2717 1272 2755 Ovidii5
1295 2716 1366 2747 ferri
1385 2722 1491 2747 tamen
1507 2714 1559 2746 hic
1579 2715 1628 2745 lu-
