1779 3130
223 187 308 229 334

612 185 661 225 P.
697 184 807 225 OVI
818 184 909 225 DII
943 184 1223 226 NASONIS

226 302 385 355 Clam,
424 299 691 362 Polydore,
731 307 887 362 pater,
927 299 1262 363 Phrygiisque
1306 298 1509 346 removit
1547 299 1608 345 ab

423 375 587 422 armis.

221 451 497 499 Consilium
522 452 738 515 sapiens,
767 450 968 497 sceleris
994 450 1087 497 nisi
1113 451 1317 514 praemia
1340 467 1544 513 magnas

221 528 507 591 Adjecisset
531 544 669 590 opes,
697 526 847 574 animi
872 527 1124 574 irritamen
1149 528 1296 575 avari.

1511 529 1607 573 434

224 604 294 650 Ut
318 604 500 651 cecidit
525 603 744 650 Fortuna
769 604 1044 666 Phrygum,
1071 603 1206 666 capit
1230 604 1410 666 impius
1437 619 1608 650 ensem

222 680 336 727 Rex
361 680 626 734 Thracum,
648 680 926 742 juguloque
951 680 1027 726 sui
1052 679 1224 741 defigit
1249 680 1462 727 alumni:

222 756 304 811 Et,
332 764 571 820 tanquam
596 756 700 804 tolli
726 772 840 802 cum
866 772 1071 819 corpore
1096 756 1302 802 crimina
1326 763 1548 819 possent,

221 833 517 880 Exanimem
542 849 570 880 e
596 833 801 896 scopulo
827 833 1081 894 subjectas
1104 833 1239 880 misit
1263 834 1313 879 in
1339 833 1513 880 undas.

220 908 384 956 Litore
409 909 637 956 Threicio
661 909 873 956 classem
897 909 1132 971 religarat
1157 909 1372 966 Atrides,

1509 911 1605 955 439

222 987 356 1033 Dum
382 1003 514 1034 mare
540 994 789 1049 pacatum,
817 987 937 1033 dum
961 993 1139 1032 ventus
1165 986 1368 1032 amicior
1393 993 1542 1033 esset.

223 1063 317 1109 Hic
344 1063 523 1118 subito,
551 1070 785 1125 quantus,
814 1079 967 1125 quum
991 1064 1194 1119 viveret,
1223 1079 1334 1110 esse
1359 1063 1565 1118 solebat,

221 1139 343 1186 Exit
367 1140 517 1186 humo
542 1140 640 1187 late
666 1147 828 1203 rupta,
857 1140 1134 1203 similisque
1161 1140 1340 1187 minaci

219 1215 480 1279 Temporis
506 1217 635 1264 illius
660 1217 852 1264 vultum
879 1217 1123 1264 referebat
1147 1217 1385 1271 Achilles,

220 1292 331 1346 Quo
357 1292 487 1339 ferus
514 1293 697 1355 injusto
723 1293 866 1356 petiit
893 1293 1267 1355 Agamemnona
1290 1292 1433 1339 ferro.

1508 1294 1606 1338 444

221 1376 251 1393 “
271 1369 695 1432 Immemoresque
715 1369 810 1415 mei
830 1369 1135 1424 disceditis,”
1156 1369 1333 1432 inquit,
1355 1367 1603 1414 “Achivi?

220 1445 515 1508 Obrutaque
541 1453 618 1492 est
642 1461 839 1492 mecum
863 1446 1056 1492 virtutis
1082 1447 1239 1508 gratia
1263 1445 1475 1492 nostrae?
1534 1450 1540 1455 ”

218 1522 296 1570 Ne
316 1522 490 1578 facite3
520 1529 675 1585 utque
702 1539 867 1570 meum
894 1540 990 1569 non
1017 1523 1080 1569 sit
1105 1523 1210 1569 sine
1229 1523 1413 1568 honore
1438 1521 1603 1584 sepul-

217 1599 392 1646 Placet
408 1598 661 1647 Achilleos
678 1608 895 1648 mactata
910 1600 1172 1664 Polyxena
1187 1598 1408 1646 manes.’'
1424 1599 1601 1660 [crum,

217 1675 388 1723 Dixit:
429 1683 479 1722 et
503 1676 679 1723 immiti
704 1677 851 1724 sociis
877 1677 1166 1740 parentibus
1194 1676 1396 1729 umbrae,

258 1841 332 1870 435.
361 1839 497 1869 Fortuna
525 1839 655 1880 singulis
683 1840 770 1870 terris
792 1839 873 1869 urbi-

214 1889 337 1929 busque
352 1888 561 1923 tribuebatur,
577 1898 646 1928 quae
663 1899 734 1918 cum
752 1888 812 1918 illis
827 1888 875 1918 vel

215 1944 295 1968 stare
308 1937 359 1967 vel
375 1939 480 1967 cadere
497 1943 527 1967 et
543 1937 624 1967 vinci
641 1937 811 1968 dicebatur.
851 1938 877 1966 E

215 1988 332 2026 scopulo
355 1988 489 2015 mittitur
510 1987 540 2015 in
563 1988 658 2015 mulas
674 1985 767 2016 etiam
792 1986 875 2026 apud

214 2035 323 2076 Eurip.
347 2035 425 2064 Hec.
441 2035 493 2064 526.
517 2040 547 2063 et
572 2035 651 2071 697;
676 2034 759 2074 apud
784 2035 874 2075 Virg-

215 2090 331 2119 autem,
348 2093 413 2112 ver.
431 2084 483 2113 45.
501 2082 570 2113 telis
585 2083 736 2112 obruitur.

259 2133 332 2162 439.
350 2132 451 2161 Litore
469 2131 612 2166 Threicio,
629 2131 707 2170 etc.]
728 2132 763 2160 In
778 2130 873 2161 Thra-

215 2182 264 2213 cia
280 2180 383 2212 Graeci
400 2180 529 2215 Achilli,
546 2180 577 2210 in
594 2191 666 2221 agro
679 2180 812 2221 Trojano
828 2191 873 2210 se-

213 2229 736 2272 pultomevorc‘zrpiovextruxerant.
769 2230 874 2265 Quum

214 2279 307 2320 igitur
336 2277 495 2308 discedere
519 2278 646 2312 vellent,
671 2278 780 2307 umbra
807 2278 874 2318 ejus

215 2333 355 2369 apparet,
370 2334 400 2357 et
423 2327 571 2368 postulat,
587 2332 622 2357 ut
641 2326 788 2356 Manibus
811 2327 873 2356 suis

218 2377 391 2417 Polyxena,
419 2376 557 2406 Hecubae
582 2376 655 2410 filia,
680 2375 876 2412 immoletur,

215 2425 390 2466 Euripides,
407 2426 486 2454 Hcc.
502 2426 542 2455 35
557 2435 626 2465 sqq.
640 2424 701 2454 110
717 2434 774 2464 sqq
788 2436 795 2461 ;
819 2424 872 2454 Se-

216 2483 304 2508 neca,
332 2473 444 2503 Troad.
475 2474 555 2510 1913
593 2473 633 2509 Q.
665 2472 780 2503 Calah.
811 2472 873 2502 xiv.

214 2522 310 2551 Extat
332 2522 363 2551 in
387 2532 455 2552 eam
476 2521 605 2551 Ausonii
629 2520 774 2562 Epitaph.
791 2520 874 2551 xxvi.

214 2570 260 2599 Ex
288 2570 416 2610 antiqua
441 2569 616 2605 traditione,
639 2580 730 2610 quain
754 2569 874 2599 Arclin.

214 2623 245 2648 et
269 2624 375 2647 auctor
395 2617 540 2648 carminis
559 2618 680 2649 Νόστοι
702 2618 872 2652 servarunt,

216 2666 348 2696 Achillis
375 2668 482 2697 umbra
505 2667 624 2697 Graecis
647 2667 676 2696 in
702 2677 774 2707 agro
797 2667 871 2696 Tro-

211 2717 284 2756 jano
300 2715 441 2756 apparuit
456 2728 461 2744 ;
480 2715 533 2746 sed
551 2717 664 2746 Noster
681 2715 730 2746 hic
746 2725 869 2756 quoque

1506 1676 1602 1720 449

944 1838 1102 1880 Euripidis
1120 1838 1252 1879 vestigia
1266 1838 1390 1879 premit.
1438 1838 1601 1878 Religzirat

942 1887 1135 1918 retinaculis.
1185 1887 1277 1922 Dum,
1294 1886 1411 1925 donec3
1436 1886 1505 1916 vide
1524 1886 1602 1916 Bur-

942 1946 1091 1966 mannum
1108 1935 1147 1965 ad
1164 1935 1289 1966 Phaedr.
1306 1935 1371 1965 III.
1390 1946 1418 1964 x.
1438 1935 1488 1964 13.
1521 1936 1603 1964 ,4ιηί-

943 1987 1015 2020 cior,
1042 1992 1076 2015 ut
1101 1984 1195 2014 Trist.
1225 1984 1251 2014 I.
1279 1996 1310 2014 v.
1339 1985 1387 2014 17.
1413 1990 1498 2014 rento
1516 1984 1603 2024 ferri

942 2037 1046 2064 anzir-n.
1091 2034 1192 2064 Docte
1214 2045 1251 2064 ex
1273 2034 1418 2068 Homero,
1435 2034 1473 2063 ll.
1489 2038 1527 2063 A.
1543 2034 1601 2063 188

942 2094 1011 2124 sqq.
1028 2088 1146 2113 certum
1163 2082 1321 2122 quoddam
1339 2088 1463 2122 tempus
1485 2091 1601 2112 memo-

945 2138 1001 2166 rat,
1025 2142 1085 2172 quo
1115 2131 1269 2161 minacem
1295 2131 1448 2160 habuerat
1472 2129 1603 2162 vultum.

944 2180 1050 2221 Refert
1075 2186 1106 2210 et
1132 2182 1228 2209 reddit
1246 2179 1367 2209 vultum
1393 2179 1531 2214 alterius,
1549 2179 1602 2220 qui

942 2229 970 2258 ei
995 2228 1103 2258 similis
1126 2234 1191 2265 est3
1216 2228 1286 2258 vide
1311 2228 1469 2258 Drakenb.
1485 2228 1524 2258 ad
1544 2228 1600 2258 Sil.

941 2277 972 2307 ii.
990 2279 1064 2308 634.
1113 2278 1218 2313 Peziit‚
1234 2283 1338 2319 petere
1354 2277 1462 2307 voluit.

985 2328 1057 2357 447.
1084 2328 1154 2357 Sine
1180 2328 1298 2361 ιἰοιιονε,
1320 2327 1386 2356 sine
1412 2326 1540 2363 inferiis,
1567 2332 1600 2357 ut

940 2387 1027 2407 sacra
1044 2387 1125 2418 saepe
1142 2377 1262 2406 honores
1276 2376 1431 2406 dicuntur.

985 2426 1057 2455 449.
1104 2426 1253 2455 Socim-um
1293 2424 1454 2455 sententiae
1491 2423 1597 2454 divisae

940 2481 1038 2509 erant,
1055 2474 1123 2504 aliis
1144 2485 1204 2503 non
1221 2476 1385 2513 parendum
1406 2475 1511 2503 immiti
1534 2485 1598 2503 um-

940 2525 997 2553 hrae
1012 2523 1232 2553 censentibus:
1248 2522 1302 2552 sed
1320 2523 1368 2552 hic
1385 2533 1507 2563 quoque
1525 2522 1599 2552 vicit

939 2571 1096 2611 eloquium
1123 2571 1262 2611 Ulyssis;
1292 2571 1432 2611 Euripid.
1457 2581 1519 2600 ver.
1540 2572 1598 2601 119

940 2629 1006 2659 seq.
1076 2619 1203 2649 Forelmt
1240 2619 1376 2659 eleganti
1416 2619 1598 2660 metaphora

941 2677 1073 2696 amorem
1097 2666 1252 2707 exprimit,
1278 2678 1339 2708 quo
1363 2674 1507 2707 parentes
1530 2678 1595 2697 am-

939 2715 1119 2756 plectuntur
1142 2716 1264 2747 liberos.
1309 2717 1394 2746 Solus
1416 2723 1448 2746 et
1470 2718 1595 2747 solitudo
