1779 3130
245 186 301 225 58
639 180 689 220 P.
723 177 934 218 OVIDII
969 174 1248 217 NASONIS

255 297 418 344 Triste
438 296 614 349 solum,
633 293 831 347 sterilis,
850 291 956 338 sine
972 290 1129 351 fruge,
1144 289 1249 335 sine
1272 288 1444 334 arbore
1464 286 1634 341 tellus3

256 373 431 436 Frigus
458 373 586 418 iners
614 369 711 415 illic
737 368 980 422 habitant,
1009 366 1294 427 Pallorque,
1317 363 1638 424 Tremorque,

260 450 325 496 Et
343 451 516 512 jejuna
541 446 750 492 Fames:
781 460 839 490 ea
864 459 917 490 se
943 443 991 488 in
1016 440 1290 505 praecordia
1310 439 1493 487 condat
1546 440 1635 484 791

262 524 501 587 Sacrilegi
528 523 770 570 scelerata
789 520 940 583 jube:

982 535 1072 565 nec
1099 517 1243 581 copia
1267 531 1428 562 rerum

259 603 441 648 Vincat
466 616 574 647 eam
597 618 606 657 ;
637 604 941 661 superetque
967 611 1103 641 meas
1125 592 1396 640 certamine
1419 591 1563 637 vires.

262 678 403 726 Neve
420 678 510 724 viae
537 675 754 739 spatium
778 681 826 720 te
852 680 1048 726 terreat,
1072 670 1243 734 accipe
1269 684 1440 716 currus
1460 686 1470 725 3

262 756 466 818 Accipe,
485 770 611 816 quos
636 752 785 799 frenis
812 752 911 797 alte
936 750 1207 804 moderere,
1229 744 1518 794 dracones.”
1551 746 1646 790 795

267 832 332 879 Et
356 831 521 878 dedit:
562 830 645 876 illa
665 830 780 876 dato
807 829 1046 874 subvecta
1070 842 1157 889 per
1182 840 1297 871 aera
1314 839 1460 870 curru

267 907 483 955 Devenit
508 906 557 952 in
585 905 872 969 Scythiam3
902 903 1147 965 rigidique
1168 900 1425 948 cacumine
1450 897 1648 952 montis,

269 985 531 1032 Caucason
557 983 828 1046 appellant,
853 987 1140 1044 serpentum
1166 979 1295 1025 colla
1318 975 1524 1030 levavit3

269 1060 643 1122 Quaesitamque
670 1059 873 1105 Famem
898 1057 1121 1120 lapidoso
1146 1055 1272 1101 vidit
1295 1054 1343 1099 in
1369 1068 1486 1114 agro

274 1137 554 1199 Unguibus,
576 1143 626 1182 et
650 1151 782 1182 raras
796 1134 1062 1181 vellentem
1081 1131 1312 1179 dentibus
1334 1130 1530 1177 herbas,
1556 1131 1652 1174 800

273 1298 369 1327 bitant
396 1307 457 1327 non
480 1296 689 1333 mutandum,
713 1295 826 1326 etenim
847 1305 928 1338 saepe

276 1347 398 1382 Noster,
423 1352 457 1376 ut
484 1351 587 1375 monet
614 1345 824 1380 Burmannus,
851 1355 929 1385 pra?-

274 1394 369 1424 mittit
385 1395 512 1424 verbum
526 1393 646 1435 plurale
661 1392 861 1434 sequentibus
877 1403 929 1423 no-

276 1443 411 1473 minibus
427 1442 591 1483 singularis
606 1442 736 1472 numeri.

319 1494 394 1523 793.
419 1493 501 1522 Meas
520 1495 606 1528 sires,
623 1490 848 1522 abundantiam
868 1490 930 1521 fru-

277 1551 364 1581 gum,
380 1551 457 1582 quas
479 1551 536 1580 ego
553 1540 675 1580 largior.
724 1540 881 1570 Certamen,
896 1539 934 1569 il-

276 1590 331 1620 lud
360 1590 441 1620 infra
474 1589 667 1620 describitur.
727 1589 776 1619 De
814 1588 936 1619 Cereris

278 1640 455 1668 draconibus
480 1644 511 1668 et
535 1649 627 1668 curru
653 1637 723 1668 vide
751 1637 789 1667 ad
813 1649 843 1667 v.
863 1637 936 1667 642.

278 1687 338 1716 Pro
368 1688 428 1716 alte
453 1686 613 1717 Gebhard.
639 1686 686 1716 Π.
715 1685 807 1727 Crep.
834 1686 870 1715 17
899 1695 936 1715 ex

280 1735 372 1765 MSS.
387 1735 462 1776 legit
474 1737 571 1770 alites,
587 1745 681 1776 quam
692 1745 798 1765 vocem
814 1734 845 1764 in
860 1733 937 1764 duas.

280 1784 419 1823 syllabas
441 1783 606 1814 contrahit.
653 1784 709 1814 Nil
733 1783 938 1819 mutandum,

281 1842 369 1863 versu
385 1834 458 1863 813.
474 1836 564 1863 versis
579 1834 710 1863 sublimis
726 1834 844 1863 habenis
860 1844 868 1868 ‚·
892 1832 936 1862 ita

283 1886 314 1911 et
326 1892 354 1910 v.
368 1882 428 1912 648
442 1893 449 1919 3
466 1882 519 1911 vii.
535 1882 609 1912 222.
646 1881 740 1922 Regii
757 1881 851 1911 nostri
866 1883 936 1912 alte.

327 1931 399 1960 798.
427 1931 576 1960 Caucasus
601 1930 721 1971 frigoris
750 1936 781 1960 et
806 1930 936 1961 horrida)

283 1977 460 2009 solitudinis
476 1980 578 2019 imago
595 1979 677 2020 apud
693 1985 812 2020 poetas.

328 2027 400 2057 799.
419 2027 633 2068 Quaesitamque
644 2027 773 2063 Famem,
790 2027 866 2067 etc.]
885 2027 938 2058 Se-

285 2074 389 2116 quitur
400 2074 519 2116 insigne
534 2087 636 2106 rursus
649 2077 826 2118 exemplum
841 2076 939 2118 phan-

285 2124 371 2154 tasiae
390 2124 552 2154 Ovidianae
576 2125 608 2155 in
627 2124 685 2155 hac
708 2125 810 2155 Famis
834 2135 938 2166 proso-

286 2171 423 2213 popoeia,
438 2173 525 2213 cujus
539 2173 655 2204 foedam
670 2179 702 2203 et
716 2173 942 2204 odiosissimam

287 2219 456 2260 imaginem
483 2221 527 2251 ita
556 2228 626 2252 ante
653 2222 757 2252 oculos
785 2222 882 2264 ponit,
909 2228 942 2252 ut

290 2269 396 2300 lectori
408 2269 482 2300 item
495 2269 590 2300 ferme
605 2271 738 2307 accidat,
747 2271 830 2312 quod
843 2272 943 2312 Nym-

289 2319 359 2359 phae
376 2329 440 2349 ver.
458 2320 531 2349 812.
550 2320 618 2350 I'isa
637 2328 734 2350 tamen
749 2323 866 2352 sensisse
883 2321 942 2351 Fa-

288 2379 373 2398 mem.
418 2367 449 2397 si
479 2367 547 2408 quis
572 2368 669 2410 pictor
698 2376 752 2400 aut
778 2370 944 2401 statuarius

290 2416 371 2447 hanc
387 2416 556 2457 imaginem
570 2417 766 2458 exprimeret,
777 2426 866 2449 nemo
877 2419 945 2460 ejus

291 2471 450 2506 aspectum
479 2465 654 2497 sustineret.
700 2467 800 2498 Recte
823 2467 945 2498 Ernesti

292 2513 332 2543 de
356 2513 415 2544 hac
442 2515 659 2556 prosopopoeia
688 2521 719 2545 et.
747 2515 785 2546 de
812 2516 946 2556 imagine

292 2561 517 2593 Erisichthonis
534 2563 601 2604 jam
622 2564 804 2595 somniantis
819 2565 923 2595 cibum
939 2578 944 2594 ε

293 2614 314 2627 “
331 2611 409 2647 Quae
436 2610 494 2640 nisi
521 2611 663 2647 admirer,
684 2612 761 2642 nihil
781 2612 946 2643 viderim.”

296 2659 450 2689 Omnibus
469 2658 535 2690 istis
550 2660 638 2690 bonis
654 2667 738 2691 caret
754 2661 878 2693 Callim.
894 2662 946 2702 qui

295 2717 390 2738 unum
415 2708 492 2739 illud
513 2714 627 2744 monet,
650 2709 792 2741 Cererem
817 2711 844 2741 ei
870 2711 945 2751 inje-

997 1295 1073 1325 cisse
1094 1292 1343 1324 ardentissimam
1364 1296 1394 1321 et
1414 1290 1588 1331 improbam
1609 1287 1655 1319 fa-

998 1354 1090 1374 mem.
1123 1343 1204 1373 Cum
1220 1341 1278 1372 hoc
1294 1341 1363 1370 loco
1380 1340 1495 1370 confer.
1523 1337 1657 1375 Quintil,

998 1393 1091 1423 Decl.
1118 1392 1170 1422 xii.
1198 1403 1229 1433 p.
1255 1401 1297 1421 m.
1320 1391 1403 1428 2103
1434 1388 1488 1419 Sil.
1510 1388 1543 1418 ii.
1569 1388 1655 1425 4613

1000 1440 1206 1476 Claudianus,
1222 1451 1271 1470 xv.
1287 1440 1324 1469 21
1341 1450 1412 1480 sqq.

1045 1492 1117 1521 800.
1144 1491 1242 1520 Rarus
1267 1488 1415 1519 Heinsius
1437 1498 1475 1517 ex
1498 1486 1569 1517 MS.
1595 1486 1657 1515 Bo-

1003 1539 1142 1570 noniensi
1158 1539 1307 1575 dederat,
1330 1539 1530 1568 Burmannus
1555 1541 1658 1566 tamen

1002 1589 1159 1620 revocavit
1176 1591 1262 1623 raris,
1278 1594 1344 1618 tum
1360 1587 1434 1628 quia
1451 1585 1578 1626 reliquis
1593 1594 1659 1614 om-

1003 1639 1104 1674 nibus,
1126 1646 1160 1668 ut
1184 1636 1272 1673 crini,
1297 1636 1401 1671 labri&
1422 1635 1577 1670 faucibus,
1599 1639 1660 1664 etc.

1004 1688 1151 1729 epitheta,
1163 1697 1232 1728 quae
1244 1686 1471 1716 deformitatem
1483 1683 1660 1724 designant,

1005 1737 1113 1767 addita
1149 1742 1230 1771 sunt,
1261 1741 1327 1765 tum
1366 1733 1440 1775 quia
1468 1743 1574 1764 omnes
1612 1732 1662 1772 (et

1006 1786 1099 1817 nostri
1137 1786 1232 1816 etiam
1261 1783 1384 1824 Regii)
1414 1788 1525 1823 praeter
1549 1791 1659 1816 unum,

1005 1834 1139 1865 Codices
1153 1844 1189 1864 ea
1207 1832 1369 1863 exhibent.
1395 1832 1461 1871 Ego
1475 1841 1548 1861 vero
1559 1829 1660 1860 Hein-

1003 1883 1082 1913 sium
1111 1888 1236 1913 secutus
1265 1892 1345 1911 sum.
1404 1879 1553 1910 Nondum
1579 1878 1663 1909 enim

1004 1937 1098 1973 poeta
1119 1932 1246 1961 Famem
1269 1929 1426 1964 describit,
1449 1928 1504 1959 sed
1531 1928 1598 1969 ejus
1627 1938 1662 1958 a—

1004 1992 1093 2022 grum
1108 1992 1193 2010 raras
1207 1980 1317 2010 herbas
1333 1979 1512 2009 habentem.
1540 1979 1581 2008 Et
1603 1987 1665 2019 quo

1002 2030 1071 2071 jure
1082 2029 1170 2060 Fami
1185 2039 1267 2058 raros
1281 2030 1382 2058 dentes
1395 2027 1553 2058 dedisset?
1576 2027 1664 2057 Den-

1008 2086 1053 2109 tes
1069 2078 1152 2109 enim
1174 2078 1230 2108 illa
1251 2088 1313 2108 non
1337 2076 1466 2108 excutit.
1514 2077 1595 2106 Cava
1617 2077 1663 2106 lu-

1009 2129 1100 2164 mina,
1129 2127 1204 2168 quia
1231 2127 1341 2157 Fames
1378 2125 1484 2156 exedit
1519 2125 1666 2166 pulvillos

1009 2176 1121 2212 carnis,
1135 2176 1189 2217 qui
1205 2177 1335 2216 cingunt
1347 2175 1465 2211 oculos,
1477 2185 1591 2215 eosque
1607 2174 1666 2204 tol-

1009 2225 1088 2255 lunt.
1140 2224 1274 2261 Quintil.
1306 2225 1420 2254 Carum
1444 2225 1535 2253 macie
1563 2229 1666 2262 caput,

1010 2275 1123 2305 conditi
1141 2275 1261 2314 penitus
1281 2274 1373 2309 oculi,
1398 2274 1546 2303 destitutae
1575 2283 1666 2313 genoe.

1011 2322 1216 2358 Claudianus,
1253 2323 1333 2352 oculi
1359 2324 1498 2361 jacentes
1526 2322 1666 2351 interius.

1011 2371 1113 2401 Labra
1136 2371 1228 2401 etiam
1254 2371 1418 2412 absumpta
1441 2371 1555 2411 fingere
1576 2375 1665 2412 potu-

1011 2419 1095 2450 isset.
1139 2418 1273 2456 Quintil.
1291 2421 1382 2449 nudos
1405 2421 1494 2449 labris
1514 2421 1667 2449 trementi-

1013 2469 1064 2499 bus
1079 2470 1188 2501 dentes.
1232 2469 1309 2499 Mox
1326 2468 1468 2499 revocavi
1485 2470 1580 2499 scabri
1595 2470 1667 2499 den-

1015 2525 1065 2553 tes,
1090 2518 1175 2558 quod
1204 2517 1352 2549 Ciofanus
1377 2523 1407 2548 et
1431 2517 1578 2548 Heinsius
1603 2528 1668 2559 prae

1014 2567 1109 2596 altero
1123 2566 1347 2607 scabraefaaces
1360 2572 1552 2607 spreverant.
1591 2566 1668 2596 Ovi-

1013 2614 1083 2644 dius
1097 2625 1157 2645 non
1173 2615 1230 2645 nisi
1244 2621 1405 2645 externam
1421 2615 1525 2644 Famis
1539 2615 1669 2644 formam

1013 2662 1170 2701 describit,
1183 2663 1329 2705 §tharasium
1353 2669 1456 2694 autern
1482 2665 1587 2705 rubigo
1608 2673 1668 2693 non

1013 2722 1102 2753 aeque
1125 2723 1161 2743 ac
1187 2713 1320 2750 Quintil.
1344 2716 1447 2744 inanes
1459 2712 1605 2754 faucium
1629 2715 1668 2742 si-
