1779 3130
373 161 991 205 METAMORPHOSEON
1024 161 1145 204 LIB.
1177 161 1270 204 XI.

1427 163 1512 204 213

133 275 385 339 Concipe;
426 283 583 323 mater
606 278 701 324 eris
721 277 933 339 juvenis,
961 277 1046 340 qui
1071 276 1280 324 fortibus
1306 276 1431 324 actis

132 351 263 399 Acta
285 352 440 415 patris
464 352 656 409 vincet3
697 354 954 414 majorque
977 352 1234 399 vocabitur
1259 352 1393 399 illo.'’

134 426 284 489 Ergo,
311 444 374 475 ne
399 428 672 490 quidquam
696 429 911 475 mundus
937 427 1060 475 Jove
1085 429 1244 490 majus
1270 429 1491 486 haberet,

134 502 370 556 Quamvis
395 503 526 549 haud
550 503 744 566 tepidos
771 505 863 550 sub
889 511 1089 567 pectore
1115 511 1338 551 senserat
1358 504 1514 567 ignes,

131 577 161 624 J
168 579 366 641 uppiter
391 595 632 641 aequoreae
657 579 884 626 Thetidis
910 580 1161 626 connubia
1183 580 1331 637 vitat;

1418 584 1514 627 226

134 653 295 717 Inque
321 670 410 701 sua
434 654 673 701 AEaciden
699 655 966 702 succedere
990 662 1105 702 vota
1128 663 1362 719 nepotem

131 729 162 775 J
168 730 306 785 ussit,
334 738 383 777 et
401 731 661 793 amplexus
686 731 736 777 in
760 730 960 793 virginis
986 731 1055 778 ire
1079 731 1295 778 marinae.

200 805 293 853 Est
316 806 452 853 sinus
479 805 750 853 Haemoniae
776 822 950 853 curvos
975 806 1185 854 falcatus
1211 807 1261 853 in
1286 822 1457 865 arcus;

136 881 351 929 Brachia
374 889 698 945 procurrunt3
734 883 834 938 ubi,
856 884 897 929 si
921 883 1046 931 soret
1064 883 1207 930 altior
1231 883 1380 940 unda,
1419 888 1518 931 230

134 957 314 1005 Portus
340 966 469 1015 erat3
510 959 715 1006 summis
741 959 999 1007 inductum
1025 967 1103 1007 est
1127 976 1297 1022 aequor
1322 961 1498 1008 arenis.

136 1033 274 1082 Litus
299 1036 451 1082 habet
474 1036 703 1092 solidum,
731 1037 865 1099 quod
891 1053 981 1084 nec
1006 1036 1216 1098 vestigia
1238 1044 1426 1095 servet3

137 1179 263 1219 πατρὸς
297 1179 401 1209 τεκεῖν
438 1178 581 1210 ποντίαν
610 1179 699 1211 θεόν.
756 1180 794 1211 Id

135 1227 248 1257 Noster
262 1226 305 1257 ita
320 1226 483 1267 expressit,
501 1228 610 1268 utjam
626 1227 794 1268 respiceret

134 1275 232 1305 Pelea
260 1281 291 1305 et
319 1275 488 1310 Achillem,
518 1286 647 1316 quorum
680 1276 734 1307 ille
762 1277 793 1308 in

137 1323 220 1353 bello
249 1329 357 1354 contra
385 1324 571 1360 Centauros,
602 1323 734 1365 aliisque
762 1325 794 1356 in

136 1371 359 1402 certaminibus
379 1371 501 1408 enituit,
518 1372 573 1403 sed
597 1372 659 1403 illae
686 1374 795 1405 laudes

137 1421 214 1451 nihil
241 1420 281 1451 ad
306 1421 361 1451 filii
377 1422 480 1460 fortia
502 1427 581 1457 actu,
603 1432 653 1452 res
678 1421 794 1453 fortiter

137 1476 250 1510 gestas,
274 1470 376 1509 Major
391 1470 431 1500 ad
446 1470 658 1501 fortitudinem
675 1477 706 1501 et
724 1471 797 1502 inde

137 1526 279 1560 paratam
292 1519 422 1559 gloriam
438 1519 633 1550 referendum
646 1526 704 1550 est.
732 1521 797 1550 Ho-

136 1574 194 1598 rat.
225 1569 253 1599 Ι.
282 1568 346 1598 Od.
377 1579 428 1598 xv.
457 1570 510 1599 28.
541 1569 669 1609 Tydides
696 1571 800 1600 melior

137 1623 235 1656 patre.
285 1616 503 1658 Apollodorus,
528 1617 559 1648 h.
585 1617 606 1647 l.
635 1618 799 1659 Κρείττων

140 1667 198 1696 τοῦ
214 1665 351 1706 πατρός.
398 1665 571 1702 Vocabitur,
588 1666 656 1703 erit,
672 1672 706 1697 ut
722 1668 799 1706 κλη-

139 1714 285 1752 θήσεται.

182 1765 256 1794 224.
286 1763 378 1805 Ergo,
404 1774 440 1793 ne
466 1765 627 1804 quidquam.
656 1767 795 1801 mundus,

139 1812 217 1852 etc.]
243 1811 386 1842 Timebat
400 1812 535 1853 Jupiter,
552 1823 590 1842 ne
612 1812 692 1842 filius
707 1823 744 1843 ex
760 1823 798 1843 ea

139 1866 231 1891 natus
245 1871 277 1891 se
293 1861 331 1891 de
347 1871 440 1901 regno
455 1860 614 1902 dejiceret,
626 1866 660 1891 ut
674 1862 739 1902 ipse
754 1862 796 1891 fe-

140 1914 226 1940 cerat
240 1910 373 1939 Saturno
387 1910 478 1951 patri.
522 1910 601 1939 Eam
617 1910 656 1940 ob
671 1920 798 1940 causam

140 1957 279 1998 exagitat
294 1968 365 1988 eum
378 1957 570 1994 Lactantius,
583 1958 613 1988 d.
628 1959 649 1988 l.
694 1959 800 1989 Antea

140 2007 308 2047 Neptunus
336 2017 408 2037 cum
434 2017 470 2037 eo
500 2007 539 2037 de
568 2007 627 2037 hoc
655 2007 800 2048 conjugio

140 2060 332 2092 certaverat,
356 2055 506 2097 Apollod.
556 2056 654 2086 Thetis
668 2056 800 2087 Thessa-

141 2104 206 2134 lum
235 2114 362 2134 numen.
407 2104 596 2135 connubium
626 2105 800 2135 verecunde

142 2162 196 2193 pro
212 2152 390 2182 concubitu.
435 2152 485 2182 Sic
500 2154 612 2192 nuptiae
635 2153 720 2194 apud
734 2153 800 2183 Ho-

142 2199 266 2235 ratium,
292 2201 357 2230 ΙΙΙ.
383 2200 446 2231 Od.
472 2201 505 2231 ii.
533 2203 583 2231 ll.
630 2201 692 2230 Sua
721 2207 800 2236 vota,

142 2248 333 2279 connubium
347 2259 365 2278 a
376 2259 408 2278 se
422 2249 605 2290 expetitum.
640 2250 803 2281 Succedere

143 2299 176 2327 in
199 2304 265 2327 vota
287 2298 384 2332 Jovis,
407 2298 586 2338 conjugium
608 2297 697 2333 inire,
718 2298 801 2338 quod

141 2346 266 2387 Jupiter
291 2345 368 2376 inire
393 2346 542 2377 voluerat.
587 2346 626 2376 In
652 2348 801 2386 amplexus

143 2397 270 2437 virginis
283 2398 325 2425 ire
337 2395 475 2426 modeste
489 2396 688 2426 concubitum
698 2397 799 2437 expri-

145 2444 214 2478 mit,
232 2450 265 2474 ut
279 2444 333 2474 vii.
348 2444 422 2474 616.
436 2446 488 2474 sub
503 2445 654 2483 amplexus
667 2447 721 2475 ire.

187 2494 261 2524 229.
285 2494 450 2529 Haemonia,
465 2493 640 2529 Thessalia3
664 2493 734 2524 vide
759 2494 798 2523 ad

144 2542 165 2571 i.
180 2543 253 2572 568.
298 2543 339 2572 Et
361 2544 417 2573 hoc
438 2543 506 2573 loco
526 2541 709 2582 intelligitur
729 2552 800 2583 pars

144 2590 312 2621 Thessaliae
334 2601 384 2626 ea,
401 2601 471 2631 quae
496 2590 650 2620 Phthiotis
673 2590 799 2620 diceba-

146 2644 206 2674 tur,
223 2638 275 2669 ubi
290 2640 440 2680 regnabat
454 2639 578 2675 Peleus,
593 2644 623 2669 et
639 2649 708 2680 quae
724 2638 800 2668 mari

146 2687 320 2728 adjacebat.
365 2689 486 2720 AEacus
508 2686 634 2729 quidem
650 2687 799 2728 AEginam

862 1180 996 1211 insulam
1017 1180 1157 1216 tenebat,
1173 1179 1228 1210 sed
1242 1180 1393 1210 Telamon
1415 1185 1446 1210 et
1462 1180 1521 1211 Pe-

862 1229 929 1260 leus
953 1239 1049 1269 quum
1073 1228 1214 1258 Phocum
1241 1228 1366 1258 fratrem
1390 1227 1521 1258 occidis·

861 1283 932 1307 sent
943 1276 999 1317 (de
1013 1286 1075 1316 qua
1087 1275 1174 1306 eaede
1185 1276 1299 1306 Noster
1311 1275 1523 1316 fab.sequenti

860 1324 1023 1366 exponet‚)
1034 1325 1139 1365 fugere
1152 1324 1225 1354 inde
1240 1323 1340 1354 coacti
1354 1329 1438 1354 sunt.
1461 1324 1522 1354 Te-

861 1373 965 1404 lamon
976 1373 1070 1414 igitur
1079 1373 1237 1403 Salamina
1248 1372 1399 1414 pervenit,
1410 1372 1525 1403 Peleus

862 1428 966 1452 autem
990 1421 1148 1457 Phthiam,
1163 1421 1203 1451 ad
1226 1421 1328 1451 sinum
1350 1421 1523 1451 Maliacum

863 1482 896 1501 se
923 1471 1066 1506 contulit,
1086 1470 1140 1500 ubi
1165 1471 1203 1501 ab
1228 1469 1407 1511 Eurytione,
1429 1469 1526 1500 dueta

863 1520 930 1560 ejus
953 1520 1017 1550 filia
1040 1519 1212 1560 Antigona,
1238 1519 1270 1549 in
1294 1518 1379 1559 regni
1404 1524 1524 1559 partem

863 1568 978 1598 ascitus
999 1573 1057 1599 est.
1104 1567 1276 1608 Aliquanto
1298 1573 1367 1607 post
1387 1566 1524 1597 Thetida

864 1616 971 1654 duxit3
985 1616 1055 1646 vide
1068 1615 1294 1657 Apollodorum
1305 1614 1336 1645 d.
1349 1615 1370 1645 l.
1381 1621 1412 1645 et
1421 1614 1527 1646 Schol-

865 1665 1093 1706 Aristophanis,
1105 1664 1144 1695 ad
1156 1665 1276 1700 Nubes,
1286 1675 1315 1695 v.
1329 1665 1421 1694 1059.
1447 1664 1526 1694 Cur-

864 1725 911 1744 vos
930 1714 1071 1755 falcatus
1101 1716 1134 1743 in
1159 1724 1271 1749 arcus,·
1299 1712 1396 1743 tribus
1423 1713 1526 1743 verbis

865 1761 995 1792 formam
1010 1772 1137 1792 curvam
1149 1761 1312 1803 exprimit:
1337 1771 1394 1791 nec
1411 1760 1442 1791 in
1457 1772 1527 1792 sen-

865 1810 982 1846 tentiis,
1009 1821 1065 1841 nec
1091 1810 1123 1841 in
1148 1810 1249 1841 verbis
1275 1820 1388 1851 parcus
1413 1810 1527 1841 Noster

865 1864 924 1890 est.
973 1860 1106 1889 Brachia
1129 1858 1341 1889 extremitates
1368 1858 1465 1889 litoris
1486 1859 1526 1889 si-

867 1918 941 1938 num
968 1907 1145 1943 ambientis,
1172 1917 1242 1948 quae
1267 1906 1427 1937 commode
1455 1918 1526 1938 curn

866 1957 1001 1987 brachiis
1016 1961 1246 1998 comparantur.
1277 1955 1352 1985 Vid.
1367 1955 1471 1986 Cei-da
1486 1956 1527 1986 ad

867 2006 994 2037 AEneid.
1008 2005 1052 2036 iii.
1067 2007 1142 2036 533.
1173 2005 1282 2035 Genua
1297 2003 1443 2034 dicuntur
1457 2005 1525 2035 Va—

868 2055 942 2085 lerio
966 2056 1052 2085 Flac.
1069 2067 1099 2085 v.
1115 2055 1191 2085 410.
1239 2054 1318 2083 Erat
1346 2063 1413 2094 pro,
1435 2059 1527 2084 esset.

869 2104 1006 2140 Summis,
1017 2109 1078 2134 etc.
1116 2104 1183 2133 Hoc
1195 2102 1274 2138 vult,
1286 2101 1349 2132 leni
1365 2112 1448 2143 aqua
1463 2107 1527 2133 tec-

869 2157 932 2183 tam
948 2152 1041 2183 fuisse
1056 2162 1192 2182 arenam.

910 2202 985 2231 232.
1013 2202 1145 2241 Vestigia
1168 2212 1227 2230 non
1251 2206 1359 2235 servat,
1374 2210 1435 2230 non
1457 2200 1529 2230 reti-

869 2256 923 2280 net
938 2249 1066 2290 vestigia
1080 2249 1239 2290 impressa,
1257 2249 1340 2289 quod
1363 2249 1427 2278 fieri
1449 2248 1529 2279 solet

869 2297 901 2328 in
917 2298 992 2328 locis
1014 2297 1149 2328 arenosis
1163 2303 1196 2328 et
1218 2297 1345 2332 limosis,
1361 2307 1431 2337 quae
1447 2296 1526 2327 adeo

868 2353 1058 2377 remorantur
1081 2348 1148 2382 iter,
1170 2346 1245 2376 dum
1272 2345 1370 2386 magis
1396 2344 1529 2385 fatigant

867 2394 1028 2431 viatorem,
1039 2405 1172 2436 eumque
1188 2394 1305 2424 tardius
1318 2393 1461 2424 incedere
1477 2404 1529 2424 co-

867 2450 955 2484 gunt.
1008 2443 1142 2478 Plinius,
1174 2444 1219 2473 11.
1248 2442 1348 2483 Epist.
1377 2441 1451 2472 xvii.
1487 2444 1527 2473 2:

866 2497 885 2508 “
902 2492 1027 2533 Excipit
1050 2493 1106 2522 iter
1127 2492 1232 2532 aliqua
1250 2502 1288 2521 ex
1312 2497 1398 2532 parte
1420 2502 1527 2523 areno-

866 2552 945 2576 sum,
958 2540 1076 2581 junctis
1098 2541 1190 2582 paulo
1205 2539 1329 2580 gravius
1348 2545 1379 2570 et
1395 2540 1527 2581 longius,

866 2600 947 2630 equo
962 2590 1053 2620 breve
1068 2595 1100 2619 et
1114 2588 1242 2619 molle.’'
1291 2590 1434 2628 Opertum
1453 2601 1527 2629 pen-

867 2640 935 2668 deat
971 2637 1108 2673 suavius,
1150 2647 1254 2678 quam,
1297 2643 1437 2679 opertum
1473 2639 1525 2669 sit.

868 2687 951 2724 Quia
966 2687 1038 2728 alga
1049 2688 1169 2727 pendet,
1178 2686 1318 2718 imminet
1332 2686 1425 2724 litori,
1434 2698 1524 2729 prop-
