1779 3130
378 169 997 211 METAMORPHOSEON
1032 169 1151 210 LIB.
1186 169 1249 210 X.

1423 170 1507 212 183

124 283 333 330 Telluris
352 284 550 347 Cypriae
570 300 682 347 pars
704 284 914 347 optima:
940 299 1089 346 quem
1109 283 1227 330 mihi
1247 283 1394 346 prisci
1410 287 1506 331 645

130 360 395 406 Sacravere
422 376 581 414 senes,
607 360 908 422 templisque
935 360 1172 406 accedere
1196 360 1365 406 dotem

126 434 268 482 Hanc
290 437 483 497 jussere
509 435 660 483 meis:
701 430 864 482 medio
890 436 1014 482 nitet
1039 436 1180 482 arbor
1205 436 1253 481 in
1278 452 1408 491 arvo,

128 511 281 558 Fulva
305 527 513 566 comam,
540 511 673 558 fulvo
700 512 846 558 ramis
873 511 1232 574 crepitantibus
1258 528 1391 559 auro.

127 586 256 633 Hinc
282 587 374 634 tria
397 587 521 635 forte
547 603 658 634 mea
680 588 883 634 veniens
909 588 1146 649 decerpta
1169 586 1387 634 ferebam

125 663 291 710 Aurea
310 680 457 726 poma
481 680 627 709 manu
647 682 656 719 ;
688 663 910 725 nullique
929 663 1157 716 videnda,
1175 662 1266 708 nisi
1287 663 1396 725 ipsi,
1415 667 1511 711 650

128 738 476 802 Hippomenen
503 740 628 795 adii3
669 739 931 801 docuique,
961 738 1072 801 quis
1098 755 1216 785 usus
1243 739 1291 784 in
1316 739 1427 786 illis.

131 816 284 877 Signa
298 818 429 862 tubae
445 817 702 872 dederant,
722 832 876 878 quum
893 831 1089 862 carcere
1104 831 1288 877 pronus
1304 822 1512 879 uterque

130 891 340 948 Emicat,
368 900 418 940 et
442 908 685 939 summam
711 892 854 938 celeri
882 891 1009 954 pede
1034 891 1157 936 libat
1181 906 1396 938 arenam.

130 967 287 1015 Posse
312 976 456 1031 putes
482 969 590 1015 illos
617 969 748 1015 sicco
772 968 897 1015 freta
921 968 1091 1014 radere
1116 983 1283 1030 passu,

134 1042 198 1090 Et
223 1046 406 1106 segetis
433 1061 569 1091 canae
596 1052 783 1092 stantes
811 1060 1096 1108 percurrere
1121 1044 1312 1091 aristas.

132 1186 217 1217 dedit
227 1186 358 1228 Dionysi
370 1188 452 1218 mala
464 1199 518 1218 suo
531 1188 625 1230 capiti
637 1189 787 1220 detracta.

132 1235 193 1265 Sed
212 1235 291 1265 alius
306 1236 410 1267 Schol.
426 1236 464 1266 ad
481 1236 523 1267 iii.
541 1238 594 1267 40.
611 1237 692 1267 male
714 1248 785 1268 auc-

134 1289 178 1313 tor
206 1289 263 1318 est,
293 1295 330 1314 ex
360 1285 569 1326 Hesperidum
597 1286 692 1316 hortis
721 1286 788 1316 haec

132 1342 224 1372 poma
248 1333 354 1363 allata.
400 1334 502 1363 Etiam
528 1334 615 1375 Virg.
630 1334 732 1365 Catal.
748 1334 790 1364 xi.

134 1382 188 1411 25.
236 1381 434 1419 Hesperidum
460 1393 580 1412 munere
608 1389 701 1424 capta
725 1393 791 1413 esse

134 1429 285 1459 Atalanta
301 1430 442 1460 traditur.

177 1479 252 1509 647.
284 1480 370 1509 Nitec
397 1480 510 1519 arbon]
547 1480 685 1517 Quidam
715 1483 790 1512 viret

135 1529 233 1563 arbor,
251 1529 332 1569 quod
357 1529 555 1559 Burmannus
573 1540 633 1560 non
653 1530 792 1566 damnat,

137 1577 210 1617 quia
235 1577 266 1607 id
284 1579 411 1608 verbum
437 1588 510 1608 auro
534 1579 698 1616 convenit;
723 1579 793 1609 vide

138 1626 176 1655 ad
198 1626 241 1656 iv.
260 1627 331 1657 636.
380 1628 488 1662 Fulvo,
514 1637 615 1657 aurea.
664 1628 793 1663 Comum,

138 1676 281 1713 frondes3
305 1675 376 1705 vide
398 1676 437 1706 ad
453 1687 517 1706 ver.
538 1677 608 1706 103.
654 1676 685 1705 Si
703 1676 796 1706 lectio

139 1726 354 1762 crepitantibus
370 1735 457 1760 sana,
468 1724 651 1765 cogitandus
667 1730 713 1754 est
728 1735 794 1755 cre-

140 1773 223 1813 pitus
260 1773 324 1802 sive
365 1783 468 1807 sonus,
510 1783 602 1813 quem
640 1773 797 1803 faciebant

140 1822 261 1853 frondes
284 1833 383 1852 aureae
409 1828 512 1853 motae.
558 1823 597 1852 Et
618 1828 703 1863 puto,
728 1833 796 1853 eam

140 1882 245 1902 sanam
271 1882 356 1901 esse:
383 1870 545 1911 Virgilius,
570 1872 646 1901 AEn.
664 1871 707 1901 vi.
724 1872 797 1901 209.

141 1921 171 1950 in
188 1918 279 1949 simili
295 1919 410 1949 arboris
425 1919 641 1961 descriptione,
660 1921 718 1949 leni
734 1931 796 1949 cre-

139 1970 254 2008 pitabat
272 1970 388 1998 bractea
408 1975 501 2004 vento,
517 1974 548 1999 et
569 1967 610 1998 xi.
628 1969 700 1999 775.
716 1970 798 1999 sinus

141 2017 392 2058 crepantesfult'o
406 2028 490 2047 auro.

185 2067 259 2096 649.
285 2066 354 2095 Mea
377 2066 524 2105 veniens]
552 2066 641 2096 Unus
664 2065 795 2096 Leiden-

142 2114 184 2145 sis
199 2115 411 2153 meajuvenis;
436 2113 584 2144 Heinsius
603 2114 728 2154 conjicit
738 2117 795 2154 ju-

146 2166 230 2199 reni5
248 2163 448 2194 Constantius
463 2164 539 2193 Fan.
555 2169 585 2193 et
601 2163 799 2194 Burmannus

144 2215 329 2252 meqjuveni,
339 2217 374 2242 ut
387 2211 507 2242 Adonis
520 2212 712 2252 intelligatur
725 2224 732 2250 3
749 2223 797 2243 sa-

147 2261 184 2291 tis
199 2261 313 2291 blande
327 2265 358 2290 et
369 2261 508 2291 comiter.
533 2261 571 2291 In
583 2262 654 2295 illis,
665 2260 798 2297 illorum,

146 2315 210 2345 aut,
227 2309 301 2339 illis.
346 2309 396 2339 Sic
419 2309 461 2339 ix.
477 2309 550 2339 670.
566 2311 598 2338 in
620 2309 682 2344 illo,
696 2309 800 2347 illius;

147 2358 199 2389 vii.
220 2359 302 2395 6823
327 2358 388 2389 xiv.
411 2358 485 2388 268.
530 2358 634 2387 Etiam
658 2357 802 2398 Hyginus

147 2409 275 2442 edoctus,
291 2409 356 2446 quis
370 2417 441 2436 usus
457 2408 488 2436 in
504 2408 543 2436 eis
559 2412 637 2436 esset.

191 2457 266 2486 652.
283 2458 377 2497 Signa
390 2458 464 2485 tulus
476 2455 648 2496 dederant]
666 2455 703 2485 In
714 2465 802 2496 seqq.

149 2504 300 2545 expressit
327 2504 459 2534 nobilem
484 2503 662 2534 certaminis
687 2502 804 2534 nautici

150 2552 389 2593 descriptionem
419 2552 502 2593 apud
533 2552 644 2592 Virgil.
671 2553 746 2582 AEn.
773 2562 803 2581 v.

154 2600 214 2630 124
229 2611 298 2641 sqq.
346 2600 426 2630 Tubu
442 2600 563 2641 signum
582 2600 713 2631 dabatur
728 2605 759 2630 et
773 2600 805 2629 in

151 2648 265 2689 praeliis
294 2654 325 2679 et
352 2649 383 2679 in
411 2648 641 2679 certaminibus.
688 2648 806 2678 Pronus

153 2697 274 2737 egregie
297 2697 396 2738 pingit
418 2697 517 2728 nisum
541 2703 571 2728 et
593 2698 734 2728 habitum
755 2708 804 2728 eo-

1419 1048 1513 1092 655

853 1199 930 1224 rum,
948 1188 1014 1229 qui,
1028 1194 1061 1218 ut
1076 1188 1137 1218 vim
1154 1187 1271 1218 addant
1287 1187 1435 1218 emicanti
1449 1199 1513 1219 cor-

854 1237 932 1279 pori,
950 1243 1079 1268 extenso
1094 1237 1191 1267 altero
1206 1236 1286 1277 pede
1303 1235 1516 1278 inclinataque

855 1286 895 1316 ad
911 1292 1022 1317 terram
1044 1285 1199 1327 superiore
1220 1285 1354 1326 corporis
1369 1291 1468 1326 parte,
1485 1297 1517 1317 se

855 1335 1000 1366 emittunt
1019 1335 1050 1365 in
1070 1334 1217 1364 stadium.
1262 1333 1323 1364 Sed
1345 1333 1376 1364 id
1400 1335 1515 1365 Noster

856 1383 951 1413 habet
971 1393 989 1413 a
1004 1382 1148 1423 Virgilio,
1164 1381 1248 1412 dicto
1264 1382 1343 1418 loco,
1360 1392 1422 1414 ver.
1440 1384 1515 1414 147.

857 1432 910 1463 ubi
934 1431 1047 1472 aurigae
1070 1433 1156 1470 proni
1181 1433 1211 1461 in
1236 1432 1356 1461 verbera
1375 1434 1518 1470 pendent,

859 1486 890 1511 et
915 1481 1030 1520 Georg.
1057 1480 1103 1510 iii.
1131 1480 1203 1510 107.
1226 1482 1315 1519 proni
1340 1481 1415 1510 dant
1442 1482 1516 1512 lora.

860 1530 960 1570 Supra
974 1529 1016 1559 ix.
1033 1530 1084 1558 44.
1100 1529 1181 1559 idem
1200 1529 1306 1559 vocab.
1320 1528 1359 1558 de
1374 1529 1520 1560 luctanti-

861 1578 931 1607 bus.
981 1579 1108 1608 Carcere
1127 1589 1181 1619 pro
1202 1577 1371 1613 usitatiore,
1388 1579 1519 1609 carceri-

861 1626 933 1656 bus.

906 1675 980 1704 654.
1007 1674 1091 1703 Posse
1112 1674 1224 1713 putes]
1253 1674 1303 1704 Ita
1327 1674 1521 1707 celerrimum

863 1734 986 1753 cursum
1023 1733 1171 1763 equorum
1210 1723 1432 1764 hominumque
1469 1725 1524 1756 de—

864 1771 1051 1812 scripserunt
1066 1772 1206 1806 Veteres,
1220 1772 1347 1801 Homer.
1366 1772 1403 1801 Il.
1415 1776 1448 1803 Y.
1459 1774 1523 1804 226

865 1829 921 1859 sqq
937 1831 944 1856 3
970 1819 1116 1860 Apollon.
1131 1819 1151 1849 i.
1168 1821 1246 1857 1793
1271 1820 1359 1860 Virg.
1376 1822 1452 1852 ΖΕΗ.
1471 1822 1524 1854 vii.

866 1868 927 1898 808
941 1879 1008 1908 sqq.
1033 1869 1080 1898 Ea
1091 1867 1294 1898 volubilitatis
1306 1869 1382 1899 ratio
1394 1870 1524 1902 offendit

865 1917 991 1947 multos.
1032 1918 1147 1947 Noster
1172 1917 1262 1953 adeo,
1279 1917 1321 1948 rei
1345 1919 1522 1951 molliendae

865 1975 970 2001 causa,
987 1965 1088 1999 addit,
1108 1965 1194 1995 Posse
1212 1973 1308 2004 putes.
1354 1967 1414 1997 Sed
1439 1969 1523 2009 apud

865 2013 1026 2054 Hyginum
1043 2014 1105 2044 fab.
1121 2015 1173 2045 89.
1188 2014 1272 2056 equi,
1288 2025 1366 2056 quos
1379 2016 1450 2047 Troi
1470 2018 1524 2048 de*

865 2062 953 2092 derat
979 2064 1112 2104 Jupiter,
1136 2074 1224 2103 snper
1248 2075 1339 2104 aquas
1364 2072 1391 2095 et
1417 2069 1524 2097 aristas

866 2113 1034 2142 ambulant.
1080 2113 1188 2148 Passa,
1207 2113 1300 2154 pede.
1319 2113 1448 2150 Radere,
1461 2115 1524 2146 leni

866 2161 981 2202 pedum
1002 2166 1087 2191 motu
1105 2172 1160 2203 per
1173 2161 1339 2193 intervalla
1354 2163 1463 2194 leviter
1479 2170 1525 2195 at-

867 2210 1002 2250 tingere:
1027 2210 1098 2241 vide
1122 2211 1269 2242 Walken.
1285 2211 1324 2241 ad
1344 2211 1524 2253 Euripidem

867 2259 980 2290 Phoen.
1004 2269 1065 2290 ver.
1092 2260 1182 2290 1399.
1228 2260 1322 2302 Apud
1346 2260 1525 2292 Minucium

868 2308 936 2338 Fel.
953 2308 984 2338 ii.
998 2309 1028 2339 3.
1044 2314 1126 2339 testa
1141 2308 1209 2344 illa,
1222 2319 1284 2349 qua
1299 2310 1384 2350 pueri
1402 2310 1526 2347 ludunt,

868 2355 981 2386 dicitur
1005 2356 1129 2386 dorsum
1152 2356 1245 2386 maris
1268 2360 1385 2387 radere.
1428 2359 1527 2400 Supra

870 2403 910 2434 iv.
927 2405 1000 2434 561.
1016 2404 1059 2435 sic
1082 2410 1130 2435 est
1152 2406 1348 2447 destringere.
1395 2407 1525 2445 Staures,

870 2458 1000 2483 erectas.
1042 2453 1212 2494 Propertio,
1227 2453 1286 2483 IV.
1303 2465 1333 2484 v.
1351 2455 1400 2484 12.
1414 2459 1526 2487 stantia

871 2507 943 2532 sunt
966 2507 1097 2542 segetes,
1113 2501 1248 2538 frutices,
1266 2503 1400 2533 arbores.
1449 2505 1524 2535 Per-

872 2561 993 2581 currere
1016 2552 1134 2587 aristas,
1151 2560 1271 2581 currere
1293 2562 1385 2593 super
1408 2552 1527 2585 aristas.

874 2599 1024 2639 Virgilius
1039 2599 1072 2629 d.
1089 2599 1112 2629 l.
1152 2599 1215 2629 Illa¹
1231 2601 1275 2630 vel
1291 2601 1410 2631 intactae
1425 2605 1529 2643 segetis

872 2658 924 2686 per
937 2659 1049 2677 swmna
1066 2649 1179 2678 volaret
1197 2649 1357 2685 Gramina,
1374 2661 1426 2680 nec
1447 2658 1525 2681 lene-

874 2707 922 2726 ras
936 2707 1024 2726 cursu
1044 2698 1156 2727 Ioesisset
1170 2699 1289 2728 aristas.
