1779 3130
230 181 324 222 160⁷
619 178 670 219 P.
705 177 920 219 OVIDII
956 179 1236 221 NASONIS

234 293 345 340 Hoc
371 292 630 356 prohibete
656 291 811 347 nefas,
839 293 1119 355 scelerique
1144 293 1359 342 resistite
1385 301 1551 352 taut03

235 371 287 416 Si
305 377 471 416 tamen
486 369 580 415 hoc
599 369 764 416 scelus
781 376 882 417 est:
907 370 996 417 sed
1012 369 1144 417 enim
1162 370 1399 418 damnare
1415 378 1624 433 negatur

232 446 377 494 Hanc
403 445 650 493 Venerem
676 446 866 510 pietas3
908 454 1192 510 coeuntque
1217 447 1449 495 animalia
1473 448 1610 494 nullo

233 524 417 570 Cetera
441 522 667 580 delectu3
709 539 800 571 nec
825 524 1036 571 habetur
1060 531 1205 588 turpe
1224 526 1453 587 juvencae
1524 527 1619 571 325

231 599 381 647 Ferre
406 606 598 663 patrem
623 607 791 662 tergo:
831 600 886 647 fit
911 616 1042 663 equo
1068 617 1158 647 sua
1182 600 1284 647 filia
1308 602 1520 663 conjux3

232 675 473 739 Quasque
494 676 692 733 creavit,
714 677 807 724 init
826 679 1065 741 pecudes,
1083 693 1259 741 caper:
1289 677 1516 741 ipsaque,
1535 693 1620 724 cu-

233 752 434 800 Semine
460 760 705 816 concepta
728 760 821 810 est,
851 770 914 802 ex
940 755 1024 802 illo
1051 754 1269 817 concipit
1293 753 1414 800 ales.
1519 755 1622 816 [jus

232 829 442 885 Felices,
471 830 653 892 quibus
679 830 774 877 ista
797 831 975 878 licent!
1015 831 1234 878 humana
1257 830 1499 893 malignas

232 906 367 953 Cura
391 907 528 953 dedit
552 907 706 969 legeS,
735 914 785 954 et
809 908 945 970 quod
974 907 1169 954 Natura
1194 906 1418 962 remittit,
1524 909 1621 952 330

231 982 407 1029 Invida
425 984 539 1046 jura
562 990 774 1045 negant:
816 991 990 1046 gentes
1016 991 1184 1031 tamen
1212 999 1323 1031 esse
1348 983 1585 1039 feruntur,

232 1058 290 1104 In
317 1059 498 1121 quibus
526 1066 576 1106 et
600 1067 717 1106 nato
743 1060 989 1121 genetrix,
1018 1067 1068 1107 et
1091 1067 1209 1107 nata
1231 1060 1427 1123 parenti

229 1134 258 1180 J
264 1134 478 1197 ungitur,
515 1142 565 1182 et
590 1136 749 1199 pietas
776 1137 1026 1198 geminato
1052 1137 1233 1184 crescit
1258 1153 1439 1185 amore.

232 1210 319 1258 Me
345 1211 591 1266 miseram,
621 1213 756 1274 quod
781 1228 878 1259 non
904 1214 1042 1260 nasci
1067 1213 1188 1260 mihi
1214 1214 1423 1276 contigit
1445 1213 1562 1268 illic,

233 1287 550 1350 Fortunaque
576 1289 670 1336 loci
695 1290 874 1336 laedor!
901 1291 1022 1353 quid
1047 1290 1097 1337 in
1122 1290 1219 1337 ista
1244 1290 1496 1337 revolvor?
1523 1293 1619 1337 335

271 1453 345 1483 320.
368 1453 547 1494 Etsecnm]
571 1454 716 1495 Sequitur
731 1455 890 1496 soliloqui-

229 1512 293 1538 um,
310 1501 341 1532 in
366 1513 426 1543 quo
449 1513 521 1533 mox
545 1503 676 1533 affectus
695 1504 803 1540 vincit,
819 1514 889 1534 mox

228 1560 305 1581 sana
328 1551 416 1587 ratio,
441 1558 475 1582 ut
498 1562 591 1592 supra
613 1552 656 1583 ix.
681 1554 743 1583 473
766 1563 836 1595 sqq.
859 1553 890 1583 in

228 1599 430 1630 fluctuatione
454 1600 611 1642 Byblidis.
656 1601 796 1632 Primum
815 1612 892 1633 sana

228 1648 303 1679 satis
321 1655 379 1685 est,
396 1655 427 1680 et
444 1650 584 1680 Deorum
605 1649 758 1681 auxilium
778 1650 889 1692 implo-

228 1703 291 1728 rat:
321 1699 387 1732 Quo
406 1700 598 1739 menteferor
613 1699 694 1730 bene
717 1699 755 1730 de
772 1699 819 1735 iis,
836 1700 890 1742 qui

227 1747 365 1778 sentiunt
393 1758 426 1778 se
454 1748 569 1779 furiosa
603 1749 733 1779 consilia
768 1759 891 1791 capere.

230 1797 337 1826 Moliri
352 1797 390 1827 de
407 1797 490 1827 omni
506 1803 629 1828 conatu.
676 1798 789 1834 Pietas,
805 1809 888 1829 reve-

228 1845 327 1876 rentia
345 1846 526 1888 parentibus
545 1846 663 1882 debita,
680 1853 837 1888 spectatur
856 1854 891 1878 ut

228 1905 354 1926 numen.
401 1895 538 1931 Sacrata,
555 1906 653 1931 sacra,
669 1901 704 1926 ut
727 1896 889 1938 Virgilius,

230 1945 306 1975 AEn.
322 1943 354 1975 ii.
376 1945 446 1975 157.

272 1994 348 2023 324.
378 1992 493 2023 Coeunt
516 1994 601 2023 nullo
624 1993 770 2034 delecta]
805 1994 890 2024 Olim

227 2041 380 2072 edebatur
393 2042 477 2071 nullo
492 2043 621 2079 delict0;
638 2042 787 2072 Heinsius
803 2043 891 2074 malit

228 2090 354 2126 dilectu,
371 2089 436 2121 sine
460 2100 571 2122 causa:
598 2092 730 2132 deligere
752 2092 835 2122 enim
860 2099 891 2123 et

227 2139 353 2180 diligere
375 2140 469 2170 verba
497 2139 637 2181 ejusdem
664 2139 798 2170 notionis
823 2151 889 2171 esse

227 2187 320 2217 docet
339 2188 538 2219 Burmannus
561 2188 702 2230 plurimis
725 2189 888 2230 exemplis,

227 2247 321 2276 quem
336 2236 419 2268 vide.
455 2237 518 2268 Sed
535 2243 606 2268 nota
622 2237 655 2267 in
670 2248 740 2279 sqq.
755 2237 888 2269 varieta-

228 2291 290 2315 tem
313 2286 473 2322 orationis,
494 2297 558 2328 qua
580 2287 764 2318 concubitus
787 2287 888 2329 expri-

227 2334 337 2364 mitur:
362 2337 448 2365 nnllo
463 2336 592 2372 delectu,
610 2336 675 2366 sine
692 2335 887 2366 discrimine.

271 2384 345 2415 329.
375 2384 521 2415 Humana
544 2396 631 2421 cura,
656 2395 710 2426 pro
738 2384 888 2422 homineS,

227 2432 281 2472 qui
297 2443 402 2463 curam
418 2440 529 2474 gerunt
543 2444 656 2470 rerum,
670 2433 735 2465 uti.
748 2434 801 2464 48.
813 2445 889 2464 cura

230 2482 298 2512 Dei.
324 2482 490 2524 Malignas,
509 2482 643 2518 invidas,
661 2494 731 2524 quae
748 2482 889 2514 invident

228 2528 405 2560 hominibus
425 2532 578 2562 Venerem
594 2542 788 2562 concessam.
831 2532 888 2562 Re-

228 2579 355 2613 mittere,
367 2579 550 2616 concedere,
560 2580 683 2611 veniam
697 2580 782 2611 dare.
807 2580 889 2611 Gen-

230 2633 270 2656 tes
287 2632 350 2656 tam
369 2627 513 2659 efferatas
531 2635 562 2660 et
578 2629 729 2659 immanes
750 2639 888 2670 unquam

228 2675 322 2706 fuisse
352 2676 502 2707 credibile
534 2688 595 2708 non
623 2684 680 2708 est.
725 2677 889 2718 Ingeniose

228 2730 330 2755 tamen
342 2724 431 2755 illum
445 2736 561 2757 morem
578 2727 785 2763 commendat,
797 2729 891 2766 pietas

956 1457 1108 1497 geminato
1123 1456 1227 1486 crescit
1243 1465 1352 1484 amore.
1391 1454 1551 1484 Potuisset
1566 1453 1624 1485 eti-

959 1515 1020 1540 am,
1037 1510 1072 1535 ut
1086 1514 1179 1545 supra
1195 1503 1318 1545 Byblis,
1332 1503 1473 1533 Deorum
1488 1502 1624 1533 auctori-

958 1559 1040 1584 tates
1055 1563 1308 1584 commemorare.
1353 1552 1477 1594 Jupiter
1494 1551 1575 1582 enirn
1591 1558 1624 1583 et

958 1602 1049 1633 matri
1072 1608 1214 1643 stuprum
1237 1601 1348 1633 inferre
1370 1601 1479 1637 voluit,
1497 1607 1528 1631 et
1552 1612 1623 1632 cum

958 1651 1023 1682 filia
1038 1652 1226 1688 concubuit3
1250 1651 1303 1681 sed
1321 1658 1404 1682 recte
1425 1650 1497 1681 illas
1521 1651 1623 1681 omisit

959 1701 1074 1732 Noster
1101 1701 1133 1731 in
1162 1701 1292 1741 flagitio,
1321 1701 1410 1742 cujus
1444 1699 1620 1731 foeditatem

958 1750 1042 1780 omni
1054 1750 1145 1781 modo
1159 1755 1328 1781 aversatur.
1352 1748 1508 1791 Equidem
1518 1757 1622 1791 gentes

958 1805 1022 1830 tam
1038 1799 1194 1835 efferatas,
1214 1807 1248 1829 ut
1264 1798 1308 1830 ait
1321 1809 1351 1830 c.
1365 1809 1396 1829 v.
1432 1798 1551 1840 Gierz'g,
1563 1809 1621 1829 un-

959 1859 1051 1889 quam
1087 1848 1227 1879 extitisse
1264 1858 1324 1878 non
1358 1847 1531 1884 crederem,
1563 1848 1623 1878 nisi

957 1897 1159 1938 Trogloditae,
1172 1895 1349 1938 AEthiopes,
1361 1897 1522 1927 brutorum
1539 1906 1622 1928 more

958 1946 1110 1980 viventes,
1126 1945 1303 1987 promiscua
1321 1944 1468 1986 conjugia
1486 1944 1566 1975 inter
1589 1956 1621 1976 se

957 1993 1159 2032 habuissent,
1177 1993 1235 2024 nisi
1250 1993 1315 2035 ipse
1333 1993 1447 2029 Attila,
1460 1992 1514 2023 ille
1530 1993 1621 2023 Hun-

957 2053 1066 2073 norum
1084 2049 1245 2084 tyrannus,
1260 2052 1348 2072 suam
1364 2042 1461 2072 filiam
1477 2041 1536 2072 sibi
1552 2052 1618 2072 ma-

957 2090 1101 2122 trimonio
1120 2091 1277 2133 junxisset
1302 2089 1383 2121 inter
1404 2090 1620 2131 plaudentium

956 2140 1142 2181 populorum
1157 2139 1274 2180 gaudia
1289 2147 1320 2170 et
1337 2138 1592 2170 acclamationes.

1001 2190 1076 2220 335.
1102 2189 1243 2219 Fortuna
1268 2190 1322 2219 Ioci
1348 2190 1447 2224 lcedor,
1464 2188 1617 2219 fortunam

956 2237 1057 2268 habeo
1072 2238 1244 2273 adversam,
1263 2237 1344 2279 quod
1361 2243 1437 2268 nata
1451 2247 1519 2267 sum
1534 2236 1567 2267 in
1583 2237 1620 2268 iis

956 2288 1042 2323 locis,
1052 2286 1105 2317 ubi
1119 2293 1182 2317 tam
1198 2287 1343 2328 malignae
1356 2287 1452 2327 leges.
1477 2285 1617 2316 Fortuna

958 2337 1012 2367 loci
1035 2336 1129 2366 etiam
1152 2335 1231 2367 inter
1253 2336 1338 2367 Deas
1358 2335 1477 2374 relata3
1502 2335 1517 2364 Ι
1533 2336 1618 2367 Fast-

957 2386 1029 2415 209.
1059 2385 1105 2414 Ea
1120 2395 1211 2415 casus
1225 2385 1363 2415 locorum
1378 2384 1516 2425 regebat,
1526 2384 1617 2425 eique

956 2434 1022 2464 fata
1045 2444 1112 2469 sua,
1128 2444 1259 2474 quorum
1284 2444 1394 2464 causas
1418 2444 1478 2463 non
1502 2433 1617 2463 intelli·

956 2483 1083 2523 gebant,
1108 2482 1248 2513 homines
1274 2482 1491 2520 ascribebant3
1525 2493 1618 2523 supra

956 2531 998 2561 iv.
1012 2532 1095 2568 5653
1119 2531 1276 2567 Lucanus,
1291 2531 1334 2561 iv.
1351 2532 1424 2561 661.
1470 2531 1523 2561 Ad
1547 2541 1615 2561 eam

955 2580 1049 2619 igitur
1073 2580 1166 2610 etiam
1190 2580 1387 2610 nativitatem
1411 2590 1499 2610 suam
1524 2581 1619 2610 refert

958 2628 1097 2669 Myrrha.
1127 2629 1264 2659 Laedizur
1281 2628 1417 2658 Fortuna
1435 2628 1471 2664 is,
1488 2629 1541 2669 qui
1558 2629 1616 2658 for-

958 2683 1064 2708 tunam
1089 2677 1182 2708 habet
1206 2688 1383 2709 novercam.
1399 2677 1440 2708 iv.
1465 2688 1503 2708 ex
1528 2678 1618 2708 Pont.

957 2726 998 2756 vi.
1016 2727 1066 2756 39.
