<?xml version="1.0" encoding="UTF-8"?>
<!DOCTYPE html PUBLIC "-//W3C//DTD XHTML 1.0 Transitional//EN"
    "http://www.w3.org/TR/xhtml1/DTD/xhtml1-transitional.dtd">
<html xmlns="http://www.w3.org/1999/xhtml" xml:lang="en" lang="en">
 <head>
  <title>
</title>
<meta http-equiv="Content-Type" content="text/html;charset=utf-8" />
  <meta name='ocr-system' content='tesseract 3.04.00' />
  <meta name='ocr-capabilities' content='ocr_page ocr_carea ocr_par ocr_line ocrx_word'/>
</head>
<body>
  <div class='ocr_page' id='page_1' title='image "./povidiinasonisop04oviduoft_0136.png"; bbox 0 0 1779 3130; ppageno 0'>
   <div class='ocr_carea' id='block_1_1' title="bbox 267 169 1259 214">
    <p class='ocr_par' dir='ltr' id='par_1_1' title="bbox 267 169 1259 214">
     <span class='ocr_line' id='line_1_1' title="bbox 267 169 1259 214; baseline -0.002 0"><span class='ocrx_word' id='word_1_1' title='bbox 267 174 351 214; x_wconf 77' lang='lat'>124</span> <span class='ocrx_word' id='word_1_2' title='bbox 651 170 701 211; x_wconf 92' lang='lat' dir='ltr'>P.</span> <span class='ocrx_word' id='word_1_3' title='bbox 735 169 949 211; x_wconf 89' lang='lat' dir='ltr'>OVIDII</span> <span class='ocrx_word' id='word_1_4' title='bbox 983 169 1259 212; x_wconf 87' lang='lat' dir='ltr'>NASONIS</span> 
     </span>
    </p>
   </div>
   <div class='ocr_carea' id='block_1_2' title="bbox 269 283 1648 576">
    <p class='ocr_par' dir='ltr' id='par_1_2' title="bbox 269 283 1648 499">
     <span class='ocr_line' id='line_1_2' title="bbox 271 283 1645 346; baseline -0.002 -14"><span class='ocrx_word' id='word_1_5' title='bbox 271 285 401 332; x_wconf 90' lang='lat' dir='ltr'>Hinc</span> <span class='ocrx_word' id='word_1_6' title='bbox 418 300 553 331; x_wconf 89' lang='lat' dir='ltr'>amor</span> <span class='ocrx_word' id='word_1_7' title='bbox 571 285 824 330; x_wconf 86' lang='lat' dir='ltr'>ambarum</span> <span class='ocrx_word' id='word_1_8' title='bbox 840 283 1003 345; x_wconf 79' lang='lat' dir='ltr'>tetigit</span> <span class='ocrx_word' id='word_1_9' title='bbox 1018 284 1138 330; x_wconf 89' lang='lat' dir='ltr'>rude</span> <span class='ocrx_word' id='word_1_10' title='bbox 1156 290 1354 346; x_wconf 82' lang='lat' dir='ltr'>pectus3</span> <span class='ocrx_word' id='word_1_11' title='bbox 1379 290 1430 331; x_wconf 88' lang='lat' dir='ltr'>et</span> <span class='ocrx_word' id='word_1_12' title='bbox 1446 299 1645 345; x_wconf 87' lang='lat' dir='ltr'>aequum</span> 
     </span>
     <span class='ocr_line' id='line_1_3' title="bbox 269 359 1648 422; baseline -0.002 -15"><span class='ocrx_word' id='word_1_13' title='bbox 269 362 461 407; x_wconf 84' lang='lat' dir='ltr'>Vulnus</span> <span class='ocrx_word' id='word_1_14' title='bbox 487 360 683 422; x_wconf 87' lang='lat' dir='ltr'>utrique</span> <span class='ocrx_word' id='word_1_15' title='bbox 708 360 847 406; x_wconf 89' lang='lat' dir='ltr'>tulit:</span> <span class='ocrx_word' id='word_1_16' title='bbox 888 360 976 405; x_wconf 90' lang='lat' dir='ltr'>sed</span> <span class='ocrx_word' id='word_1_17' title='bbox 1002 366 1105 406; x_wconf 91' lang='lat' dir='ltr'>erat</span> <span class='ocrx_word' id='word_1_18' title='bbox 1124 359 1306 406; x_wconf 89' lang='lat' dir='ltr'>fiducia</span> <span class='ocrx_word' id='word_1_19' title='bbox 1329 360 1511 422; x_wconf 81' lang='lat' dir='ltr'><strong>dispar.</strong></span> <span class='ocrx_word' id='word_1_20' title='bbox 1551 363 1648 405; x_wconf 84' lang='lat'>720</span> 
     </span>
     <span class='ocr_line' id='line_1_4' title="bbox 274 436 1485 499; baseline -0.002 -15"><span class='ocrx_word' id='word_1_21' title='bbox 274 437 507 499; x_wconf 86' lang='lat' dir='ltr'>Conjugii</span> <span class='ocrx_word' id='word_1_22' title='bbox 533 443 796 499; x_wconf 85' lang='lat' dir='ltr'>pactaeque</span> <span class='ocrx_word' id='word_1_23' title='bbox 822 443 1055 499; x_wconf 76' lang='lat' dir='ltr'>expectat</span> <span class='ocrx_word' id='word_1_24' title='bbox 1082 443 1305 498; x_wconf 88' lang='lat' dir='ltr'>tempora</span> <span class='ocrx_word' id='word_1_25' title='bbox 1327 436 1485 491; x_wconf 84' lang='lat' dir='ltr'>taedae,</span> 
     </span>
    </p>

    <p class='ocr_par' dir='ltr' id='par_1_3' title="bbox 274 510 1646 576">
     <span class='ocr_line' id='line_1_5' title="bbox 274 510 1646 576; baseline -0.001 -17"><span class='ocrx_word' id='word_1_26' title='bbox 274 514 537 576; x_wconf 82' lang='lat' dir='ltr'>Quamque</span> <span class='ocrx_word' id='word_1_27' title='bbox 546 513 701 559; x_wconf 89' lang='lat' dir='ltr'>virum</span> <span class='ocrx_word' id='word_1_28' title='bbox 719 519 860 574; x_wconf 88' lang='lat' dir='ltr'>putat</span> <span class='ocrx_word' id='word_1_29' title='bbox 870 528 996 567; x_wconf 88' lang='lat' dir='ltr'>esse,</span> <span class='ocrx_word' id='word_1_30' title='bbox 1010 528 1153 557; x_wconf 86' lang='lat' dir='ltr'>suum</span> <span class='ocrx_word' id='word_1_31' title='bbox 1168 511 1271 558; x_wconf 87' lang='lat' dir='ltr'>fore</span> <span class='ocrx_word' id='word_1_32' title='bbox 1287 512 1442 558; x_wconf 89' lang='lat' dir='ltr'>credit</span> <span class='ocrx_word' id='word_1_33' title='bbox 1454 510 1646 558; x_wconf 82' lang='lat' dir='ltr'><strong>Ianthe.</strong></span> 
     </span>
    </p>
   </div>
   <div class='ocr_carea' id='block_1_3' title="bbox 273 587 1651 804">
    <p class='ocr_par' dir='ltr' id='par_1_4' title="bbox 273 587 1651 804">
     <span class='ocr_line' id='line_1_6' title="bbox 275 587 1518 652; baseline -0.002 -16"><span class='ocrx_word' id='word_1_34' title='bbox 275 590 412 652; x_wconf 90' lang='lat' dir='ltr'>Iphis</span> <span class='ocrx_word' id='word_1_35' title='bbox 432 597 580 642; x_wconf 83' lang='lat' dir='ltr'>amat,</span> <span class='ocrx_word' id='word_1_36' title='bbox 609 605 709 651; x_wconf 86' lang='lat' dir='ltr'>qua</span> <span class='ocrx_word' id='word_1_37' title='bbox 733 604 880 651; x_wconf 90' lang='lat' dir='ltr'>posse</span> <span class='ocrx_word' id='word_1_38' title='bbox 901 587 992 634; x_wconf 89' lang='lat' dir='ltr'>frui</span> <span class='ocrx_word' id='word_1_39' title='bbox 1019 588 1266 650; x_wconf 79' lang='lat' dir='ltr'>desperat,</span> <span class='ocrx_word' id='word_1_40' title='bbox 1295 595 1345 634; x_wconf 90' lang='lat' dir='ltr'>et</span> <span class='ocrx_word' id='word_1_41' title='bbox 1369 595 1518 649; x_wconf 81' lang='lat' dir='ltr'>auget</span> 
     </span>
     <span class='ocr_line' id='line_1_7' title="bbox 274 663 1559 728; baseline -0.003 -16"><span class='ocrx_word' id='word_1_42' title='bbox 274 665 383 712; x_wconf 90' lang='lat' dir='ltr'>Hoc</span> <span class='ocrx_word' id='word_1_43' title='bbox 408 666 569 728; x_wconf 88' lang='lat' dir='ltr'>ipsum</span> <span class='ocrx_word' id='word_1_44' title='bbox 595 665 834 719; x_wconf 88' lang='lat' dir='ltr'>flammas,</span> <span class='ocrx_word' id='word_1_45' title='bbox 862 663 1100 725; x_wconf 83' lang='lat' dir='ltr'>ardetque</span> <span class='ocrx_word' id='word_1_46' title='bbox 1125 664 1175 709; x_wconf 89' lang='lat' dir='ltr'>in</span> <span class='ocrx_word' id='word_1_47' title='bbox 1198 663 1383 724; x_wconf 81' lang='lat' dir='ltr'>virgine</span> <span class='ocrx_word' id='word_1_48' title='bbox 1408 663 1559 724; x_wconf 85' lang='lat' dir='ltr'>virgo.</span> 
     </span>
     <span class='ocr_line' id='line_1_8' title="bbox 273 738 1651 804; baseline -0.003 -16"><span class='ocrx_word' id='word_1_49' title='bbox 273 742 472 804; x_wconf 81' lang='lat' dir='ltr'>Vixque</span> <span class='ocrx_word' id='word_1_50' title='bbox 491 749 664 788; x_wconf 88' lang='lat' dir='ltr'>tenens</span> <span class='ocrx_word' id='word_1_51' title='bbox 682 741 929 787; x_wconf 84' lang='lat' dir='ltr'><strong>lacrimas:</strong></span> <span class='ocrx_word' id='word_1_52' title='bbox 961 746 991 764; x_wconf 86' lang='lat'>“</span> <span class='ocrx_word' id='word_1_53' title='bbox 1011 740 1133 793; x_wconf 81' lang='lat' dir='ltr'>Quis</span> <span class='ocrx_word' id='word_1_54' title='bbox 1154 755 1232 786; x_wconf 90' lang='lat' dir='ltr'>me</span> <span class='ocrx_word' id='word_1_55' title='bbox 1251 746 1418 786; x_wconf 90' lang='lat' dir='ltr'>manet</span> <span class='ocrx_word' id='word_1_56' title='bbox 1436 738 1651 793; x_wconf 81' lang='lat' dir='ltr'>exitus,”</span> 
     </span>
    </p>
   </div>
   <div class='ocr_carea' id='block_1_4' title="bbox 472 818 647 880">
    <p class='ocr_par' dir='ltr' id='par_1_5' title="bbox 472 818 647 880">
     <span class='ocr_line' id='line_1_9' title="bbox 472 818 647 880; baseline 0.006 -16"><span class='ocrx_word' id='word_1_57' title='bbox 472 818 647 880; x_wconf 86' lang='lat' dir='ltr'>inquit,</span> 
     </span>
    </p>
   </div>
   <div class='ocr_carea' id='block_1_5' title="bbox 1555 818 1652 862">
    <p class='ocr_par' dir='ltr' id='par_1_6' title="bbox 1555 818 1652 862">
     <span class='ocr_line' id='line_1_10' title="bbox 1555 818 1652 862; baseline -0.01 0"><span class='ocrx_word' id='word_1_58' title='bbox 1555 818 1652 862; x_wconf 86' lang='lat'>725</span> 
     </span>
    </p>
   </div>
   <div class='ocr_carea' id='block_1_6' title="bbox 274 892 1650 1554">
    <p class='ocr_par' dir='ltr' id='par_1_7' title="bbox 274 892 1650 1554">
     <span class='ocr_line' id='line_1_11' title="bbox 275 892 1650 956; baseline -0.002 -15"><span class='ocrx_word' id='word_1_59' title='bbox 275 900 305 918; x_wconf 93' lang='lat'><strong>“</strong></span> <span class='ocrx_word' id='word_1_60' title='bbox 334 894 549 956; x_wconf 82' lang='lat' dir='ltr'>Cognita</span> <span class='ocrx_word' id='word_1_61' title='bbox 574 910 722 956; x_wconf 90' lang='lat' dir='ltr'>quam</span> <span class='ocrx_word' id='word_1_62' title='bbox 748 894 886 948; x_wconf 89' lang='lat' dir='ltr'>nulli,</span> <span class='ocrx_word' id='word_1_63' title='bbox 914 909 1062 955; x_wconf 84' lang='lat' dir='ltr'>quam</span> <span class='ocrx_word' id='word_1_64' title='bbox 1089 892 1383 955; x_wconf 82' lang='lat' dir='ltr'>prodigiosa,</span> <span class='ocrx_word' id='word_1_65' title='bbox 1411 908 1650 954; x_wconf 86' lang='lat' dir='ltr'>novaeque</span> 
     </span>
     <span class='ocr_line' id='line_1_12' title="bbox 275 968 1583 1032; baseline -0.002 -16"><span class='ocrx_word' id='word_1_66' title='bbox 275 970 408 1017; x_wconf 88' lang='lat' dir='ltr'>Cura</span> <span class='ocrx_word' id='word_1_67' title='bbox 433 977 569 1017; x_wconf 87' lang='lat' dir='ltr'>tenet</span> <span class='ocrx_word' id='word_1_68' title='bbox 588 969 828 1016; x_wconf 77' lang='lat' dir='ltr'>Veneris?</span> <span class='ocrx_word' id='word_1_69' title='bbox 860 970 897 1015; x_wconf 91' lang='lat' dir='ltr'>si</span> <span class='ocrx_word' id='word_1_70' title='bbox 929 969 992 1015; x_wconf 81' lang='lat' dir='ltr'>Di</span> <span class='ocrx_word' id='word_1_71' title='bbox 1017 969 1139 1015; x_wconf 87' lang='lat' dir='ltr'>mihi</span> <span class='ocrx_word' id='word_1_72' title='bbox 1164 985 1365 1032; x_wconf 81' lang='lat' dir='ltr'>parcere</span> <span class='ocrx_word' id='word_1_73' title='bbox 1386 968 1583 1023; x_wconf 82' lang='lat' dir='ltr'>vellent,</span> 
     </span>
     <span class='ocr_line' id='line_1_13' title="bbox 274 1045 1537 1108; baseline 0 -17"><span class='ocrx_word' id='word_1_74' title='bbox 274 1045 489 1092; x_wconf 82' lang='lat' dir='ltr'>Perdere</span> <span class='ocrx_word' id='word_1_75' title='bbox 514 1046 816 1092; x_wconf 87' lang='lat' dir='ltr'>debuerant:</span> <span class='ocrx_word' id='word_1_76' title='bbox 858 1046 897 1091; x_wconf 91' lang='lat' dir='ltr'>si</span> <span class='ocrx_word' id='word_1_77' title='bbox 923 1061 1019 1091; x_wconf 88' lang='lat' dir='ltr'>non</span> <span class='ocrx_word' id='word_1_78' title='bbox 1045 1053 1094 1092; x_wconf 88' lang='lat' dir='ltr'>et</span> <span class='ocrx_word' id='word_1_79' title='bbox 1115 1046 1320 1108; x_wconf 85' lang='lat' dir='ltr'>perdere</span> <span class='ocrx_word' id='word_1_80' title='bbox 1340 1045 1537 1100; x_wconf 89' lang='lat' dir='ltr'>vellent,</span> 
     </span>
     <span class='ocr_line' id='line_1_14' title="bbox 276 1121 1537 1170; baseline -0.002 0"><span class='ocrx_word' id='word_1_81' title='bbox 276 1122 513 1170; x_wconf 84' lang='lat' dir='ltr'>Naturale</span> <span class='ocrx_word' id='word_1_82' title='bbox 539 1124 721 1170; x_wconf 83' lang='lat' dir='ltr'>malum</span> <span class='ocrx_word' id='word_1_83' title='bbox 747 1123 921 1169; x_wconf 88' lang='lat' dir='ltr'>saltem</span> <span class='ocrx_word' id='word_1_84' title='bbox 947 1130 997 1169; x_wconf 93' lang='lat' dir='ltr'>et</span> <span class='ocrx_word' id='word_1_85' title='bbox 1020 1123 1081 1168; x_wconf 90' lang='lat' dir='ltr'>de</span> <span class='ocrx_word' id='word_1_86' title='bbox 1107 1138 1241 1168; x_wconf 86' lang='lat' dir='ltr'>more</span> <span class='ocrx_word' id='word_1_87' title='bbox 1266 1121 1537 1169; x_wconf 83' lang='lat' dir='ltr'>dedissent.</span> 
     </span>
     <span class='ocr_line' id='line_1_15' title="bbox 276 1199 1648 1262; baseline -0.001 -16"><span class='ocrx_word' id='word_1_88' title='bbox 276 1199 384 1246; x_wconf 89' lang='lat' dir='ltr'>Nec</span> <span class='ocrx_word' id='word_1_89' title='bbox 410 1216 609 1247; x_wconf 78' lang='lat' dir='ltr'>vaccam</span> <span class='ocrx_word' id='word_1_90' title='bbox 636 1216 814 1255; x_wconf 80' lang='lat' dir='ltr'>vaccae,</span> <span class='ocrx_word' id='word_1_91' title='bbox 836 1216 927 1246; x_wconf 89' lang='lat' dir='ltr'>nec</span> <span class='ocrx_word' id='word_1_92' title='bbox 949 1215 1102 1262; x_wconf 86' lang='lat' dir='ltr'>equas</span> <span class='ocrx_word' id='word_1_93' title='bbox 1124 1215 1258 1246; x_wconf 90' lang='lat' dir='ltr'>amor</span> <span class='ocrx_word' id='word_1_94' title='bbox 1279 1199 1374 1245; x_wconf 85' lang='lat' dir='ltr'>urit</span> <span class='ocrx_word' id='word_1_95' title='bbox 1393 1214 1648 1261; x_wconf 87' lang='lat' dir='ltr'>equarum.</span> 
     </span>
     <span class='ocr_line' id='line_1_16' title="bbox 280 1275 1646 1339; baseline 0 -17"><span class='ocrx_word' id='word_1_96' title='bbox 280 1276 391 1323; x_wconf 83' lang='lat' dir='ltr'>Urit</span> <span class='ocrx_word' id='word_1_97' title='bbox 414 1294 528 1324; x_wconf 88' lang='lat' dir='ltr'>oves</span> <span class='ocrx_word' id='word_1_98' title='bbox 555 1278 707 1333; x_wconf 84' lang='lat' dir='ltr'>aries3</span> <span class='ocrx_word' id='word_1_99' title='bbox 750 1278 973 1339; x_wconf 86' lang='lat' dir='ltr'>sequitur</span> <span class='ocrx_word' id='word_1_100' title='bbox 1000 1292 1089 1323; x_wconf 89' lang='lat' dir='ltr'>sua</span> <span class='ocrx_word' id='word_1_101' title='bbox 1113 1275 1295 1322; x_wconf 85' lang='lat' dir='ltr'>femina</span> <span class='ocrx_word' id='word_1_102' title='bbox 1319 1291 1532 1322; x_wconf 87' lang='lat' dir='ltr'>cervum.</span> <span class='ocrx_word' id='word_1_103' title='bbox 1557 1278 1646 1322; x_wconf 75' lang='lat'>731</span> 
     </span>
     <span class='ocr_line' id='line_1_17' title="bbox 280 1353 1539 1416; baseline 0 -18"><span class='ocrx_word' id='word_1_104' title='bbox 280 1353 361 1399; x_wconf 81' lang='lat' dir='ltr'>Sic</span> <span class='ocrx_word' id='word_1_105' title='bbox 388 1360 437 1399; x_wconf 87' lang='lat' dir='ltr'>et</span> <span class='ocrx_word' id='word_1_106' title='bbox 461 1370 574 1401; x_wconf 80' lang='lat' dir='ltr'>aves</span> <span class='ocrx_word' id='word_1_107' title='bbox 601 1361 809 1410; x_wconf 81' lang='lat' dir='ltr'>coeunt3</span> <span class='ocrx_word' id='word_1_108' title='bbox 851 1354 1079 1416; x_wconf 85' lang='lat' dir='ltr'>interque</span> <span class='ocrx_word' id='word_1_109' title='bbox 1106 1353 1334 1399; x_wconf 84' lang='lat' dir='ltr'>animalia</span> <span class='ocrx_word' id='word_1_110' title='bbox 1359 1360 1539 1399; x_wconf 89' lang='lat' dir='ltr'>cuncta</span> 
     </span>
     <span class='ocr_line' id='line_1_18' title="bbox 280 1429 1496 1494; baseline -0.001 -18"><span class='ocrx_word' id='word_1_111' title='bbox 280 1429 483 1477; x_wconf 84' lang='lat' dir='ltr'>Femina</span> <span class='ocrx_word' id='word_1_112' title='bbox 507 1430 718 1477; x_wconf 88' lang='lat' dir='ltr'>femineo</span> <span class='ocrx_word' id='word_1_113' title='bbox 743 1438 970 1494; x_wconf 86' lang='lat' dir='ltr'>correpta</span> <span class='ocrx_word' id='word_1_114' title='bbox 994 1430 1226 1493; x_wconf 90' lang='lat' dir='ltr'>cupidine</span> <span class='ocrx_word' id='word_1_115' title='bbox 1247 1430 1382 1476; x_wconf 87' lang='lat' dir='ltr'>nulla</span> <span class='ocrx_word' id='word_1_116' title='bbox 1405 1437 1496 1476; x_wconf 88' lang='lat' dir='ltr'>est.</span> 
     </span>
     <span class='ocr_line' id='line_1_19' title="bbox 279 1505 1604 1554; baseline 0.002 -3"><span class='ocrx_word' id='word_1_117' title='bbox 279 1505 469 1553; x_wconf 89' lang='lat' dir='ltr'>Vellem</span> <span class='ocrx_word' id='word_1_118' title='bbox 489 1507 622 1553; x_wconf 88' lang='lat' dir='ltr'>nulla</span> <span class='ocrx_word' id='word_1_119' title='bbox 647 1507 824 1553; x_wconf 87' lang='lat' dir='ltr'>forem!</span> <span class='ocrx_word' id='word_1_120' title='bbox 865 1523 925 1554; x_wconf 90' lang='lat' dir='ltr'>ne</span> <span class='ocrx_word' id='word_1_121' title='bbox 951 1523 1049 1553; x_wconf 89' lang='lat' dir='ltr'>non</span> <span class='ocrx_word' id='word_1_122' title='bbox 1074 1514 1240 1553; x_wconf 88' lang='lat' dir='ltr'>tamen</span> <span class='ocrx_word' id='word_1_123' title='bbox 1265 1506 1429 1553; x_wconf 88' lang='lat' dir='ltr'>omnia</span> <span class='ocrx_word' id='word_1_124' title='bbox 1455 1506 1604 1554; x_wconf 85' lang='lat' dir='ltr'>Crete</span> 
     </span>
    </p>
   </div>
   <div class='ocr_carea' id='block_1_7' title="bbox 278 1628 937 2738">
    <p class='ocr_par' dir='ltr' id='par_1_8' title="bbox 278 1628 933 1814">
     <span class='ocr_line' id='line_1_20' title="bbox 279 1628 932 1670; baseline 0.002 -13"><span class='ocrx_word' id='word_1_125' title='bbox 279 1637 391 1664; x_wconf 86' lang='lat' dir='ltr'>vereor,</span> <span class='ocrx_word' id='word_1_126' title='bbox 423 1633 457 1658; x_wconf 88' lang='lat' dir='ltr'>ut</span> <span class='ocrx_word' id='word_1_127' title='bbox 481 1628 587 1659; x_wconf 81' lang='lat' dir='ltr'>multis</span> <span class='ocrx_word' id='word_1_128' title='bbox 616 1629 695 1659; x_wconf 87' lang='lat' dir='ltr'>hanc</span> <span class='ocrx_word' id='word_1_129' title='bbox 724 1629 932 1670; x_wconf 79' lang='lat' dir='ltr'>conjecturam</span> 
     </span>
     <span class='ocr_line' id='line_1_21' title="bbox 278 1677 932 1717; baseline 0.005 -12"><span class='ocrx_word' id='word_1_130' title='bbox 278 1677 413 1717; x_wconf 87' lang='lat' dir='ltr'>probem.</span> <span class='ocrx_word' id='word_1_131' title='bbox 466 1678 552 1708; x_wconf 76' lang='lat' dir='ltr'>AEtas</span> <span class='ocrx_word' id='word_1_132' title='bbox 580 1685 684 1708; x_wconf 86' lang='lat' dir='ltr'>autem</span> <span class='ocrx_word' id='word_1_133' title='bbox 714 1678 868 1708; x_wconf 86' lang='lat' dir='ltr'>interdum</span> <span class='ocrx_word' id='word_1_134' title='bbox 892 1679 932 1708; x_wconf 87' lang='lat' dir='ltr'>de</span> 
     </span>
     <span class='ocr_line' id='line_1_22' title="bbox 279 1725 933 1765; baseline 0.003 -11"><span class='ocrx_word' id='word_1_135' title='bbox 279 1725 411 1765; x_wconf 82' lang='lat' dir='ltr'>pueritia</span> <span class='ocrx_word' id='word_1_136' title='bbox 447 1725 579 1763; x_wconf 82' lang='lat' dir='ltr'>dicitur;</span> <span class='ocrx_word' id='word_1_137' title='bbox 609 1726 680 1756; x_wconf 82' lang='lat' dir='ltr'>vide</span> <span class='ocrx_word' id='word_1_138' title='bbox 709 1725 866 1756; x_wconf 87' lang='lat' dir='ltr'>Brouckh.</span> <span class='ocrx_word' id='word_1_139' title='bbox 894 1725 933 1756; x_wconf 87' lang='lat' dir='ltr'>ad</span> 
     </span>
     <span class='ocr_line' id='line_1_23' title="bbox 280 1774 585 1814; baseline 0.003 -11"><span class='ocrx_word' id='word_1_140' title='bbox 280 1774 419 1814; x_wconf 85' lang='lat' dir='ltr'>Propert.</span> <span class='ocrx_word' id='word_1_141' title='bbox 437 1774 463 1804; x_wconf 89' lang='grc' dir='ltr'>Ι.</span> <span class='ocrx_word' id='word_1_142' title='bbox 477 1774 519 1804; x_wconf 87' lang='lat' dir='ltr'>vi.</span> <span class='ocrx_word' id='word_1_143' title='bbox 534 1776 585 1804; x_wconf 85' lang='lat'>21.</span> 
     </span>
    </p>

    <p class='ocr_par' dir='ltr' id='par_1_9' title="bbox 278 1823 937 2632">
     <span class='ocr_line' id='line_1_24' title="bbox 324 1823 935 1865; baseline 0.005 -13"><span class='ocrx_word' id='word_1_144' title='bbox 324 1823 395 1853; x_wconf 88' lang='lat'>719.</span> <span class='ocrx_word' id='word_1_145' title='bbox 420 1824 518 1859; x_wconf 81' lang='lat' dir='ltr'>Rude,</span> <span class='ocrx_word' id='word_1_146' title='bbox 547 1834 657 1865; x_wconf 77' lang='lat' dir='ltr'>expers</span> <span class='ocrx_word' id='word_1_147' title='bbox 686 1823 787 1855; x_wconf 80' lang='lat' dir='ltr'>adhuc</span> <span class='ocrx_word' id='word_1_148' title='bbox 823 1824 935 1855; x_wconf 85' lang='lat' dir='ltr'>amoris</span> 
     </span>
     <span class='ocr_line' id='line_1_25' title="bbox 278 1871 935 1913; baseline 0.003 -13"><span class='ocrx_word' id='word_1_149' title='bbox 278 1877 400 1912; x_wconf 86' lang='lat' dir='ltr'>propter</span> <span class='ocrx_word' id='word_1_150' title='bbox 428 1877 551 1901; x_wconf 79' lang='lat' dir='ltr'>aetatern</span> <span class='ocrx_word' id='word_1_151' title='bbox 579 1882 760 1912; x_wconf 86' lang='lat' dir='ltr'>morumque</span> <span class='ocrx_word' id='word_1_152' title='bbox 785 1871 935 1913; x_wconf 85' lang='lat' dir='ltr'>simplici·</span> 
     </span>
     <span class='ocr_line' id='line_1_26' title="bbox 282 1920 934 1951; baseline 0.002 -2"><span class='ocrx_word' id='word_1_153' title='bbox 282 1926 385 1950; x_wconf 81' lang='lat' dir='ltr'>tatem.</span> <span class='ocrx_word' id='word_1_154' title='bbox 411 1920 526 1950; x_wconf 80' lang='lat' dir='ltr'>Contra</span> <span class='ocrx_word' id='word_1_155' title='bbox 548 1921 670 1951; x_wconf 83' lang='lat' dir='ltr'>Phaedr.</span> <span class='ocrx_word' id='word_1_156' title='bbox 688 1921 733 1950; x_wconf 88' lang='lat' dir='ltr'>II.</span> <span class='ocrx_word' id='word_1_157' title='bbox 757 1921 790 1951; x_wconf 80' lang='lat' dir='ltr'>ii.</span> <span class='ocrx_word' id='word_1_158' title='bbox 813 1922 844 1951; x_wconf 90' lang='lat'>3.</span> <span class='ocrx_word' id='word_1_159' title='bbox 870 1933 934 1951; x_wconf 78' lang='lat' dir='ltr'>mn-</span> 
     </span>
     <span class='ocr_line' id='line_1_27' title="bbox 281 1969 934 2009; baseline 0.002 -12"><span class='ocrx_word' id='word_1_160' title='bbox 281 1969 336 1997; x_wconf 77' lang='lat' dir='ltr'>[ier</span> <span class='ocrx_word' id='word_1_161' title='bbox 353 1980 409 1998; x_wconf 80' lang='lat' dir='ltr'>non</span> <span class='ocrx_word' id='word_1_162' title='bbox 423 1970 520 2003; x_wconf 72' lang='lat' dir='ltr'>rudis,</span> <span class='ocrx_word' id='word_1_163' title='bbox 537 1979 606 2009; x_wconf 85' lang='lat' dir='ltr'>quae</span> <span class='ocrx_word' id='word_1_164' title='bbox 624 1969 717 1999; x_wconf 85' lang='lat' dir='ltr'>callet</span> <span class='ocrx_word' id='word_1_165' title='bbox 732 1975 829 1999; x_wconf 82' lang='lat' dir='ltr'>artem</span> <span class='ocrx_word' id='word_1_166' title='bbox 851 1979 934 1999; x_wconf 85' lang='lat' dir='ltr'>ama—</span> 
     </span>
     <span class='ocr_line' id='line_1_28' title="bbox 280 2017 935 2058; baseline 0 -11"><span class='ocrx_word' id='word_1_167' title='bbox 280 2017 399 2047; x_wconf 82' lang='lat' dir='ltr'>toriam.</span> <span class='ocrx_word' id='word_1_168' title='bbox 425 2018 578 2048; x_wconf 74' lang='lat' dir='ltr'>Caeterum</span> <span class='ocrx_word' id='word_1_169' title='bbox 595 2017 704 2048; x_wconf 86' lang='lat' dir='ltr'>mirum</span> <span class='ocrx_word' id='word_1_170' title='bbox 717 2024 773 2053; x_wconf 83' lang='lat' dir='ltr'>est,</span> <span class='ocrx_word' id='word_1_171' title='bbox 787 2018 935 2058; x_wconf 75' lang='lat' dir='ltr'>virginem</span> 
     </span>
     <span class='ocr_line' id='line_1_29' title="bbox 283 2065 936 2107; baseline 0.003 -12"><span class='ocrx_word' id='word_1_172' title='bbox 283 2065 408 2105; x_wconf 85' lang='lat' dir='ltr'>virginis</span> <span class='ocrx_word' id='word_1_173' title='bbox 430 2076 532 2096; x_wconf 86' lang='lat' dir='ltr'>amore</span> <span class='ocrx_word' id='word_1_174' title='bbox 550 2066 670 2096; x_wconf 80' lang='lat' dir='ltr'>arsisse.</span> <span class='ocrx_word' id='word_1_175' title='bbox 707 2066 847 2107; x_wconf 75' lang='lat' dir='ltr'>Tangnnt</span> <span class='ocrx_word' id='word_1_176' title='bbox 865 2077 936 2107; x_wconf 84' lang='lat' dir='ltr'>pec-</span> 
     </span>
     <span class='ocr_line' id='line_1_30' title="bbox 280 2113 936 2154; baseline 0.003 -12"><span class='ocrx_word' id='word_1_177' title='bbox 280 2119 339 2149; x_wconf 62' lang='lat' dir='ltr'>tue,</span> <span class='ocrx_word' id='word_1_178' title='bbox 356 2124 424 2154; x_wconf 82' lang='lat' dir='ltr'>quae</span> <span class='ocrx_word' id='word_1_179' title='bbox 443 2113 475 2143; x_wconf 85' lang='lat' dir='ltr'>id</span> <span class='ocrx_word' id='word_1_180' title='bbox 492 2113 655 2149; x_wconf 78' lang='lat' dir='ltr'>invadunt,</span> <span class='ocrx_word' id='word_1_181' title='bbox 673 2114 703 2143; x_wconf 88' lang='lat' dir='ltr'>in</span> <span class='ocrx_word' id='word_1_182' title='bbox 727 2124 762 2144; x_wconf 87' lang='lat' dir='ltr'>eo</span> <span class='ocrx_word' id='word_1_183' title='bbox 787 2114 936 2150; x_wconf 86' lang='lat' dir='ltr'>oriuntur,</span> 
     </span>
     <span class='ocr_line' id='line_1_31' title="bbox 283 2161 935 2198; baseline 0.002 -6"><span class='ocrx_word' id='word_1_184' title='bbox 283 2172 379 2197; x_wconf 84' lang='lat' dir='ltr'>amor,</span> <span class='ocrx_word' id='word_1_185' title='bbox 411 2161 539 2196; x_wconf 80' lang='lat' dir='ltr'>invidia,</span> <span class='ocrx_word' id='word_1_186' title='bbox 569 2173 653 2192; x_wconf 85' lang='lat' dir='ltr'>cura.</span> <span class='ocrx_word' id='word_1_187' title='bbox 695 2163 788 2198; x_wconf 67' lang='lat' dir='ltr'>Tulit,</span> <span class='ocrx_word' id='word_1_188' title='bbox 813 2163 935 2193; x_wconf 82' lang='lat' dir='ltr'>inflixit.</span> 
     </span>
     <span class='ocr_line' id='line_1_32' title="bbox 285 2211 935 2252; baseline 0.005 -12"><span class='ocrx_word' id='word_1_189' title='bbox 285 2212 412 2251; x_wconf 72' lang='lat' dir='ltr'>AE&#39;quum</span> <span class='ocrx_word' id='word_1_190' title='bbox 427 2223 435 2243; x_wconf 64' lang='grc' dir='ltr'><em>ζ</em></span> <span class='ocrx_word' id='word_1_191' title='bbox 459 2211 500 2241; x_wconf 78' lang='lat' dir='ltr'>iv,</span> <span class='ocrx_word' id='word_1_192' title='bbox 516 2212 567 2241; x_wconf 77' lang='lat'>62.</span> <span class='ocrx_word' id='word_1_193' title='bbox 584 2223 612 2242; x_wconf 65' lang='lat' dir='ltr'>ei</span> <span class='ocrx_word' id='word_1_194' title='bbox 639 2224 718 2251; x_wconf 65' lang='lat' dir='ltr'>&lt;equo</span> <span class='ocrx_word' id='word_1_195' title='bbox 740 2215 834 2252; x_wconf 74' lang='lat' dir='ltr'>caplis</span> <span class='ocrx_word' id='word_1_196' title='bbox 851 2215 935 2243; x_wconf 76' lang='lat' dir='ltr'>arde-</span> 
     </span>
     <span class='ocr_line' id='line_1_33' title="bbox 283 2260 935 2296; baseline 0.003 -7"><span class='ocrx_word' id='word_1_197' title='bbox 283 2263 353 2290; x_wconf 80' lang='lat' dir='ltr'>bant</span> <span class='ocrx_word' id='word_1_198' title='bbox 377 2262 521 2291; x_wconf 68' lang='lat' dir='ltr'>mentibus</span> <span class='ocrx_word' id='word_1_199' title='bbox 545 2263 636 2296; x_wconf 75' lang='lat' dir='ltr'>ambo,</span> <span class='ocrx_word' id='word_1_200' title='bbox 654 2260 745 2290; x_wconf 80' lang='lat' dir='ltr'>simili</span> <span class='ocrx_word' id='word_1_201' title='bbox 765 2260 875 2291; x_wconf 85' lang='lat' dir='ltr'>amoris</span> <span class='ocrx_word' id='word_1_202' title='bbox 889 2271 935 2291; x_wconf 83' lang='lat' dir='ltr'>ar-</span> 
     </span>
     <span class='ocr_line' id='line_1_34' title="bbox 283 2309 937 2350; baseline 0 -11"><span class='ocrx_word' id='word_1_203' title='bbox 283 2309 354 2339; x_wconf 83' lang='lat' dir='ltr'>dore</span> <span class='ocrx_word' id='word_1_204' title='bbox 368 2309 499 2350; x_wconf 78' lang='lat' dir='ltr'>correpti</span> <span class='ocrx_word' id='word_1_205' title='bbox 522 2315 607 2339; x_wconf 80' lang='lat' dir='ltr'>eraut</span> <span class='ocrx_word' id='word_1_206' title='bbox 623 2321 630 2346; x_wconf 87' lang='lat'>·‚</span> <span class='ocrx_word' id='word_1_207' title='bbox 651 2320 722 2348; x_wconf 67' lang='lat' dir='ltr'>pars</span> <span class='ocrx_word' id='word_1_208' title='bbox 735 2321 816 2349; x_wconf 68' lang='lat' dir='ltr'>aqua</span> <span class='ocrx_word' id='word_1_209' title='bbox 832 2312 937 2339; x_wconf 64' lang='lat' dir='ltr'>uniaris</span> 
     </span>
     <span class='ocr_line' id='line_1_35' title="bbox 283 2357 936 2399; baseline 0.002 -12"><span class='ocrx_word' id='word_1_210' title='bbox 283 2357 365 2399; x_wconf 82' lang='lat' dir='ltr'>apud</span> <span class='ocrx_word' id='word_1_211' title='bbox 389 2358 514 2388; x_wconf 83' lang='lat' dir='ltr'>Terent.</span> <span class='ocrx_word' id='word_1_212' title='bbox 537 2359 618 2388; x_wconf 80' lang='lat' dir='ltr'>Eun.</span> <span class='ocrx_word' id='word_1_213' title='bbox 638 2359 663 2388; x_wconf 91' lang='grc' dir='ltr'>Ι.</span> <span class='ocrx_word' id='word_1_214' title='bbox 678 2358 710 2387; x_wconf 88' lang='lat' dir='ltr'>ii.</span> <span class='ocrx_word' id='word_1_215' title='bbox 730 2359 788 2395; x_wconf 75' lang='lat'>123</span> <span class='ocrx_word' id='word_1_216' title='bbox 814 2359 936 2394; x_wconf 71' lang='lat' dir='ltr'>Noster,</span> 
     </span>
     <span class='ocr_line' id='line_1_36' title="bbox 283 2407 936 2447; baseline -0.002 -11"><span class='ocrx_word' id='word_1_217' title='bbox 283 2407 333 2437; x_wconf 85' lang='lat' dir='ltr'>vii.</span> <span class='ocrx_word' id='word_1_218' title='bbox 350 2407 422 2436; x_wconf 80' lang='grc'>803.</span> <span class='ocrx_word' id='word_1_219' title='bbox 438 2408 559 2446; x_wconf 68' lang='lat' dir='ltr'>‹fqunles</span> <span class='ocrx_word' id='word_1_220' title='bbox 576 2409 699 2436; x_wconf 69' lang='lat' dir='ltr'>urebant</span> <span class='ocrx_word' id='word_1_221' title='bbox 715 2418 831 2446; x_wconf 69' lang='lat' dir='ltr'>pectora</span> <span class='ocrx_word' id='word_1_222' title='bbox 843 2409 936 2447; x_wconf 54' lang='lat' dir='ltr'>flunt,-</span> 
     </span>
     <span class='ocr_line' id='line_1_37' title="bbox 855 2457 936 2485; baseline 0 0"><span class='ocrx_word' id='word_1_223' title='bbox 855 2457 936 2485; x_wconf 77' lang='lat' dir='ltr'>Nam</span> 
     </span>
     <span class='ocr_line' id='line_1_38' title="bbox 281 2503 936 2545; baseline 0.003 -13"><span class='ocrx_word' id='word_1_224' title='bbox 281 2503 368 2544; x_wconf 82' lang='lat' dir='ltr'>Iphis</span> <span class='ocrx_word' id='word_1_225' title='bbox 395 2503 555 2534; x_wconf 73' lang='lat' dir='ltr'>diffidebat</span> <span class='ocrx_word' id='word_1_226' title='bbox 588 2515 620 2534; x_wconf 88' lang='lat' dir='ltr'>se</span> <span class='ocrx_word' id='word_1_227' title='bbox 648 2504 704 2534; x_wconf 88' lang='lat' dir='ltr'>viri</span> <span class='ocrx_word' id='word_1_228' title='bbox 730 2505 829 2534; x_wconf 82' lang='lat' dir='ltr'>officio</span> <span class='ocrx_word' id='word_1_229' title='bbox 852 2504 936 2545; x_wconf 72' lang='lat' dir='ltr'>fungi</span> 
     </span>
     <span class='ocr_line' id='line_1_39' title="bbox 280 2552 936 2592; baseline 0.003 -11"><span class='ocrx_word' id='word_1_230' title='bbox 280 2562 389 2592; x_wconf 80' lang='lat' dir='ltr'>posse;</span> <span class='ocrx_word' id='word_1_231' title='bbox 413 2552 523 2583; x_wconf 78' lang='lat' dir='ltr'>Ianthe</span> <span class='ocrx_word' id='word_1_232' title='bbox 548 2564 618 2583; x_wconf 85' lang='lat' dir='ltr'>vero</span> <span class='ocrx_word' id='word_1_233' title='bbox 638 2559 744 2583; x_wconf 74' lang='lat' dir='ltr'>contra</span> <span class='ocrx_word' id='word_1_234' title='bbox 767 2553 881 2584; x_wconf 82' lang='lat' dir='ltr'>fidebat</span> <span class='ocrx_word' id='word_1_235' title='bbox 905 2564 936 2584; x_wconf 86' lang='lat' dir='ltr'>se</span> 
     </span>
     <span class='ocr_line' id='line_1_40' title="bbox 284 2601 825 2632; baseline 0.006 -3"><span class='ocrx_word' id='word_1_236' title='bbox 284 2610 410 2630; x_wconf 83' lang='lat' dir='ltr'>munera</span> <span class='ocrx_word' id='word_1_237' title='bbox 424 2601 558 2630; x_wconf 85' lang='lat' dir='ltr'>mulieris</span> <span class='ocrx_word' id='word_1_238' title='bbox 573 2602 646 2632; x_wconf 80' lang='lat' dir='ltr'>satis</span> <span class='ocrx_word' id='word_1_239' title='bbox 660 2602 825 2632; x_wconf 86' lang='lat' dir='ltr'>obituram.</span> 
     </span>
    </p>

    <p class='ocr_par' dir='ltr' id='par_1_10' title="bbox 286 2649 933 2738">
     <span class='ocr_line' id='line_1_41' title="bbox 327 2649 933 2690; baseline 0.005 -13"><span class='ocrx_word' id='word_1_240' title='bbox 327 2649 398 2678; x_wconf 79' lang='lat'><strong>728.</strong></span> <span class='ocrx_word' id='word_1_241' title='bbox 430 2649 567 2685; x_wconf 69' lang='lat' dir='ltr'>Perdere,</span> <span class='ocrx_word' id='word_1_242' title='bbox 603 2651 681 2690; x_wconf 65' lang='lat' dir='ltr'>eto]</span> <span class='ocrx_word' id='word_1_243' title='bbox 722 2651 782 2680; x_wconf 84' lang='lat' dir='ltr'>Hie</span> <span class='ocrx_word' id='word_1_244' title='bbox 820 2661 933 2685; x_wconf 78' lang='lat' dir='ltr'>versus,</span> 
     </span>
     <span class='ocr_line' id='line_1_42' title="bbox 286 2696 933 2738; baseline 0.009 -15"><span class='ocrx_word' id='word_1_245' title='bbox 286 2706 375 2736; x_wconf 66' lang='lat' dir='ltr'>quem</span> <span class='ocrx_word' id='word_1_246' title='bbox 402 2696 543 2727; x_wconf 58' lang='lat' dir='ltr'>Heinsius</span> <span class='ocrx_word' id='word_1_247' title='bbox 567 2699 698 2738; x_wconf 47' lang='lat' dir='ltr'>&gt;murium</span> <span class='ocrx_word' id='word_1_248' title='bbox 727 2699 858 2737; x_wconf 73' lang='lat' dir='ltr'>judicat,</span> <span class='ocrx_word' id='word_1_249' title='bbox 887 2709 933 2729; x_wconf 74' lang='lat' dir='ltr'>me</span> 
     </span>
    </p>
   </div>
   <div class='ocr_carea' id='block_1_8' title="bbox 284 2456 808 2495">
    <p class='ocr_par' dir='ltr' id='par_1_11' title="bbox 284 2456 808 2495">
     <span class='ocr_line' id='line_1_43' title="bbox 284 2456 808 2495; baseline 0.002 -11"><span class='ocrx_word' id='word_1_250' title='bbox 284 2468 345 2485; x_wconf 71' lang='lat' dir='ltr'>nur.</span> <span class='ocrx_word' id='word_1_251' title='bbox 384 2456 438 2484; x_wconf 68' lang='lat' dir='ltr'>Sed</span> <span class='ocrx_word' id='word_1_252' title='bbox 467 2457 669 2495; x_wconf 69' lang='lat' dir='ltr'>erntjirlucia</span> <span class='ocrx_word' id='word_1_253' title='bbox 699 2458 808 2494; x_wconf 73' lang='lat' dir='ltr'>dispar.</span> 
     </span>
    </p>
   </div>
   <div class='ocr_carea' id='block_1_9' title="bbox 1000 1627 1658 2740">
    <p class='ocr_par' dir='ltr' id='par_1_12' title="bbox 1001 1627 1658 2108">
     <span class='ocr_line' id='line_1_44' title="bbox 1002 1627 1657 1669; baseline -0.002 -10"><span class='ocrx_word' id='word_1_254' title='bbox 1002 1640 1061 1659; x_wconf 88' lang='lat' dir='ltr'>non</span> <span class='ocrx_word' id='word_1_255' title='bbox 1078 1628 1217 1659; x_wconf 81' lang='lat' dir='ltr'>offendit.</span> <span class='ocrx_word' id='word_1_256' title='bbox 1262 1627 1427 1658; x_wconf 86' lang='lat' dir='ltr'>Interitum</span> <span class='ocrx_word' id='word_1_257' title='bbox 1450 1627 1537 1669; x_wconf 76' lang='lat' dir='ltr'>Iphis</span> <span class='ocrx_word' id='word_1_258' title='bbox 1555 1627 1657 1658; x_wconf 83' lang='lat' dir='ltr'>lenius</span> 
     </span>
     <span class='ocr_line' id='line_1_45' title="bbox 1001 1677 1656 1719; baseline -0.002 -11"><span class='ocrx_word' id='word_1_259' title='bbox 1001 1677 1116 1708; x_wconf 88' lang='lat' dir='ltr'>malum</span> <span class='ocrx_word' id='word_1_260' title='bbox 1139 1677 1262 1719; x_wconf 84' lang='lat' dir='ltr'>judicat</span> <span class='ocrx_word' id='word_1_261' title='bbox 1283 1687 1330 1712; x_wconf 89' lang='lat' dir='ltr'>eo,</span> <span class='ocrx_word' id='word_1_262' title='bbox 1348 1688 1409 1718; x_wconf 88' lang='lat' dir='ltr'>quo</span> <span class='ocrx_word' id='word_1_263' title='bbox 1430 1687 1511 1707; x_wconf 89' lang='lat' dir='ltr'>nunc</span> <span class='ocrx_word' id='word_1_264' title='bbox 1534 1677 1656 1707; x_wconf 84' lang='lat' dir='ltr'>labora-</span> 
     </span>
     <span class='ocr_line' id='line_1_46' title="bbox 1001 1727 1655 1767; baseline 0 -11"><span class='ocrx_word' id='word_1_265' title='bbox 1001 1727 1064 1757; x_wconf 85' lang='lat' dir='ltr'>bat.</span> <span class='ocrx_word' id='word_1_266' title='bbox 1110 1727 1222 1767; x_wconf 82' lang='lat' dir='ltr'>Itaque</span> <span class='ocrx_word' id='word_1_267' title='bbox 1251 1736 1314 1756; x_wconf 89' lang='lat' dir='ltr'>non</span> <span class='ocrx_word' id='word_1_268' title='bbox 1344 1736 1420 1767; x_wconf 88' lang='lat' dir='ltr'>opus</span> <span class='ocrx_word' id='word_1_269' title='bbox 1444 1731 1501 1761; x_wconf 82' lang='lat' dir='ltr'>est,</span> <span class='ocrx_word' id='word_1_270' title='bbox 1525 1731 1559 1756; x_wconf 83' lang='lat' dir='ltr'>ut</span> <span class='ocrx_word' id='word_1_271' title='bbox 1583 1737 1655 1756; x_wconf 87' lang='lat' dir='ltr'>cum</span> 
     </span>
     <span class='ocr_line' id='line_1_47' title="bbox 1001 1774 1655 1815; baseline -0.002 -11"><span class='ocrx_word' id='word_1_272' title='bbox 1001 1774 1106 1806; x_wconf 79' lang='lat' dir='ltr'>multis</span> <span class='ocrx_word' id='word_1_273' title='bbox 1131 1776 1223 1805; x_wconf 80' lang='lat' dir='ltr'>MSS.</span> <span class='ocrx_word' id='word_1_274' title='bbox 1249 1774 1379 1815; x_wconf 83' lang='lat' dir='ltr'>legatur,</span> <span class='ocrx_word' id='word_1_275' title='bbox 1408 1775 1537 1805; x_wconf 78' lang='lat' dir='ltr'>Parcere</span> <span class='ocrx_word' id='word_1_276' title='bbox 1565 1776 1655 1804; x_wconf 75' lang='lat' dir='ltr'>‹lebu-</span> 
     </span>
     <span class='ocr_line' id='line_1_48' title="bbox 1001 1823 1654 1864; baseline 0 -11"><span class='ocrx_word' id='word_1_277' title='bbox 1001 1831 1098 1859; x_wconf 74' lang='lat' dir='ltr'>erant,</span> <span class='ocrx_word' id='word_1_278' title='bbox 1121 1830 1151 1854; x_wconf 82' lang='lat' dir='ltr'>et</span> <span class='ocrx_word' id='word_1_279' title='bbox 1177 1823 1290 1854; x_wconf 86' lang='lat' dir='ltr'>deinde</span> <span class='ocrx_word' id='word_1_280' title='bbox 1311 1833 1328 1854; x_wconf 91' lang='lat' dir='ltr'>e</span> <span class='ocrx_word' id='word_1_281' title='bbox 1353 1824 1531 1864; x_wconf 85' lang='lat' dir='ltr'>conjectura</span> <span class='ocrx_word' id='word_1_282' title='bbox 1555 1824 1654 1864; x_wconf 86' lang='lat' dir='ltr'>Capo-</span> 
     </span>
     <span class='ocr_line' id='line_1_49' title="bbox 1003 1872 1657 1911; baseline -0.002 -8"><span class='ocrx_word' id='word_1_283' title='bbox 1003 1872 1104 1905; x_wconf 81' lang='lat' dir='ltr'>ferrei.</span> <span class='ocrx_word' id='word_1_284' title='bbox 1141 1875 1165 1902; x_wconf 73' lang='lat' dir='ltr'>si</span> <span class='ocrx_word' id='word_1_285' title='bbox 1201 1884 1259 1902; x_wconf 79' lang='lat' dir='ltr'>non</span> <span class='ocrx_word' id='word_1_286' title='bbox 1297 1883 1341 1902; x_wconf 84' lang='lat' dir='ltr'>me</span> <span class='ocrx_word' id='word_1_287' title='bbox 1380 1874 1502 1911; x_wconf 76' lang='lat' dir='ltr'>perdere</span> <span class='ocrx_word' id='word_1_288' title='bbox 1537 1874 1657 1902; x_wconf 69' lang='lat' dir='ltr'>vellent.</span> 
     </span>
     <span class='ocr_line' id='line_1_50' title="bbox 1003 1920 1655 1962; baseline -0.003 -10"><span class='ocrx_word' id='word_1_289' title='bbox 1003 1923 1191 1962; x_wconf 76' lang='lat' dir='ltr'>Quanquam</span> <span class='ocrx_word' id='word_1_290' title='bbox 1208 1921 1341 1952; x_wconf 78' lang='lat' dir='ltr'>Ovidius</span> <span class='ocrx_word' id='word_1_291' title='bbox 1355 1920 1509 1951; x_wconf 83' lang='lat' dir='ltr'>interdum</span> <span class='ocrx_word' id='word_1_292' title='bbox 1533 1927 1655 1951; x_wconf 87' lang='lat' dir='ltr'>senten-</span> 
     </span>
     <span class='ocr_line' id='line_1_51' title="bbox 1002 1969 1658 2011; baseline -0.002 -10"><span class='ocrx_word' id='word_1_293' title='bbox 1002 1971 1062 2001; x_wconf 77' lang='lat' dir='ltr'>tias</span> <span class='ocrx_word' id='word_1_294' title='bbox 1097 1970 1249 2011; x_wconf 83' lang='lat' dir='ltr'>subjicere</span> <span class='ocrx_word' id='word_1_295' title='bbox 1282 1969 1370 2009; x_wconf 82' lang='lat' dir='ltr'>solet,</span> <span class='ocrx_word' id='word_1_296' title='bbox 1399 1979 1478 2010; x_wconf 77' lang='lat' dir='ltr'>quas</span> <span class='ocrx_word' id='word_1_297' title='bbox 1505 1970 1658 2010; x_wconf 76' lang='lat' dir='ltr'>suggessit</span> 
     </span>
     <span class='ocr_line' id='line_1_52' title="bbox 1003 2017 1655 2060; baseline 0.002 -12"><span class='ocrx_word' id='word_1_298' title='bbox 1003 2020 1128 2049; x_wconf 85' lang='lat' dir='ltr'>verbum</span> <span class='ocrx_word' id='word_1_299' title='bbox 1152 2018 1340 2060; x_wconf 63' lang='lat' dir='ltr'>praecedens,</span> <span class='ocrx_word' id='word_1_300' title='bbox 1356 2018 1451 2059; x_wconf 84' lang='lat' dir='ltr'>idque</span> <span class='ocrx_word' id='word_1_301' title='bbox 1473 2017 1574 2060; x_wconf 88' lang='lat' dir='ltr'>ipsum</span> <span class='ocrx_word' id='word_1_302' title='bbox 1590 2029 1655 2049; x_wconf 84' lang='lat' dir='ltr'>ver-</span> 
     </span>
     <span class='ocr_line' id='line_1_53' title="bbox 1003 2066 1459 2108; baseline -0.002 -11"><span class='ocrx_word' id='word_1_303' title='bbox 1003 2068 1077 2097; x_wconf 91' lang='lat' dir='ltr'>bum</span> <span class='ocrx_word' id='word_1_304' title='bbox 1093 2073 1230 2108; x_wconf 86' lang='lat' dir='ltr'>repetere</span> <span class='ocrx_word' id='word_1_305' title='bbox 1247 2067 1278 2096; x_wconf 92' lang='lat' dir='ltr'>in</span> <span class='ocrx_word' id='word_1_306' title='bbox 1294 2066 1459 2097; x_wconf 83' lang='lat' dir='ltr'>sententia.</span> 
     </span>
    </p>

    <p class='ocr_par' dir='ltr' id='par_1_13' title="bbox 1000 2115 1657 2296">
     <span class='ocr_line' id='line_1_54' title="bbox 1047 2115 1656 2156; baseline 0 -10"><span class='ocrx_word' id='word_1_307' title='bbox 1047 2117 1120 2146; x_wconf 78' lang='lat'>729.</span> <span class='ocrx_word' id='word_1_308' title='bbox 1138 2116 1299 2151; x_wconf 71' lang='lat' dir='ltr'>Naturale,</span> <span class='ocrx_word' id='word_1_309' title='bbox 1313 2115 1395 2156; x_wconf 85' lang='lat' dir='ltr'>quod</span> <span class='ocrx_word' id='word_1_310' title='bbox 1418 2116 1449 2145; x_wconf 92' lang='lat' dir='ltr'>in</span> <span class='ocrx_word' id='word_1_311' title='bbox 1475 2126 1573 2146; x_wconf 85' lang='lat' dir='ltr'>rerum</span> <span class='ocrx_word' id='word_1_312' title='bbox 1601 2126 1656 2146; x_wconf 77' lang='lat' dir='ltr'>na—</span> 
     </span>
     <span class='ocr_line' id='line_1_55' title="bbox 1004 2164 1657 2205; baseline 0 -11"><span class='ocrx_word' id='word_1_313' title='bbox 1004 2170 1073 2194; x_wconf 80' lang='lat' dir='ltr'>tura</span> <span class='ocrx_word' id='word_1_314' title='bbox 1100 2164 1235 2194; x_wconf 82' lang='lat' dir='ltr'>obvenit.</span> <span class='ocrx_word' id='word_1_315' title='bbox 1263 2166 1346 2205; x_wconf 82' lang='lat' dir='ltr'>Opp.</span> <span class='ocrx_word' id='word_1_316' title='bbox 1373 2175 1434 2194; x_wconf 85' lang='lat' dir='ltr'>ver.</span> <span class='ocrx_word' id='word_1_317' title='bbox 1458 2165 1530 2195; x_wconf 74' lang='grc'><strong>726.</strong></span> <span class='ocrx_word' id='word_1_318' title='bbox 1558 2166 1657 2203; x_wconf 78' lang='lat' dir='ltr'>prodi—</span> 
     </span>
     <span class='ocr_line' id='line_1_56' title="bbox 1000 2212 1656 2253; baseline 0.002 -11"><span class='ocrx_word' id='word_1_319' title='bbox 1000 2215 1125 2252; x_wconf 75' lang='lat' dir='ltr'>giosum,</span> <span class='ocrx_word' id='word_1_320' title='bbox 1142 2212 1223 2253; x_wconf 88' lang='lat' dir='ltr'>quod</span> <span class='ocrx_word' id='word_1_321' title='bbox 1244 2219 1350 2242; x_wconf 82' lang='lat' dir='ltr'>contra</span> <span class='ocrx_word' id='word_1_322' title='bbox 1365 2212 1450 2253; x_wconf 79' lang='lat' dir='ltr'>leges</span> <span class='ocrx_word' id='word_1_323' title='bbox 1465 2218 1581 2242; x_wconf 80' lang='lat' dir='ltr'>naturae</span> <span class='ocrx_word' id='word_1_324' title='bbox 1596 2218 1656 2243; x_wconf 66' lang='lat' dir='ltr'>esi..²</span> 
     </span>
     <span class='ocr_line' id='line_1_57' title="bbox 1006 2262 1328 2296; baseline -0.003 -5"><span class='ocrx_word' id='word_1_325' title='bbox 1006 2263 1051 2291; x_wconf 77' lang='lat' dir='ltr'>De</span> <span class='ocrx_word' id='word_1_326' title='bbox 1068 2273 1154 2296; x_wconf 72' lang='lat' dir='ltr'>inore,</span> <span class='ocrx_word' id='word_1_327' title='bbox 1170 2262 1328 2291; x_wconf 67' lang='lat' dir='ltr'>usitatum.</span> 
     </span>
    </p>

    <p class='ocr_par' dir='ltr' id='par_1_14' title="bbox 1002 2310 1657 2687">
     <span class='ocr_line' id='line_1_58' title="bbox 1048 2310 1654 2351; baseline 0 -11"><span class='ocrx_word' id='word_1_328' title='bbox 1048 2311 1119 2340; x_wconf 85' lang='lat'>730.</span> <span class='ocrx_word' id='word_1_329' title='bbox 1150 2310 1211 2340; x_wconf 73' lang='lat' dir='ltr'>Nec</span> <span class='ocrx_word' id='word_1_330' title='bbox 1241 2322 1354 2340; x_wconf 67' lang='lat' dir='ltr'>rar-cnm</span> <span class='ocrx_word' id='word_1_331' title='bbox 1384 2311 1505 2350; x_wconf 57' lang='lat' dir='ltr'>racem]</span> <span class='ocrx_word' id='word_1_332' title='bbox 1530 2310 1654 2351; x_wconf 81' lang='lat' dir='ltr'>Magni—</span> 
     </span>
     <span class='ocr_line' id='line_1_59' title="bbox 1005 2359 1656 2389; baseline 0.002 -1"><span class='ocrx_word' id='word_1_333' title='bbox 1005 2359 1144 2389; x_wconf 84' lang='lat' dir='ltr'>tudinem</span> <span class='ocrx_word' id='word_1_334' title='bbox 1165 2366 1195 2389; x_wconf 80' lang='lat' dir='ltr'>et</span> <span class='ocrx_word' id='word_1_335' title='bbox 1217 2359 1418 2389; x_wconf 79' lang='lat' dir='ltr'>acerbitatem</span> <span class='ocrx_word' id='word_1_336' title='bbox 1443 2359 1515 2389; x_wconf 86' lang='lat' dir='ltr'>mali</span> <span class='ocrx_word' id='word_1_337' title='bbox 1536 2359 1582 2389; x_wconf 80' lang='lat' dir='ltr'>sui</span> <span class='ocrx_word' id='word_1_338' title='bbox 1602 2359 1656 2389; x_wconf 81' lang='lat' dir='ltr'>de-</span> 
     </span>
     <span class='ocr_line' id='line_1_60' title="bbox 1004 2408 1656 2449; baseline 0.002 -12"><span class='ocrx_word' id='word_1_339' title='bbox 1004 2408 1110 2442; x_wconf 81' lang='lat' dir='ltr'>clarat,</span> <span class='ocrx_word' id='word_1_340' title='bbox 1140 2409 1271 2449; x_wconf 81' lang='lat' dir='ltr'>primum</span> <span class='ocrx_word' id='word_1_341' title='bbox 1304 2419 1359 2449; x_wconf 85' lang='lat' dir='ltr'>per</span> <span class='ocrx_word' id='word_1_342' title='bbox 1395 2408 1656 2449; x_wconf 69' lang='lat' dir='ltr'>comparationem</span> 
     </span>
     <span class='ocr_line' id='line_1_61' title="bbox 1005 2456 1656 2496; baseline 0.002 -11"><span class='ocrx_word' id='word_1_343' title='bbox 1005 2462 1067 2485; x_wconf 83' lang='lat' dir='ltr'>tam</span> <span class='ocrx_word' id='word_1_344' title='bbox 1097 2466 1168 2486; x_wconf 88' lang='lat' dir='ltr'>cum</span> <span class='ocrx_word' id='word_1_345' title='bbox 1204 2457 1388 2486; x_wconf 77' lang='lat' dir='ltr'>animalibus</span> <span class='ocrx_word' id='word_1_346' title='bbox 1424 2456 1533 2491; x_wconf 76' lang='lat' dir='ltr'>brutis,</span> <span class='ocrx_word' id='word_1_347' title='bbox 1563 2467 1656 2496; x_wconf 87' lang='lat' dir='ltr'>quam</span> 
     </span>
     <span class='ocr_line' id='line_1_62' title="bbox 1005 2504 1657 2535; baseline 0.003 -2"><span class='ocrx_word' id='word_1_348' title='bbox 1005 2514 1075 2534; x_wconf 90' lang='lat' dir='ltr'>cum</span> <span class='ocrx_word' id='word_1_349' title='bbox 1098 2504 1278 2534; x_wconf 80' lang='lat' dir='ltr'>mulieribus</span> <span class='ocrx_word' id='word_1_350' title='bbox 1302 2504 1436 2534; x_wconf 78' lang='lat' dir='ltr'>nefariis.</span> <span class='ocrx_word' id='word_1_351' title='bbox 1480 2505 1596 2534; x_wconf 65' lang='lat' dir='ltr'>BIelius</span> <span class='ocrx_word' id='word_1_352' title='bbox 1611 2513 1657 2535; x_wconf 86' lang='lat' dir='ltr'>ta-</span> 
     </span>
     <span class='ocr_line' id='line_1_63' title="bbox 1003 2553 1654 2594; baseline 0 -12"><span class='ocrx_word' id='word_1_353' title='bbox 1003 2564 1085 2588; x_wconf 85' lang='lat' dir='ltr'>men,</span> <span class='ocrx_word' id='word_1_354' title='bbox 1116 2559 1200 2594; x_wconf 82' lang='lat' dir='ltr'>pnto,</span> <span class='ocrx_word' id='word_1_355' title='bbox 1227 2553 1293 2583; x_wconf 82' lang='lat' dir='ltr'>haee</span> <span class='ocrx_word' id='word_1_356' title='bbox 1322 2554 1509 2594; x_wconf 83' lang='lat' dir='ltr'>comparatio</span> <span class='ocrx_word' id='word_1_357' title='bbox 1536 2560 1654 2584; x_wconf 81' lang='lat' dir='ltr'>resecta</span> 
     </span>
     <span class='ocr_line' id='line_1_64' title="bbox 1002 2602 1655 2637; baseline 0 -5"><span class='ocrx_word' id='word_1_358' title='bbox 1002 2608 1092 2632; x_wconf 74' lang='lat' dir='ltr'>essct.</span> <span class='ocrx_word' id='word_1_359' title='bbox 1144 2602 1203 2632; x_wconf 81' lang='lat' dir='ltr'>Nec</span> <span class='ocrx_word' id='word_1_360' title='bbox 1221 2614 1349 2637; x_wconf 66' lang='lat' dir='ltr'>vaccam,</span> <span class='ocrx_word' id='word_1_361' title='bbox 1363 2609 1424 2632; x_wconf 87' lang='lat' dir='ltr'>etc.</span> <span class='ocrx_word' id='word_1_362' title='bbox 1450 2602 1655 2633; x_wconf 63' lang='lat' dir='ltr'>ConfaAmor,</span> 
     </span>
     <span class='ocr_line' id='line_1_65' title="bbox 1003 2650 1506 2687; baseline 0 -7"><span class='ocrx_word' id='word_1_363' title='bbox 1003 2650 1027 2680; x_wconf 90' lang='lat' dir='ltr'>I.</span> <span class='ocrx_word' id='word_1_364' title='bbox 1043 2662 1072 2680; x_wconf 78' lang='lat' dir='ltr'>x.</span> <span class='ocrx_word' id='word_1_365' title='bbox 1089 2651 1149 2687; x_wconf 75' lang='lat'>‘27;</span> <span class='ocrx_word' id='word_1_366' title='bbox 1174 2651 1244 2681; x_wconf 76' lang='lat' dir='ltr'>Art.</span> <span class='ocrx_word' id='word_1_367' title='bbox 1261 2651 1365 2680; x_wconf 62' lang='lat' dir='ltr'>Amat.</span> <span class='ocrx_word' id='word_1_368' title='bbox 1381 2650 1415 2680; x_wconf 86' lang='lat' dir='ltr'>ii.</span> <span class='ocrx_word' id='word_1_369' title='bbox 1433 2652 1506 2681; x_wconf 72' lang='lat'>481.</span> 
     </span>
    </p>

    <p class='ocr_par' dir='ltr' id='par_1_15' title="bbox 1044 2700 1655 2740">
     <span class='ocr_line' id='line_1_66' title="bbox 1044 2700 1655 2740; baseline 0.002 -11"><span class='ocrx_word' id='word_1_370' title='bbox 1044 2701 1116 2731; x_wconf 82' lang='lat'>734.</span> <span class='ocrx_word' id='word_1_371' title='bbox 1140 2701 1244 2730; x_wconf 59' lang='lat' dir='ltr'>sellem</span> <span class='ocrx_word' id='word_1_372' title='bbox 1263 2702 1346 2731; x_wconf 71' lang='lat' dir='ltr'>nulla</span> <span class='ocrx_word' id='word_1_373' title='bbox 1363 2700 1493 2740; x_wconf 64' lang='lat' dir='ltr'>sermm]</span> <span class='ocrx_word' id='word_1_374' title='bbox 1520 2701 1655 2730; x_wconf 57' lang='lat' dir='ltr'>Blortcm</span> 
     </span>
    </p>
   </div>
  </div>
 </body>
</html>
