1779 3130
240 179 326 220 402
616 178 666 216 Ρ.
702 175 905 216 OVIDII
938 176 1215 217 NASONIS

241 292 339 337 Vix
359 290 593 352 equidem
613 290 702 336 lias
723 289 886 345 sedes,
904 297 953 336 et
970 288 1175 352 Iapygis
1193 289 1329 336 arida
1345 289 1508 335 Dauni
1533 292 1628 335 510

243 368 374 413 Arva
393 382 542 428 gener
567 374 730 420 teneO,
758 366 961 413 minima
985 383 1099 413 cum
1125 373 1264 429 parte
1289 380 1526 412 meorum.

307 443 369 489 V.
390 442 649 489 Hactenus
667 442 898 489 OEnides:
924 443 1149 490 Venulus
1168 442 1446 505 Calydonia
1459 457 1626 502 regna,

242 519 609 580 Peucetiosque
636 518 789 572 sinus,
818 518 1175 581 Messapiaque
1203 534 1317 564 arva
1340 518 1591 580 relinquit.

242 595 301 641 In
328 596 511 658 quibus
538 602 678 640 antra
701 594 851 649 videt,
880 610 991 656 quae
1016 595 1173 640 multa
1197 594 1367 640 nubila
1391 594 1527 647 silva,

243 671 309 718 Et
332 672 523 718 levibus
550 671 702 732 guttis
729 671 995 726 manantia,
1025 671 1297 733 semicaper
1323 669 1432 715 Pan

243 748 391 794 Nunc
417 755 581 803 tenet3
617 755 667 794 at
692 748 909 810 quodam
930 754 1194 793 tenuerunt
1218 754 1441 809 tempore
1470 745 1627 808 Nym-

242 825 473 888 Appulus
500 825 587 870 has
614 824 699 870 illa
723 831 891 887 pastor
916 824 1114 885 regione
1141 823 1337 884 fugatas
1475 822 1627 884 [phae.

242 901 452 955 Terruit,
480 908 530 947 et
555 901 712 963 primo
738 902 901 947 subita
926 900 1185 947 formidine
1212 899 1379 945 movit.

243 976 385 1033 Mox,
413 977 497 1022 ubi
522 993 663 1024 mens
690 977 850 1031 rediit,
872 984 922 1023 et
946 984 1291 1038 contempsere
1317 981 1629 1035 sequentem,

243 1053 323 1100 Ad
348 1070 609 1100 numerum
635 1054 780 1100 motis
807 1053 1019 1116 pedibus
1045 1053 1234 1098 duxere
1260 1052 1483 1097 choreas,
1537 1053 1632 1096 520

1535 672 1629 715 515

246 1129 504 1193 Improbat
528 1130 616 1176 has
644 1136 828 1192 pastor,
858 1130 1089 1190 saltuque
1116 1128 1336 1174 imitatus
1363 1127 1545 1188 agresti

243 1206 453 1252 Addidit
478 1205 724 1252 obscoenis
750 1206 971 1252 convicia
991 1205 1175 1251 rustica
1199 1204 1374 1251 dictis:

246 1283 354 1329 Nec
380 1283 517 1346 prius
544 1283 770 1338 obticuit,
799 1299 950 1345 quarn
976 1289 1176 1344 guttura
1200 1280 1423 1328 condidit
1448 1280 1607 1326 arbor.

243 1359 433 1406 Arbore
460 1359 590 1405 0111111
618 1375 870 1421 succoque
895 1359 1013 1405 licet
1039 1373 1341 1419 cognoscere
1367 1373 1554 1413 mores3

245 1433 444 1497 Quippe
471 1441 639 1481 notam
665 1434 847 1495 linguae
872 1435 1040 1480 baccis
1061 1435 1274 1480 oleaster
1299 1433 1478 1479 amaris
1538 1436 1631 1478 525

246 1509 491 1557 Exhibet:
533 1511 772 1573 asperitas
798 1512 1059 1557 verborum
1085 1510 1237 1558 cessit
1261 1511 1310 1556 in
1336 1510 1462 1556 illas.

311 1587 400 1634 VI.
432 1585 563 1633 Hinc
592 1588 674 1633 ubi
702 1588 852 1650 legati
880 1589 1085 1642 rediere,
1114 1594 1295 1649 negata
1318 1586 1534 1633 ferentes

286 1734 359 1764 510.
398 1735 493 1764 Arida
522 1735 628 1764 Dauni
656 1746 742 1769 arm,
773 1736 902 1776 Apulia,

245 1792 396 1822 aquarum
431 1783 536 1824 inops:
577 1783 648 1813 111110
677 1795 791 1823 pauper
820 1796 903 1825 aqnae

246 1831 376 1861 Daunus
400 1831 511 1862 Horat.
530 1832 592 1861 ΙΙΙ.
609 1833 673 1862 Od.
691 1844 764 1862 xxx.
783 1833 819 1862 11
837 1846 843 1862 1
873 1840 903 1863 et

245 1880 325 1910 male
351 1880 408 1910 hoc
432 1880 500 1910 loco
523 1883 621 1911 ardua
646 1882 753 1911 Dauni
776 1893 848 1912 arra
873 1882 903 1912 in

243 1934 314 1958 octo
329 1929 421 1959 MSS.

287 1977 363 2006 512.
390 1978 519 2012 OEnides,
538 1978 708 2008 Diomedes
724 1979 762 2007 ab
777 1989 834 2008 avo
849 1980 903 2009 OE-

246 2035 313 2060 neo,
328 2026 454 2056 AEtoliae
471 2037 554 2066 rege,
565 2027 654 2067 cujus
669 2027 741 2056 urbs
759 2027 905 2066 Calydon,

246 2073 317 2104 hinc
330 2074 459 2105 Daunia
471 2075 576 2109 etiam,
590 2085 669 2105 nova
680 2074 768 2106 sedes
779 2076 906 2106 Diome-

245 2121 304 2157 dis,
326 2133 380 2163 per
405 2124 573 2163 Calydonia
600 2134 694 2165 regna
720 2124 907 2154 declaratur.

245 2170 305 2200 Pro
320 2171 472 2202 Peucetios
484 2172 649 2202 MSS.fere
665 2183 772 2203 omnes
787 2173 908 2203 diversa

245 2218 412 2249 lectionum
438 2226 575 2251 monstra
597 2220 763 2258 exhibent3
786 2220 840 2251 sed
856 2231 907 2251 ve-

246 2278 311 2298 ram
339 2268 508 2299 restituisse
537 2269 658 2299 videtur
688 2270 904 2299 Burmannus:

246 2326 357 2357 nempe
374 2317 508 2347 Dauniis
522 2317 615 2347 vicini
635 2318 768 2347 Peucetii
785 2323 816 2348 et
830 2318 908 2347 Mes-

245 2366 341 2403 κρῆ,-
358 2375 492 2405 namque
506 2365 616 2406 Iapyx,
629 2366 762 2395 Daunus
777 2371 808 2395 et
823 2366 904 2396 Peu-

247 2413 356 2448 cetius,
378 2414 534 2454 Lycaonis
554 2414 620 2448 filii,
643 2414 699 2444 has
724 2424 791 2444 oras
815 2424 907 2444 occu-

246 2461 337 2500 p'asse
361 2461 525 2492 traduntur
549 2463 588 2492 ab
612 2462 732 2492 Anton.
756 2462 904 2498 Liberali,

247 2510 298 2540 31.

291 2559 365 2588 515.
406 2559 533 2589 Levibus
557 2561 654 2600 guttis
682 2561 849 2594 manantia,
874 2558 905 2588 in

248 2606 363 2646 quibus
376 2608 459 2642 leves,
469 2607 544 2637 roris
556 2607 657 2642 modo,
671 2614 767 2647 guttae
781 2606 818 2636 de
832 2617 906 2637 saxo

247 2653 415 2684 decidunt:
443 2655 525 2686 Fast.
541 2667 572 2685 v.
591 2656 663 2686 661.
680 2659 743 2686 viro
767 2658 905 2686 rorantia

247 2711 313 2730 saro
328 2709 429 2733 antra.

1013 1737 1088 1766 517.
1129 1735 1265 1777 anatas
1296 1737 1419 1770 terruit,
1450 1735 1572 1770 terruit,
1602 1740 1637 1765 ut

971 1785 1122 1824 fugerent.
1163 1784 1269 1819 Movit,
1286 1783 1466 1814 conterruit.

1015 1833 1089 1862 520.
1114 1832 1204 1862 Motis
1222 1831 1373 1871 pedibus]
1399 1831 1545 1862 Heinsius
1565 1843 1634 1862 sua-

971 1882 1024 1912 det
1050 1885 1133 1912 motis
1157 1883 1303 1916 manibus,
1331 1881 1404 1921 quia
1430 1880 1544 1921 ubique
1575 1881 1636 1912 fere

972 1926 1084 1961 morere
1105 1936 1159 1961 aut
1172 1933 1296 1970 jactare
1318 1941 1432 1964 manns,
1453 1931 1574 1960 brachia
1596 1930 1635 1960 de

973 1979 1148 2014 saltatione,
1173 1979 1204 2009 iu
1229 1989 1291 2019 qua
1317 1989 1465 2009 manuum
1485 1979 1584 2019 magis
1604 1985 1636 2009 et

974 2028 1170 2058 brachiorum
1192 2033 1297 2069 gestus
1313 2028 1525 2068 spectabatur,
1542 2036 1635 2067 quam

973 2077 1088 2117 pedum
1105 2083 1216 2106 motus.
1252 2075 1333 2106 Vide
1350 2075 1464 2105 nubem
1479 2074 1637 2115 exemplo-

975 2135 1041 2154 rum
1058 2126 1097 2154 ab
1114 2124 1243 2154 Heinsio
1259 2124 1298 2154 ad
1314 2123 1453 2154 Remed.
1469 2123 1544 2153 Am.
1562 2124 1637 2153 334.

975 2173 1186 2203 collectorum.
1234 2172 1276 2202 At
1292 2172 1324 2202 11.
1342 2172 1363 2201 l.
1379 2172 1453 2212 quia
1468 2174 1550 2201 saltn
1569 2173 1635 2201 imi-

976 2229 1057 2252 tatus
1078 2224 1187 2263 agresti
1210 2220 1280 2251 illos
1302 2226 1402 2251 motus
1418 2226 1520 2262 pastor
1541 2220 1636 2250 tradi-

974 2276 1034 2305 tur,
1052 2276 1083 2300 et
1098 2271 1190 2300 MSS.
1207 2280 1312 2300 omnes
1325 2269 1357 2299 in
1377 2271 1498 2307 pedibus
1514 2269 1635 2310 conspi-

974 2327 1053 2354 rant,
1070 2319 1101 2349 id
1125 2319 1237 2349 mutari
1260 2318 1374 2348 nolim:
1411 2317 1505 2348 etiam
1526 2319 1635 2357 pedum

973 2368 1131 2408 eleganter
1151 2367 1363 2409 ponendorum
1385 2376 1433 2396 ars
1455 2366 1512 2396 fuit
1528 2367 1559 2396 in
1575 2366 1634 2396 sal-

974 2416 1142 2447 tationibus
1158 2423 1292 2446 veterum
1306 2427 1313 2452 ;
1336 2415 1495 2450 Horatius,
1511 2415 1557 2444 ΙΙ.
1572 2415 1634 2445 Od.

974 2465 1029 2494 xii.
1045 2466 1093 2495 17.
1107 2466 1205 2499 Quam
1221 2466 1367 2504 necferre
1379 2466 1481 2502 pedem
1497 2465 1635 2493 dedecuit

974 2513 1080 2543 choris.

1015 2562 1196 2592 527—565.
1222 2561 1319 2591 Nares
1343 2559 1470 2599 AEneae.]
1506 2560 1636 2600 Sumpta

973 2609 1078 2639 fabula
1102 2619 1118 2639 e
1143 2609 1284 2649 Virgilio,
1302 2610 1378 2638 [En.
1403 2608 1445 2638 ix.
1467 2607 1523 2637 107
1548 2617 1631 2648 sqq;

973 2658 1054 2688 conf.
1076 2669 1106 2688 x.
1122 2659 1195 2688 219.
1239 2657 1375 2687 Additur
1398 2655 1522 2686 Alcinoi
1547 2656 1635 2686 navis

973 2706 1003 2735 in
1025 2717 1133 2736 saxum
1153 2712 1285 2737 mutata.
1334 2706 1483 2739 Fer-entes,
1498 2705 1631 2735 referen-
