1779 3130
331 172 946 214 METAMORPHOSEON
982 172 1100 214 LIB.
1138 170 1274 212 XIV.
1407 171 1493 212 399

114 286 386 333 Admonitu
412 302 700 349 quanquam
725 287 888 333 luctus
914 293 1207 333 renovantur
1232 300 1412 340 amaro,

114 362 373 425 Perpetiar
409 378 682 409 memorare
718 368 914 409 tamen:
953 368 1220 425 postquam
1257 361 1357 408 alta
1391 375 1494 407 cre-

313 445 446 484 mata
470 446 546 484 est
1398 439 1495 484 466

117 512 257 567 Ilion,
286 520 336 560 et
362 513 561 559 Danaas
588 521 829 575 paverunt
854 514 1100 575 Pergama
1123 512 1367 569 flammas,

119 589 467 653 Naryciusque
493 590 654 644 heros,
682 606 711 636 a
733 589 920 651 virgine
946 589 1132 651 virgine
1158 595 1313 651 rapta,

119 665 282 719 Quam
307 666 486 713 meruit
511 666 645 711 solus
671 681 867 728 poenam
892 664 1100 727 digessit
1123 664 1173 710 in
1198 680 1396 720 omnes;

122 742 427 805 Spargimur,
447 748 497 788 et
517 741 674 788 ventis
697 741 896 787 inimica
915 756 1002 804 per
1024 755 1223 802 aequora
1241 739 1384 802 rapti,
1404 741 1502 786 470

120 818 364 873 Fulmina,
392 825 603 872 noctem,
633 817 831 872 imbres,
859 817 980 864 iram
1011 816 1226 878 coelique
1252 815 1502 877 marisque

120 894 436 957 Perpetimur
463 893 639 949 Danai,
663 894 1017 955 cumulumque
1041 893 1303 955 Capharea
1327 892 1500 939 cladis.

124 969 263 1018 Neve
289 986 447 1017 morer
473 969 686 1017 referens
707 964 876 1017 'tristes
903 986 967 1017 ex
992 970 1162 1016 ordine
1187 986 1349 1024 casus,

126 1047 323 1093 Graecia
345 1054 449 1093 tum
475 1047 640 1109 potuit
666 1046 864 1094 Priamo
890 1063 1091 1110 quoque
1116 1046 1281 1093 flenda
1303 1046 1473 1092 videri,

127 1122 213 1170 Me
239 1131 404 1170 tamen
431 1122 668 1169 armiferae
695 1131 943 1170 servatum
968 1139 1086 1169 cura
1111 1122 1348 1169 Minervae
1410 1124 1506 1168 475

129 1199 387 1247 Fluctibus
414 1200 620 1262 eripuit:
662 1200 832 1263 patriis
859 1201 946 1247 sed
971 1216 1138 1245 rursus
1162 1199 1224 1245 ab
1250 1198 1396 1259 Argis

127 1338 280 1379 perpetiar
295 1347 477 1375 memorare,
490 1347 668 1378 quanquam
684 1337 787 1367 luctus

128 1393 314 1417 renovantur
342 1386 503 1416 admonitu
534 1396 652 1416 amaro.
705 1384 788 1421 Quia

129 1446 297 1475 quanquam
326 1434 535 1476 praepositum,
565 1440 726 1475 propterea
756 1433 788 1463 in

130 1484 224 1514 altero
235 1485 372 1514 membro
385 1491 481 1514 tamen
495 1483 646 1518 additum,
660 1488 694 1512 ut
709 1493 787 1512 sem-

130 1543 185 1574 per
201 1532 283 1574 apud
300 1532 438 1562 Latinos.
471 1533 564 1568 Alea‚·
583 1531 652 1561 vide
670 1531 709 1561 ad
725 1531 789 1561 xiii.

135 1583 209 1613 197.
256 1581 474 1615 Calamitates,
505 1591 584 1621 quas
615 1590 706 1621 passa
743 1585 790 1610 est

133 1630 242 1661 classis
257 1630 434 1661 Graecorum
449 1640 467 1659 a
477 1630 569 1670 Troja
583 1628 789 1664 redeuntium,

133 1679 285 1709 Minervae
307 1678 447 1708 tribuunt
463 1684 600 1715 veteres;
625 1678 788 1713 Homerus,

136 1728 197 1758 Od.
222 1731 256 1759 Γ.
285 1727 367 1763 1353
390 1726 565 1768 EuripideS,
591 1726 704 1756 Troad.
730 1727 790 1764 65;

134 1776 297 1817 Virgilius,
314 1776 354 1806 xi.
370 1777 443 1805 259.
475 1775 674 1805 Irritaverant
688 1781 790 1805 autem

136 1825 214 1855 iram
242 1825 408 1859 Minervae,
438 1834 499 1853 non
529 1823 620 1853 modo
650 1823 793 1854 Palladio

137 1879 252 1915 erepto,
268 1873 322 1903 sed
338 1872 430 1902 etiarn
450 1882 496 1907 eo,
513 1871 596 1912 quod
614 1872 694 1912 Ajax
711 1872 794 1902 Oilei

140 1922 294 1962 Narycius
317 1922 352 1961 (a
376 1920 523 1960 Narycia,
547 1919 686 1950 Locridis
710 1920 795 1952 urbe.

139 1970 171 2000 in
191 1981 254 2011 qua
275 1976 367 2000 natus
390 1974 466 2004 erat,
486 1968 626 2005 dictu53)
650 1970 797 2009 virginem

141 2018 349 2050 Cassandram
372 2030 391 2047 a
413 2019 540 2058 virgine,
554 2027 570 2047 e
594 2016 711 2058 templo
734 2017 797 2047 Mi-

141 2077 254 2102 nervae,
278 2072 441 2106 rapuerat3
466 2065 553 2105 Virg.
569 2066 643 2095 AEn.
663 2065 696 2095 ii.
714 2066 775 2095 403
790 2077 796 2094 :

142 2114 187 2145 ita
202 2115 258 2145 hoc
276 2114 358 2145 facto
373 2125 489 2153 pernam
503 2116 622 2153 digessit
640 2115 671 2143 in
693 2125 798 2149 omnes,
837 2115 841 2117 ’

144 2163 310 2195 commisit.
329 2170 363 2193 ut
381 2173 505 2203 poenam
529 2163 567 2192 ab
589 2161 730 2192 omnibus
750 2173 799 2192 su-

145 2218 241 2241 meret
256 2211 410 2240 Minerva.

187 2261 260 2290 471.
288 2260 419 2294 Noctem,
436 2260 588 2290 tenebras.
627 2259 802 2288 Cumulum-

144 2320 210 2349 que,
224 2316 283 2339 etc.
329 2309 403 2338 Post
428 2308 610 2338 horrendam
636 2313 802 2348 tempesta-

145 2365 222 2392 tem,
254 2357 448 2396 naufragium
487 2357 565 2386 adeo
598 2356 727 2386 facimus
764 2355 802 2386 ad

148 2406 324 2448 Capharea.
373 2406 554 2445 Caphureus,
571 2411 623 2436 aut
638 2416 654 2436 e
671 2405 804 2435 dialecto

147 2455 256 2486 Ionica
280 2454 457 2493 Caphereus,
479 2454 716 2495 promontorium
741 2455 804 2484 Eu-

148 2504 241 2539 boeae,
270 2503 440 2533 latentibus
469 2504 550 2533 saxis
578 2510 608 2533 et
637 2503 805 2533 vorticibus

150 2552 287 2590 infame3
328 2551 486 2592 Virgilius,
522 2562 588 2582 ver.
618 2552 691 2582 259.
722 2553 805 2581 triste

154 2601 301 2631 Mineruae
332 2602 431 2636 Sidus,
464 2607 491 2631 et
527 2601 663 2632 Euboicae
696 2607 807 2636 cautes,

153 2651 291 2689 ultorque
305 2650 489 2689 Caphareus.

197 2698 269 2728 474.
307 2698 423 2729 Groecz'a
451 2705 514 2728 tum
538 2700 645 2737 potuit,
670 2697 748 2736 etc.]
784 2697 811 2726 E

854 1337 997 1379 Virgilio,
1014 1348 1078 1368 ver.
1096 1338 1175 1367 259:
1205 1336 1257 1366 I'el
1283 1336 1404 1366 Priamo
1428 1338 1512 1366 mise-

854 1390 951 1417 randa
965 1398 1080 1417 manus.
1125 1387 1210 1417 Ante
1223 1397 1294 1417 eum
1313 1386 1430 1416 Pacuv.
1446 1390 1467 1403 “
1481 1385 1513 1416 Si

858 1435 1001 1466 Priamus
1016 1435 1149 1470 adesset,
1165 1440 1196 1465 et
1214 1435 1278 1476 ipse
1300 1435 1366 1475 ejus
1385 1434 1512 1464 commi-

856 1483 1061 1514 seresceret.'⁷
1110 1484 1225 1518 Potuit,
1242 1483 1406 1524 potuisset.

902 1532 974 1562 475.
1001 1533 1082 1561 Cura
1102 1532 1256 1567 Miner-ree,
1272 1532 1428 1566 Minerva,
1446 1537 1480 1562 ut
1494 1530 1515 1561 i.

857 1582 910 1611 48.
928 1592 1001 1610 cura
1021 1582 1088 1610 Dei.
1133 1581 1442 1621 Serrntumfluctibus
1456 1581 1514 1610 eri-

854 1631 921 1668 puit
938 1641 1003 1671 pro,
1021 1640 1038 1660 e
1054 1629 1198 1660 fiuctibus
1211 1636 1350 1669 ereptum
1371 1628 1515 1659 servavit.

859 1678 888 1708 A
898 1678 991 1718 'l'roja
1009 1677 1105 1718 Argos
1121 1677 1211 1707 rediit
1225 1677 1311 1707 Dion
1320 1676 1394 1707 edes
1407 1687 1516 1707 secun-

858 1726 932 1756 dum
958 1727 1136 1760 Homerum,
1161 1725 1222 1755 Od.
1245 1729 1279 1756 Γ.
1303 1726 1377 1755 18οε
1410 1724 1516 1766 itaque

859 1786 955 1816 quum
982 1775 1070 1805 multi
1095 1775 1186 1804 MSS.
1211 1774 1318 1814 (sicuti
1341 1779 1372 1804 et
1396 1774 1519 1804 codices

860 1824 952 1863 Regii
978 1824 1088 1861 nostri)
1105 1823 1135 1854 h.
1151 1824 1174 1853 l.
1191 1825 1238 1863 τῷ
1252 1825 1333 1863 agris
1356 1823 1519 1863 praeferant

860 1875 967 1911 patriis
988 1874 1024 1902 ab
1040 1874 1139 1912 Argis,
1157 1871 1238 1912 quod
1259 1877 1289 1901 et
1306 1870 1434 1900 Heinsio
1450 1870 1516 1911 pla-

863 1921 965 1956 cebat,
982 1930 1159 1960 quanquam
1183 1920 1208 1949 is
1230 1930 1267 1949 ex
1292 1919 1360 1949 aliis
1383 1919 1521 1949 malebat

861 1971 970 2008 patriis
984 1971 1020 1999 ab
1041 1971 1112 2004 aris,
1129 1967 1315 1998 assentiente
1332 1968 1521 2002 Burmanno,

863 2018 941 2048 illud
976 2017 1160 2058 recepimus.
1213 2016 1274 2046 Sed
1310 2015 1382 2046 inde
1420 2026 1522 2046 rursus

862 2069 1002 2106 pellitur,
1018 2065 1106 2106 fugit,
1129 2065 1252 2105 cognito
1276 2064 1379 2095 uxoris
1402 2064 1523 2095 adulte-

866 2116 921 2149 rio,
940 2115 1021 2156 quod
1044 2120 1134 2144 caute
1155 2113 1322 2143 admodum
1342 2112 1390 2143 hic
1410 2113 1523 2152 tangit.

867 2165 943 2206 Ejus
959 2164 1000 2194 rei
1018 2173 1142 2193 causam
1161 2161 1268 2192 tribuit
1287 2162 1392 2192 Veneri
1407 2163 1524 2201 antiqui

867 2215 1001 2243 vulneris
1014 2212 1150 2246 inemori,
1167 2211 1249 2251 quod
1266 2211 1369 2240 manui
1384 2211 1480 2251 ipsius
1494 2211 1525 2241 in

869 2261 974 2302 praelio
991 2261 1142 2291 inflixerat
1154 2259 1342 2295 Diome(les;
1362 2260 1539 2306 Homerus,-

871 2309 910 2339 ll.
928 2314 963 2340 E.
981 2311 1053 2340 330.
1100 2309 1188 2347 V‘ng.
1206 2319 1270 2338 ver.
1295 2309 1375 2338 275:
1411 2312 1430 2324 ‘¹
1449 2308 1525 2339 Haec

871 2358 947 2388 adeo
970 2368 1006 2388 ex
1029 2357 1081 2387 illo
1106 2356 1178 2386 milii
1199 2357 1265 2397 jam
1288 2356 1442 2397 speranda
1462 2356 1525 2387 fue-

870 2414 942 2437 runt
966 2407 1128 2447 Tempore,
1158 2416 1253 2446 quum
1281 2404 1358 2434 ferro
1387 2404 1528 2435 coelestia

871 2466 996 2496 corpora
1024 2455 1152 2485 demens
1179 2453 1306 2494 Appetii
1339 2458 1369 2483 et
1400 2454 1530 2483 Veneris

871 2504 982 2534 violavi
996 2503 1120 2533 vulnere
1133 2501 1306 2532 dextrani.'⁷
1346 2500 1440 2541 Apud
1453 2511 1529 2531 eun-

872 2552 942 2582 dem
970 2562 1035 2581 ver.
1066 2551 1141 2581 270.
1171 2549 1333 2590 Calydona
1361 2549 1450 2586 redit,
1474 2550 1528 2580 sed

875 2599 985 2630 melius
1001 2599 1094 2630 Ovid.
1111 2599 1192 2629 Vide
1213 2598 1251 2628 ad
1267 2608 1329 2629 ver.
1347 2598 1420 2629 460.
1465 2599 1530 2629 Me*-

876 2660 979 2684 mores,
997 2649 1071 2690 quia
1087 2649 1155 2690 ipsa
1170 2658 1295 2684 memor,
1311 2655 1345 2679 ut
1360 2649 1471 2691 saepius
1487 2650 1531 2679 vi-

878 2697 990 2728 dimus.
