1779 3130
183 159 271 200 262
577 158 627 198 Ρ.
662 156 874 198 OVIDII
910 157 1189 198 NASONIS

186 273 313 320 Tota
331 271 509 326 fremit,
532 286 782 333 vocesque
804 271 966 327 refert,
988 272 1234 333 iteratque
1256 270 1389 333 quod
1407 271 1571 327 audit3

187 349 339 395 Nulla
363 348 506 410 quies
533 347 682 402 intus,
709 348 946 410 nullaque
972 348 1167 395 silentia
1191 356 1355 411 parte:

188 425 295 472 Nec
321 432 487 471 tamen
509 431 587 472 est
612 425 814 480 clamor,
837 426 925 471 sed
950 441 1112 488 parvae
1139 440 1391 471 murmura
1409 422 1572 478 vocis3

188 501 367 555 Qualia
391 501 453 548 de
479 501 660 563 pelagi,
688 501 728 546 si
755 500 868 563 quis
894 502 1067 564 procul
1093 502 1277 556 audiat,
1306 500 1450 546 undis
1515 502 1578 545 50

187 578 314 624 Esse
331 578 492 624 solent
513 595 522 633 ;
553 577 813 639 qualemve
839 593 1031 634 sonum,
1054 594 1209 640 quum
1230 576 1427 639 Jupiter
1447 583 1577 622 atras

187 653 445 716 Increpuit
469 654 644 709 nubes,
671 661 896 700 extrema
919 654 1137 700 tonitrua
1161 653 1391 700 reddunt.

186 730 328 776 Atria
351 730 496 776 turba
519 737 718 777 tenent:
748 730 952 777 veniunt
976 731 1082 777 leve
1107 731 1299 792 vulgus,
1327 735 1574 790 euntque;

188 806 455 868 Mixtaque
480 821 594 852 cum
618 805 746 852 veris
773 806 959 868 passim
984 812 1268 852 commenta
1291 813 1535 866 vagantur

189 883 352 929 Millia
376 897 652 937 rumorum;
693 882 1000 945 confusaque
1025 884 1175 930 verba
1197 883 1439 928 volutant.
1518 882 1579 926 55

190 959 231 1005 Ε
259 959 442 1022 quibus
468 957 518 1003 hi
543 974 725 1004 vacuas
751 958 962 1021 implent
987 958 1298 1005 sermonibus
1325 972 1468 1004 aures
1490 971 1499 1002 :

189 1035 256 1081 Hi
281 1042 480 1081 narrata
502 1033 667 1081 ferunt
692 1035 802 1089 alio,
830 1050 1165 1097 mensuraque
1190 1033 1293 1080 ficti

188 1111 400 1167 Crescit,
427 1118 478 1157 et
503 1110 685 1157 auditis
711 1111 900 1174 aliquid
926 1128 1080 1158 novus
1107 1110 1280 1173 adjicit
1304 1115 1493 1156 auctor.

189 1186 297 1234 Illic
325 1187 625 1242 Credulitas,
654 1187 753 1234 illic
779 1187 1069 1235 temerarius
1098 1186 1262 1241 Error,

188 1324 261 1354 Dea
275 1324 485 1355 indesinenter
502 1325 650 1355 fremens.
681 1323 767 1361 Quid
785 1324 852 1366 ipsa

189 1380 262 1413 agat
287 1373 389 1415 potius
412 1384 475 1404 ver.
499 1374 540 1404 62
560 1384 625 1414 seq.
650 1379 850 1404 memoratur.

190 1422 337 1463 Sequitur
360 1423 448 1452 nulla
471 1424 552 1462 quies
574 1425 677 1460 intu33
706 1432 852 1463 quorsum

189 1472 225 1502 τὸ
241 1474 324 1501 intus
344 1471 467 1507 referes,
484 1471 509 1501 si
528 1471 597 1502 haec
619 1472 714 1501 verba
732 1471 770 1501 de
785 1470 854 1512 ipsa

190 1519 261 1550 Dea
277 1521 395 1560 agunt}
422 1519 565 1550 Proxime
584 1519 734 1561 praecedit
750 1519 781 1549 in
799 1520 852 1549 tri-

191 1569 249 1599 bus
264 1568 357 1599 MSS.
373 1569 468 1599 Nocte
483 1571 587 1608 dieque
602 1575 718 1607 patent,
733 1568 801 1598 scil.
816 1567 853 1598 li-

192 1617 299 1656 mina3
330 1617 425 1658 igitur
449 1624 577 1659 praestat
599 1618 727 1658 vulgata
751 1617 855 1653 lectio,

189 1674 285 1706 patet,
301 1667 368 1698 scil.
385 1667 513 1697 domus:
547 1666 658 1697 eadem
684 1673 742 1697 tota
763 1674 803 1697 est
824 1678 857 1697 er

191 1727 248 1746 oere
263 1718 392 1746 sonanti.
415 1716 466 1746 Ita
481 1717 569 1746 audit
583 1715 703 1746 dictum
719 1715 776 1746 erit
790 1726 855 1757 pro,

192 1765 343 1806 perfertur
354 1765 393 1795 ad
407 1765 474 1806 ejus
486 1764 636 1795 foramina
649 1766 786 1805 :jre111it,
800 1775 855 1794 au-

193 1814 320 1845 diuntur
335 1815 508 1855 promiscue
524 1814 690 1844 multorum
707 1824 809 1844 voces.

235 1864 287 1893 49.
319 1862 437 1899 Part-12,
463 1862 636 1897 submissae,
666 1868 700 1892 ut
726 1862 792 1892 ΙΙΙ.
816 1873 854 1893 ex

192 1913 305 1947 Ponto,
321 1911 367 1942 iii.
388 1913 437 1942 10.
450 1922 562 1951 parvus
575 1922 675 1941 sonus.
721 1912 855 1941 Parvam

195 1967 300 1991 autem
327 1970 434 1991 vocem
458 1960 558 1995 finxit,
587 1958 662 2000 quia
686 1960 856 1990 rumusculi

195 2011 235 2039 ab
248 2009 336 2040 initio
347 2009 428 2039 clam
438 2014 662 2050 progagantur.
686 2008 854 2048 litei-epate,

195 2057 369 2088 concussit:
401 2058 495 2087 verba
513 2057 595 2087 enim
611 2057 758 2087 orationis
774 2068 856 2099 saepe

195 2107 421 2137 transferuntur
437 2106 476 2136 ad
498 2116 573 2136 rem.
620 2107 762 2137 Extrema
779 2109 856 2136 toni-

196 2162 267 2186 trua
283 2155 420 2196 egregie,
439 2165 569 2195 quorum
592 2155 759 2196 sonusjam
779 2155 858 2186 frac-

198 2210 249 2234 tus
270 2210 317 2235 est
336 2210 431 2245 atque
450 2203 642 2238 debilitatus,
658 2210 689 2234 et
711 2214 781 2234 mox
801 2204 856 2235 de-

197 2252 301 2291 sinet;
323 2253 366 2283 sic
387 2252 420 2283 ii.
442 2253 512 2282 117.
531 2259 660 2282 extrema
684 2253 769 2288 luna,
789 2263 858 2293 quae

198 2312 267 2331 mox
285 2308 450 2332 evanescet
472 2311 488 2331 e
509 2308 699 2342 conspectu3
724 2301 857 2336 Plinius,

198 2350 229 2380 ii.
252 2350 351 2392 Epist.
373 2351 422 2380 17.
440 2360 526 2379 sonus
550 2349 643 2379 maris
664 2351 808 2385 desinens,
829 2356 861 2380 et

199 2399 383 2441 ibid.fracti
399 2405 425 2429 et
442 2400 727 2439 norissimifluctus.

243 2451 296 2480 53.
312 2450 401 2478 Atria
415 2450 504 2478 turba
518 2448 646 2487 tenent]
665 2448 758 2488 Regii
768 2449 860 2478 nostri

200 2498 316 2528 liabent
328 2504 404 2527 tenet
418 2509 426 2534 ;
444 2503 544 2527 tenent
554 2497 714 2537 catalogus
729 2507 861 2537 sequens

201 2547 322 2587 exigere
333 2546 407 2575 mihi
418 2546 549 2576 videtur.
570 2546 695 2587 Vulgus,
709 2545 792 2586 quod
804 2545 858 2576 de-

201 2595 334 2625 lectatur
349 2600 380 2624 et
393 2594 517 2624 ducitur
533 2594 716 2629 rumoribus,
728 2604 859 2634 eamque

202 2644 241 2674 ob
257 2653 383 2674 causam
403 2644 463 2673 leve
482 2649 538 2679 est,
556 2643 754 2683 frequentant
769 2645 861 2678 atria,

204 2698 236 2723 et
251 2701 402 2723 rumorum
419 2691 714 2732 cognoscendorum,
732 2698 763 2722 et
784 2691 861 2722 Deae

920 1324 1060 1355 colendae
1081 1334 1188 1354 causa.
1236 1324 1284 1353 Ibi
1301 1329 1463 1353 commenta
1481 1333 1582 1352 rumo-

919 1385 998 1408 rum,
1018 1372 1222 1403 commentitii
1246 1382 1395 1406 rumores,
1418 1377 1583 1412 vagantur,

921 1428 1081 1464 tamquam
1113 1432 1261 1463 personae,
1286 1421 1467 1462 confusaque
1495 1421 1584 1450 rerba

921 1473 1070 1507 volutant,
1086 1470 1167 1512 quod
1190 1470 1338 1511 praeclare
1358 1469 1398 1499 de
1416 1479 1531 1510 magna
1551 1474 1584 1499 et

921 1519 1013 1550 simul
1029 1520 1175 1561 loquente
1193 1519 1285 1549 turba
1301 1518 1431 1554 dictum,
1446 1524 1482 1548 ut
1492 1517 1582 1558 Virg.

923 1570 997 1599 AEn.
1021 1568 1043 1598 i.
1068 1569 1141 1599 725.
1163 1567 1202 1598 de
1228 1566 1366 1597 convivis
1390 1567 1584 1607 loquacibus,

925 1623 945 1634 “
957 1628 1126 1658 vocemque
1138 1627 1190 1658 per
1201 1617 1306 1658 ampla
1314 1616 1455 1646 volutant
1464 1615 1585 1646 Atria.''

928 1667 1049 1697 solt-ese
1071 1667 1170 1701 verba,
1186 1664 1400 1707 pronuntiare,
1417 1664 1496 1694 dixit
1516 1664 1585 1695 Cic.

925 1716 983 1746 Or.
999 1715 1045 1746 iii.
1066 1716 1118 1745 47.
1135 1715 1224 1745 Brut.
1246 1714 1297 1744 70.
1346 1713 1463 1743 Vacuus
1484 1724 1583 1748 aures,

925 1775 985 1794 non
1008 1771 1176 1805 occupatas
1201 1762 1365 1794 audiendis
1393 1762 1486 1792 rebus
1514 1772 1584 1803 gra-

924 1813 1069 1849 vioribus,
1092 1813 1146 1843 sed
1169 1818 1318 1843 vacantes
1343 1812 1527 1847 rumoribus,
1550 1817 1585 1842 ut

924 1863 964 1893 iv.
977 1863 1014 1892 41
1034 1874 1041 1899 3
1065 1868 1096 1892 et
1110 1873 1204 1892 vacua
1215 1861 1299 1892 Jano
1313 1860 1440 1891 iii.319.
1466 1861 1585 1891 Ferunt

924 1912 994 1947 alio,
1017 1910 1116 1941 relata
1139 1910 1277 1940 referunt
1301 1909 1381 1939 aliis.
1428 1909 1584 1944 Mensura,

924 1959 1125 2001 magnitudo;
1163 1958 1333 1999 Virgilius:
1373 1962 1392 1975 ‘¹
1406 1957 1585 1988 Mobilitate

925 2007 1021 2048 viget,
1040 2008 1183 2048 viresque
1204 2006 1337 2047 acquirit
1354 2006 1468 2041 eundo,
1486 2006 1586 2036 Parva

924 2062 1010 2086 metu
1024 2056 1132 2097 primo,
1145 2066 1216 2085 mox
1232 2065 1298 2086 sese
1312 2055 1427 2085 attollit
1442 2055 1473 2085 in
1485 2065 1587 2091 auras,

925 2104 1166 2145 Ingrediturque
1182 2104 1259 2139 solo,
1275 2110 1306 2134 et
1322 2110 1417 2145 caput
1434 2104 1513 2134 inter
1529 2114 1586 2134 nu-

923 2154 986 2184 bila
1001 2153 1139 2184 condit.”
1162 2152 1275 2183 Confer
1283 2163 1377 2193 supra
1388 2153 1430 2183 ix.
1446 2154 1503 2183 137
1516 2163 1586 2194 sqq.

927 2203 1027 2233 Novus
1042 2210 1158 2238 auctor,
1173 2202 1226 2243 qui
1243 2202 1310 2232 aliis
1327 2202 1420 2232 refert
1435 2201 1543 2233 relata.

968 2253 1020 2282 59.
1050 2252 1121 2282 Illic
1153 2251 1478 2286 Credulitas—Error,
1504 2251 1583 2291 etc.]

928 2301 1235 2341 Προσωποποιεῖται
1257 2310 1306 2335 ea,
1326 2310 1395 2340 quae
1414 2300 1464 2329 vel
1484 2310 1588 2330 rumo-

927 2360 974 2379 res
994 2349 1126 2390 gignunt
1150 2349 1311 2389 aluntque,
1334 2349 1383 2378 vel
1403 2349 1442 2378 ab
1461 2348 1498 2378 iis
1519 2347 1587 2389 gig-

929 2403 1052 2428 nuntur.
1099 2397 1312 2433 Quintilianus
1334 2397 1412 2427 Inst.
1438 2408 1466 2427 v.
1491 2398 1521 2427 3.
1547 2397 1587 2427 de

928 2447 1041 2482 Fama,
1062 2457 1128 2477 esse
1147 2458 1315 2481 sermonem,
1338 2448 1401 2475 sine
1422 2446 1484 2475 ullo
1508 2452 1587 2475 certo

928 2502 1049 2525 auc-tore
1067 2497 1240 2534 dispersum,
1261 2497 1310 2524 cui
1334 2495 1508 2534 malignitas
1528 2495 1588 2523 ini-

930 2547 1004 2574 tium
1023 2546 1148 2579 dederit,
1171 2546 1386 2574 incrementum
1410 2543 1586 2573 credulitas.

930 2593 1056 2632 Repens,
1068 2592 1241 2634 repentina,
1254 2598 1288 2622 ut
1299 2591 1412 2633 passim
1427 2602 1527 2630 repens
1539 2597 1587 2620 tu-

929 2642 1052 2677 multus,
1068 2643 1226 2677 discordia,
1242 2645 1305 2670 etc.
1321 2640 1393 2670 vide
1414 2640 1588 2670 Heinsium.

930 2690 1112 2731 conjuratio
1135 2690 1215 2721 clam
1239 2699 1361 2730 serpere
1384 2694 1507 2730 potest3
1533 2688 1589 2720 sed
