1779 3130
304 167 922 210 METAMORPHOSEON
958 168 1075 209 LIB.
1106 169 1241 209 VIII.
1411 169 1468 210 55

88 283 298 338 Dicitur,
325 289 376 330 et
399 283 536 328 lucos
562 281 688 328 ferro
713 282 987 328 temerasse
1012 289 1250 329 vetustos,

89 359 265 406 Stabat
289 360 337 405 in
363 358 438 404 his
461 359 633 420 ingens
660 374 846 404 annoso
872 359 1045 405 robore
1072 374 1302 421 quercus,

89 435 204 481 Una
223 451 425 482 nemus:
466 434 602 480 vittae
628 434 859 488 mediam,
887 449 1234 496 memoresque
1255 435 1469 489 tabellae,

90 511 334 573 Sertaque
356 511 641 572 cingebant,
669 510 767 556 voti
794 517 1083 571 argumenta
1105 512 1337 573 potentis.
1377 514 1472 558 745

90 587 235 650 Saepe
256 588 348 633 sub
375 587 465 633 hac
494 586 723 649 Dryades
748 586 902 633 festas
928 587 1114 633 duxere
1140 588 1373 642 choreas3

91 663 237 726 Saepe
263 663 429 718 etiam,
458 663 687 709 manibus
714 662 856 708 nexis
883 678 946 708 ex
970 662 1155 717 ordine,
1183 663 1343 709 trunci

91 738 340 786 Circuiere
362 739 587 784 modum:
627 753 960 799 mensuraque
986 738 1173 784 roboris
1200 739 1341 785 ulnas

92 813 327 877 Quinque
352 822 426 861 ter
451 814 710 877 implebat;
752 830 843 860 nec
869 830 967 860 non
994 821 1044 860 et
1067 823 1249 861 caetera
1272 822 1410 862 tanto

94 890 230 937 Silva
254 892 345 937 sub
371 892 480 946 hac,
509 891 632 937 silva
657 897 845 952 quanto
865 892 1004 952 jacet
1028 891 1181 937 herba
1205 892 1296 938 sub
1324 892 1472 939 omni.

96 966 211 1014 Non
235 974 402 1014 tamen
427 966 610 1014 idcirco
636 966 816 1013 ferrum
842 967 1101 1030 Triopeius
1130 968 1214 1014 illa

95 1141 167 1161 cum
196 1131 267 1161 Diis
295 1136 509 1162 consecratum
538 1137 648 1169 notat3
683 1131 755 1162 vide

95 1179 290 1210 Perizonium
321 1180 361 1211 ad
384 1179 505 1210 AEliani
535 1181 611 1210 Var.
641 1180 756 1211 Histor.

97 1227 156 1258 VI.
172 1228 192 1257 i.
207 1239 237 1269 p.
255 1229 329 1259 439.

140 1277 212 1307 743.
239 1276 374 1311 Quercus
401 1276 500 1318 magis
528 1277 632 1318 placet
659 1277 756 1308 Scali-

96 1335 168 1366 gero
183 1331 215 1356 et
229 1325 330 1356 Annae
347 1325 449 1361 Fabri,
461 1337 554 1367 quam
570 1326 758 1357 Callimachi

96 1374 250 1416 αἴγειρος,
276 1374 308 1405 id
333 1380 379 1405 est
402 1375 535 1416 populus
560 1374 659 1415 nigra,
684 1375 758 1416 quia

97 1423 165 1454 haec
188 1423 311 1458 sterilis,
327 1434 383 1454 nec
408 1424 579 1465 quidquam
602 1424 642 1454 ad
663 1424 757 1455 Cere-

97 1483 173 1503 rem.
218 1472 339 1503 Ernesti
352 1478 458 1503 contra
470 1479 584 1509 monet,
597 1483 757 1514 quercum,

98 1521 124 1551 si
148 1520 217 1562 quis
240 1521 298 1551 hoc
321 1532 430 1562 urgere
454 1521 539 1556 velit,
565 1532 625 1551 non
648 1521 758 1552 decere

99 1571 328 1611 Cererem,quae
338 1569 519 1601 dedocuerit
529 1570 758 1601 hominesvesci

99 1618 276 1659 glandibus,
292 1624 324 1649 et
346 1618 509 1648 sterilitate
530 1629 584 1659 per
605 1618 681 1648 iram
702 1618 759 1648 im-

100 1667 193 1697 missa
206 1672 298 1707 cogat
313 1666 425 1697 famem
437 1667 527 1697 solari
540 1677 670 1707 quercu.
691 1666 758 1696 Ad-

102 1715 160 1750 dit,
191 1714 333 1756 αἱγείρου
362 1714 550 1745 vocabulum
588 1714 760 1756 antiquiore

102 1774 193 1794 sensu
204 1763 421 1804 accipiendum
432 1773 486 1804 pro
502 1764 607 1793 arbore
619 1774 758 1803 quacun-

103 1822 163 1852 que
200 1811 341 1846 silvestri,
377 1811 544 1852 praesertim
583 1811 759 1851 grandiore.

102 1861 158 1892 Nil
181 1861 284 1896 refert,
309 1860 409 1900 qualis
432 1860 520 1890 arbor
544 1859 651 1898 fuerit3
675 1866 706 1891 et
730 1860 761 1891 in

103 1920 216 1950 magno
238 1909 308 1940 luco
325 1909 400 1940 varii
420 1909 542 1950 generis
561 1910 684 1940 arbores
703 1916 763 1941 ste-

102 1958 176 1989 tisse
190 1957 339 1989 credibile
351 1964 409 1988 est.
443 1959 521 1989 Eam
537 1959 675 1989 arborem
688 1958 764 1989 Cal-

102 2008 258 2038 limachus
278 2007 410 2038 breviter
431 2007 474 2037 sic
491 2007 657 2038 describit:
681 2007 763 2049 μέγα

105 2056 262 2098 δένδρεον,
277 2055 378 2096 αἰθέρι
401 2057 511 2097 κῦρον,
526 2056 559 2086 id
573 2061 630 2092 est,
645 2057 763 2086 coelum

106 2111 248 2146 tangens,
258 2105 341 2146 quod
357 2105 436 2134 bene
452 2104 649 2135 altitudinem
659 2104 764 2134 decla-

106 2159 163 2184 rat.
206 2153 267 2183 Sed
284 2152 417 2183 Ovidius
438 2163 498 2182 non
516 2152 618 2183 minus
637 2153 764 2194 elegan-

105 2208 152 2234 ter
173 2202 410 2244 amplitudinem
433 2201 596 2243 exprimit:
626 2202 694 2232 Una
715 2214 765 2232 ne-

107 2262 183 2287 mus,
209 2257 297 2281 tanta
321 2256 398 2287 erat,
422 2256 457 2280 ut
482 2261 591 2280 nemus
612 2249 710 2280 videri
735 2256 767 2281 et

108 2300 169 2331 dici
199 2299 305 2340 possit.
348 2300 399 2330 Sic
428 2299 523 2329 etiam
552 2298 683 2329 Heroid.
712 2311 765 2330 xv.

113 2350 192 2386 1593
219 2347 352 2382 Plinius,
386 2347 468 2377 Hist.
495 2348 571 2378 Nat.
604 2347 666 2377 xvi.
705 2349 763 2378 44:

114 2397 220 2428 Vicina
249 2397 314 2426 luco
340 2402 381 2426 est
412 2397 468 2425 ileit
504 2403 532 2426 et
564 2397 626 2435 ipsa
662 2397 768 2426 nobilis

112 2444 267 2476 XXXIV
276 2447 384 2483 pedum
404 2445 516 2474 anthim
539 2446 766 2475 euridicis—sil-

111 2505 232 2534 vamque
253 2495 313 2524 sola
329 2493 426 2534 facit.
471 2493 577 2523 Etiam
601 2493 767 2529 Martialis,

111 2542 155 2573 ix.
170 2543 224 2573 61.
244 2553 344 2572 nemus
365 2547 456 2572 vocat
477 2552 570 2572 unam
593 2541 767 2582 platanum.

113 2592 230 2622 Anno-50
252 2593 352 2621 robore
375 2590 507 2631 plenius,
524 2601 617 2631 quam
641 2601 768 2621 annosa.

118 2639 205 2669 Vittae
223 2641 358 2670 mediam.
403 2639 535 2669 Arbores
550 2638 660 2674 taeniis,
676 2641 768 2675 vittis,

115 2692 178 2717 etc.
193 2693 307 2718 ornata}
320 2686 461 2729 religiose
472 2687 653 2718 colebantur
665 2697 681 2717 a
692 2698 768 2728 prae-

1382 972 1472 1015 751

824 1133 1026 1170 tereuntibus3
1039 1143 1131 1174 quem
1144 1133 1260 1163 cultum
1272 1133 1373 1163 rident
1385 1133 1481 1176 scrip-

824 1186 904 1211 tores
927 1188 1046 1212 veteres
1071 1181 1251 1217 Christiani,
1271 1182 1389 1213 Arnob.
1409 1182 1429 1214 i.
1451 1196 1483 1225 p.

824 1231 885 1268 2·2;
910 1230 1061 1261 Prudent.
1086 1230 1118 1261 in
1147 1231 1231 1271 Sym.
1255 1230 1286 1260 ii.
1314 1233 1405 1262 1009.
1428 1233 1481 1263 ubi

824 1281 912 1309 arbor
928 1281 1047 1310 vittata.
1094 1280 1210 1310 Confer
1233 1290 1325 1321 supra
1340 1291 1402 1311 ver.
1419 1283 1480 1311 722

824 1338 892 1369 sqq.
920 1328 1043 1359 Tabellae
1055 1327 1165 1359 votivae
1180 1328 1324 1358 dicuntur
1337 1340 1482 1366 memores,

826 1377 899 1417 quia
912 1376 1072 1418 inscriptio
1091 1387 1196 1407 earum
1216 1377 1367 1408 beneficia
1388 1389 1406 1408 a
1421 1379 1481 1409 Ce-

824 1435 889 1456 rere
901 1426 1066 1467 impetrata
1081 1426 1273 1456 celebrabat.
1313 1427 1483 1468 Argumen-

827 1482 867 1510 ta,
880 1474 969 1516 signa
984 1475 1060 1516 ejus,
1073 1474 1125 1516 qui
1138 1475 1201 1505 voti
1216 1482 1327 1513 potens,
1345 1486 1482 1517 compos,

826 1523 926 1554 sactus
940 1530 1017 1553 erat.
1063 1522 1129 1553 Alii
1144 1529 1243 1553 votnm
1258 1529 1368 1562 potens,
1384 1534 1481 1564 quum

826 1571 870 1607 fit,
891 1572 974 1612 quod
999 1577 1153 1613 optamus.
1203 1573 1268 1602 Voti
1294 1580 1484 1613 argumenta,

824 1619 1038 1661 α’ναΘὴματ-α,
1054 1620 1182 1650 donaria
1201 1621 1240 1650 ab
1265 1620 1302 1650 iis
1324 1631 1484 1662 suspensa,

826 1668 879 1710 qui
914 1668 1034 1699 Cereris
1068 1679 1125 1709 ope
1156 1673 1294 1698 votorum
1329 1676 1485 1711 compotes

826 1717 969 1754 fuerunt;
991 1717 1035 1747 sic
1050 1727 1139 1757 supra
1158 1727 1236 1747 verS.
1252 1718 1293 1747 56
1309 1723 1339 1747 et
1352 1718 1403 1748 80.
1434 1719 1485 1748 De

826 1765 954 1807 platano
971 1776 990 1796 a
1004 1766 1109 1796 Xerxe
1130 1765 1292 1806 torquibus
1313 1772 1344 1796 et
1358 1766 1486 1796 armillis

828 1820 945 1850 ornata,
962 1814 1120 1850 AElianus,
1136 1814 1259 1844 Variar.
1281 1815 1364 1845 Hist.
1382 1815 1416 1845 ii.
1438 1816 1486 1847 14.

829 1863 889 1893 Pro
900 1865 1026 1902 potentis
1038 1862 1187 1893 Heinsius
1202 1864 1309 1894 mallet
1322 1870 1486 1902 potentum.

873 1912 947 1941 746.
974 1912 1053 1950 Saepe
1074 1913 1127 1942 sub
1150 1912 1204 1941 hac
1232 1914 1382 1952 Dryades,
1406 1913 1484 1953 etc.]

831 1960 1055 1997 Callimachus,
1072 1971 1159 1991 versu
1176 1962 1233 1991 39:
1260 1964 1310 1991 Τῶ
1326 1960 1349 1991 δ’
1366 1961 1420 1992 ἔπι
1434 1963 1488 1992 ταὶ

831 2009 951 2050 νύμφαι
977 2010 1054 2040 ποτὶ,
1074 2008 1212 2040 τῶνόιον
1235 2009 1405 2049 ἑψιόωντο,
1430 2011 1487 2040 sub

831 2068 891 2098 quo
912 2057 1057 2098 nymphae
1081 2057 1120 2087 ad
1142 2057 1301 2087 meridiem
1323 2058 1486 2089 ludebant.

831 2106 881 2136 De
894 2106 986 2147 festis
1007 2107 1117 2136 choreis
1138 2106 1343 2147 nympharum
1358 2107 1429 2137 vide
1449 2107 1488 2138 ad

832 2165 952 2185 versum
969 2156 1042 2185 581.
1066 2155 1189 2190 Modus,
1207 2155 1389 2194 amplitudo,
1412 2156 1487 2187 Cor-

833 2203 932 2234 nelius
961 2204 1077 2244 Nepos,
1105 2203 1147 2233 xi.
1182 2204 1210 2233 1.
1237 2203 1325 2233 hastae
1358 2206 1486 2240 modum,

833 2251 1072 2292 longitudinem,
1088 2252 1266 2290 duplicavit,
1280 2252 1407 2292 gladios,
1425 2254 1488 2282 lon-

830 2300 1032 2341 gioressecit.
1076 2301 1145 2330 Hoc
1166 2300 1233 2329 loco
1256 2302 1356 2330 modus
1377 2304 1489 2337 trunci,

833 2348 897 2389 ipse
936 2354 1073 2378 truncus.
1120 2348 1295 2378 Mensuram
1327 2358 1389 2378 non
1422 2348 1488 2390 ipse

834 2396 941 2427 definit
953 2403 1057 2438 poeta,
1068 2396 1121 2427 sed
1133 2407 1151 2426 a
1162 2396 1319 2437 Nymphis
1331 2396 1489 2428 inventam

834 2455 900 2476 esse
915 2445 970 2475 ait.

879 2494 952 2524 750.
977 2493 1063 2523 Jacet
1077 2492 1205 2523 inseruit
1227 2492 1383 2523 altitudini
1403 2493 1490 2526 istius

835 2552 968 2582 quercus
992 2541 1211 2578 declarandae3
1238 2542 1380 2583 exprimit
1408 2543 1491 2574 enim

835 2589 954 2630 aliquid
979 2589 1068 2620 valde
1092 2589 1210 2619 remoti.
1224 2589 1257 2619 ii.
1274 2590 1347 2621 179.
1395 2591 1491 2622 Tanto

835 2644 1000 2678 -quanto,
1014 2637 1135 2668 scilicet
1148 2637 1258 2677 spatio.

882 2686 954 2716 751.
992 2686 1164 2725 Triopeius;
1189 2686 1278 2716 MSS.
1308 2696 1413 2716 omnes
1441 2687 1493 2727 (ut
