1779 3130
241 184 325 224 392
634 183 683 221 Ρ.
718 180 931 221 OVIDII
965 181 1243 223 NASONIS

247 297 372 351 Quae
394 296 538 342 simul
565 311 622 342 ac
641 296 893 357 juvenem,
920 296 1143 356 virgultis
1169 295 1353 351 abdita,
1381 297 1519 351 vidit,

248 372 553 434 Obstupuit:
593 372 817 420 cecidere
844 387 1008 427 manu,
1032 387 1157 435 quas
1184 372 1391 434 legerat,
1418 373 1606 429 herbae;

247 448 573 510 Flammaque
593 464 681 511 per
701 456 830 495 totas
845 450 950 496 visa
966 456 1046 496 est
1066 465 1226 496 errare
1248 450 1508 496 medullas.
1536 452 1626 495 351

250 524 319 571 Ut
344 525 557 588 primum
581 525 741 571 valido
767 532 982 572 mentem
1008 525 1208 587 collegit
1232 527 1294 572 ab
1315 533 1437 572 aestu
1457 543 1467 581 ς

247 601 379 656 Quid
404 608 627 664 cuperet,
648 601 840 648 fassura
863 601 984 649 fuit:
1013 617 1075 649 ne
1101 609 1274 664 posset
1299 602 1449 656 adire,

248 678 438 724 Cursus
464 677 581 740 equi
605 677 722 724 fecit
747 677 1177 740 circumfususque
1203 678 1419 725 satelles.

249 760 278 778 “
304 754 418 801 Non
443 761 610 800 tamen
636 754 860 816 effugies,
887 761 1033 800 vento
1058 754 1249 817 rapiare
1274 753 1459 808 licebit,

252 831 305 877 Si
332 831 477 877 modo
503 846 582 877 me
608 831 734 885 novi,
763 830 802 876 si
828 846 926 876 non
951 830 1149 878 evanuit
1172 830 1331 876 omnis

252 905 533 953 Herbarum
559 907 709 953 virtus
731 924 741 963 3
782 922 873 953 nec
899 922 977 953 me
1003 922 1114 953 mea
1138 905 1356 953 carmina
1380 905 1604 952 fallunt.''

251 982 420 1039 Dixit3
462 991 511 1030 et
536 982 766 1044 effigiem,
795 983 929 1028 nullo
955 998 1068 1028 cum
1093 997 1316 1044 corpore,
1342 981 1452 1028 falsi

251 1058 420 1105 Finxit
444 1059 565 1122 apri,
593 1066 873 1122 praeterque
899 1058 1068 1105 oculos
1094 1065 1430 1105 transcurrere
1455 1057 1584 1119 regis

245 1134 275 1180 J
281 1135 420 1191 ussit,
448 1143 498 1182 et
521 1136 569 1182 in
595 1136 805 1182 densum
830 1135 1051 1181 trabibus
1078 1150 1252 1181 nemus
1279 1134 1348 1181 ire
1374 1134 1544 1188 videri,

248 1211 472 1258 Plurima
508 1227 608 1274 qua
643 1212 765 1258 silva
799 1218 891 1265 est,
927 1218 978 1258 et
1013 1226 1143 1273 equo
1180 1211 1291 1256 loca
1331 1210 1497 1273 pervia
1538 1225 1635 1257 non

449 1295 579 1334 sunt.
1539 1289 1631 1333 361

251 1363 400 1410 Haud
420 1379 577 1410 mora:
607 1364 841 1411 continuo
862 1364 1041 1426 praedae
1062 1364 1187 1426 petit
1206 1364 1390 1410 inscius
1411 1363 1636 1409 umbram

251 1438 418 1496 Picus,
447 1439 665 1502 equique
691 1440 821 1486 celer
845 1440 1087 1486 fumantia
1110 1448 1248 1502 terga
1272 1440 1533 1502 relinquit;

254 1516 510 1579 Spemque
536 1532 752 1578 sequens
773 1533 965 1573 vanam,
986 1517 1107 1564 silva
1126 1517 1279 1580 pedes
1300 1524 1429 1563 errat
1447 1516 1496 1562 in
1522 1516 1636 1562 alta.

254 1592 491 1656 Concipit
516 1593 599 1639 illa
623 1609 814 1655 preceS,
843 1600 893 1640 et
916 1594 1066 1640 verba
1088 1593 1312 1640 venefica
1337 1592 1485 1648 dicit;
1543 1594 1639 1638 365

1536 756 1632 800 355

254 1668 561 1731 Ignotosque
590 1669 724 1716 Deos
750 1670 918 1731 ignoto
945 1671 1162 1718 carmine
1190 1670 1378 1725 adorat,

253 1744 364 1799 Quo
391 1746 519 1793 solet
545 1753 595 1792 et
620 1747 773 1793 niveae
799 1748 989 1794 vultum
1017 1747 1318 1795 confundere
1346 1746 1514 1801 Lunae,

255 1820 321 1868 Et
346 1821 503 1886 patrio
530 1822 680 1886 capiti
706 1823 901 1870 bibulas
928 1825 1194 1872 subtexere
1219 1824 1392 1870 nubes.

295 1975 368 2005 350.
383 1976 543 2014 Obstupuit
553 1987 560 2004 .·
572 1978 701 2006 cecidere
714 1987 815 2011 manu,
830 1977 907 2016 etc.]

253 2023 303 2053 De
325 2023 379 2054 tali
402 2023 489 2064 signo
506 2024 710 2065 obstupefacti
727 2024 822 2054 animi
838 2036 910 2055 con-

251 2071 295 2101 fer
310 2071 351 2101 iv.
371 2072 440 2102 175.
486 2072 523 2101 In
543 2074 612 2102 sinu¹
635 2072 750 2102 servari
771 2074 912 2103 solebant

252 2119 376 2150 collecti
392 2121 500 2158 flores3
523 2133 553 2151 v.
571 2122 632 2151 499
647 2132 652 2150 :
679 2122 765 2152 Fast.
780 2121 821 2152 iv.
835 2124 910 2153 451.

252 2169 365 2209 Itaque
381 2172 450 2199 sinu
466 2169 574 2210 utique
597 2175 722 2210 praestat
744 2170 791 2210 τῷ
810 2181 911 2206 manu,

253 2217 336 2257 quod
352 2223 424 2248 ante
440 2218 602 2248 Heinsium
619 2218 782 2248 edebatur.

297 2268 372 2297 360.
398 2267 450 2297 Ire
475 2266 596 2307 videri]
628 2267 826 2297 Burmannus
850 2278 913 2297 rno-

254 2321 318 2350 net,
333 2316 358 2345 si
379 2326 471 2356 quem
490 2317 528 2346 τὸ
546 2317 642 2345 videri
660 2314 808 2351 offendat,
825 2315 913 2346 illum

254 2366 374 2394 videtur
388 2364 490 2405 legere
505 2374 593 2405 posse
608 2364 796 2395 Gronoviani
809 2370 840 2395 et
857 2364 914 2394 du-

254 2423 340 2443 orum
357 2413 485 2443 aliorum
501 2414 593 2443 MSS.
606 2412 803 2443 auctoritate.
838 2414 914 2444 Post

254 2463 377 2491 densum
393 2463 524 2491 trabibus
539 2472 640 2491 nemus
656 2461 832 2492 redundant
847 2461 913 2496 illa,

257 2509 396 2540 Plurima
411 2522 469 2551 qua
483 2511 578 2546 silva3
603 2520 703 2551 neque
721 2516 824 2540 tamen
840 2510 914 2540 lice-

254 2559 307 2588 bat
331 2559 508 2601 Scheppero
531 2558 669 2589 recidere
694 2558 775 2589 hanc
798 2558 915 2599 ingenii

256 2607 422 2639 luxuriem.
469 2609 582 2638 Proedae
607 2610 722 2643 umbra,
745 2608 824 2638 silva
847 2618 914 2638 um-

256 2656 358 2691 brosa,
376 2656 407 2686 in
423 2667 485 2696 qua
499 2657 617 2686 latebat
633 2666 724 2697 aper:
742 2655 800 2686 nisi
816 2662 915 2697 putes,

258 2704 391 2745 effigiem
407 2705 509 2746 potius
522 2705 590 2735 falsi
605 2705 668 2746 apri
684 2705 826 2745 intelligi.
852 2705 915 2734 Fu-

979 1981 1095 2007 mantia
1119 1984 1214 2018 terga,
1231 1983 1266 2007 ut
1282 1977 1372 2017 Virg.
1391 1977 1504 2017 Georg.
1520 1976 1551 2007 ii.
1567 1978 1643 2007 542.

979 2028 1083 2066 equum
1105 2027 1267 2067 χίιηιαηιὶιι
1295 2026 1404 2055 solvere
1433 2026 1518 2056 colla.
1570 2027 1641 2056 Alta

980 2076 1065 2110 silva,
1081 2075 1113 2105 in
1128 2084 1190 2114 qua
1206 2074 1276 2104 altae
1294 2074 1427 2104 arbores.

1024 2124 1097 2154 365.
1125 2123 1217 2153 Verba
1242 2123 1371 2162 venefica
1394 2130 1428 2152 ut
1450 2122 1537 2156 alibi,
1556 2124 1641 2152 ¹verba

978 2174 1147 2210 precantia,
1165 2173 1350 2206 eacusantia,
1366 2177 1426 2202 etc.
1442 2177 1472 2201 et
1494 2170 1551 2200 hoc
1573 2170 1641 2200 loco

982 2219 1110 2259 quidam
1127 2222 1178 2259 (ut
1192 2225 1294 2249 noster
1307 2219 1364 2258 B.)
1381 2218 1458 2249 dant
1476 2219 1559 2248 verba
1575 2229 1641 2257 pre-

982 2270 1094 2298 cantia.
1132 2268 1235 2309 Ignoti
1251 2268 1317 2303 Dii,
1334 2277 1444 2309 nempe
1460 2277 1620 2307 magar-um
1635 2279 1640 2296 :

980 2318 1117 2357 ignotum
1132 2326 1270 2351 carmen,
1289 2326 1447 2346 arcanum.
1494 2315 1559 2349 Quo
1573 2316 1643 2345 solet

981 2367 1133 2402 —nzibes3
1150 2365 1220 2395 vide
1238 2365 1277 2395 ad
1293 2365 1334 2395 iv.
1351 2365 1425 2395 332.
1441 2370 1471 2395 et
1487 2363 1571 2394 conf.
1587 2363 1642 2393 vii.

981 2415 1043 2444 207
1080 2425 1149 2455 sqq.
1210 2414 1414 2454 Corifundere,
1452 2413 1643 2454 perturbare.

983 2463 1089 2493 Patrio
1105 2465 1208 2502 capiti,
1225 2463 1298 2498 Soli,
1314 2462 1395 2504 patri
1411 2462 1529 2493 Circes.
1566 2462 1641 2491 Sub-

984 2519 1078 2542 tmere
1105 2514 1205 2547 nubes,
1226 2512 1265 2542 ad
1290 2511 1466 2553 exemplum
1491 2510 1640 2546 Lucretii,

982 2560 1023 2591 vi.
1049 2562 1123 2591 481.
1150 2562 1263 2591 coerula
1289 2562 1438 2590 subterere
1466 2561 1580 2595 nimbi&
1611 2566 1642 2590 et

982 2608 1118 2650 Virgilii,
1136 2610 1211 2639 AEn.
1227 2609 1270 2638 iii.
1281 2610 1355 2639 582.
1371 2609 1476 2639 coelum
1491 2609 1640 2638 subterere

971 2657 1074 2698 fumo.
1110 2657 1233 2693 Bibulo,
1251 2657 1324 2688 alibi
1338 2668 1408 2699 quae
1425 2657 1547 2692 bibunt,
1565 2657 1642 2687 hau·

983 2706 1065 2737 riunt
1081 2717 1196 2747 aquas:
1222 2706 1252 2736 h.
1269 2706 1290 2737 l.
1306 2707 1405 2748 plenae
1423 2716 1584 2747 aquarum.
