1779 3130
235 171 261 210 ii
812 163 1042 204 INDEX.

238 281 363 312 Celmus
378 289 451 316 puer
467 279 497 308 in
510 279 715 309 adamantem.

237 331 350 360 Crocos
363 338 433 358 cum
449 328 580 358 Smilace
595 327 626 357 in
641 327 738 357 flores.

237 377 417 408 Salmacidis
432 376 522 407 fontis
537 382 657 406 natura.

238 425 512 464 Hermaphroditus
532 436 603 455 cum
618 424 790 456 Salmacide
806 434 894 461 nym-

275 475 339 513 pha
352 475 524 512 copulatus.

236 524 391 554 Mineides
406 523 437 553 in
452 522 689 561 vespertiliones.

237 574 294 603 Ino
311 572 510 603 Athamantis
523 582 599 602 uxor
613 571 644 601 in
661 571 773 602 Deam.

238 622 306 653 Viae
321 621 360 651 ad
373 621 490 652 Inferos
505 620 677 658 descriptio.

237 671 257 701 J
260 681 321 701 uno
336 670 375 700 ad
390 669 519 700 Inseros.

238 719 399 750 Melicerta
412 719 443 749 in
459 719 563 749 Deum
577 718 741 748 marinum.

238 768 374 799 Comites
388 768 464 798 Inus
479 767 510 797 in
525 777 600 797 saxa
613 773 643 798 et
658 777 739 797 aves,

238 817 376 848 Cadmus
387 827 458 847 cum
472 826 564 847 uxore
578 816 610 847 in
625 826 768 854 anguem.

237 866 359 904 Jupiter
373 866 405 896 in
421 876 538 896 aurum.

238 915 341 947 Persei
356 921 452 953 gesta.

239 965 344 995 Guttae
372 963 529 1002 sanguinis
557 963 698 993 Medusae
729 962 837 1000 capitis
865 962 896 992 in

277 1019 444 1051 serpentes.

238 1062 328 1093 Atlas
342 1062 374 1092 in
389 1068 535 1093 montem.

238 1111 437 1142 Andromeda
451 1116 517 1141 ceto
531 1109 679 1148 exposita.

238 1161 380 1198 Virgulta
394 1161 426 1190 in
441 1160 564 1190 coralia.

237 1209 443 1240 Andromedae
458 1209 622 1246 Perseique
637 1208 765 1246 nuptiae.

237 1259 375 1297 Pegasus
389 1269 487 1296 equus
501 1258 601 1288 alatus
621 1268 638 1288 e
658 1257 806 1295 sanguine
824 1258 894 1288 Me-

274 1309 370 1338 dusae.

238 1357 379 1388 Medusae
394 1356 499 1394 capilli
515 1357 546 1386 in
561 1362 725 1393 sementes.

466 1442 605 1473 LIBER
628 1443 668 1472 Y.

237 1504 399 1541 Cephenes
430 1503 576 1535 Perseum
607 1508 820 1540 oppugnantes
851 1502 882 1532 in

274 1563 358 1583 saxa.

238 1602 420 1639 Cephenum
436 1601 584 1632 tumultus
598 1600 771 1638 descriptio.

236 1651 374 1682 Phineus
390 1650 508 1688 Cephei
523 1650 613 1680 frater
627 1650 658 1680 in
674 1656 816 1680 statuam.

236 1701 360 1730 Proetus
374 1700 405 1729 in
420 1699 566 1737 lapidem.

235 1749 418 1786 Polydectes
433 1749 465 1778 in
479 1759 597 1778 saimm.

235 1798 447 1835 Hippocrenes
461 1797 552 1827 fontis
566 1797 738 1835 descriptio.

236 1847 367 1884 Pyrenei
383 1846 585 1884 sacrilegium.

236 1897 338 1926 Musae
353 1896 385 1925 in
400 1906 481 1926 aves.

236 1945 372 1975 Pierides
387 1944 418 1974 in
433 1944 530 1981 picas.

237 1993 502 2031 Gigantomachiae
516 1992 687 2030 descriptio.

236 2042 358 2080 Jupiter
372 2042 403 2072 in
418 2041 553 2072 arietem.

236 2091 352 2129 Apollo
366 2091 398 2120 in
413 2100 546 2120 corvum.

237 2140 380 2170 Bacchus
397 2139 427 2169 in
443 2149 581 2176 caprum.

237 2189 341 2219 Diana
356 2188 387 2218 in
402 2188 503 2218 felem.

236 2238 320 2268 Juno
335 2237 367 2267 in
381 2246 518 2267 vaccam.

240 2287 346 2317 Venus
361 2286 393 2315 in
407 2285 534 2322 piscem.

237 2334 409 2365 Mercurius
422 2334 455 2363 in
469 2333 553 2364 ibim.

237 2384 355 2414 Cereris
370 2382 486 2413 laudes.

237 2432 427 2469 Proserpinae
442 2437 557 2468 raptus.

237 2481 327 2519 Pergi
341 2481 426 2511 lacus
440 2479 612 2517 descriptio.

238 2530 346 2567 Cyane
361 2529 499 2567 nympha
514 2530 545 2559 in
561 2535 714 2566 stagnum.

238 2579 320 2609 Puer
333 2578 509 2610 temerarius
521 2578 554 2608 in
569 2578 750 2608 stellionem.

239 2627 392 2657 Arethusa
407 2627 544 2664 nympha
558 2627 589 2656 in
604 2627 729 2657 fontem.

238 2676 433 2713 Ascalaphus
448 2676 478 2706 in
493 2676 656 2707 bubonem.

963 275 1082 305 Sirenes
1097 275 1128 305 in
1144 284 1224 305 aves.

966 325 1090 361 Lyncus
1105 334 1155 354 rex
1172 323 1352 360 Scytharum
1368 323 1398 353 iu
1414 323 1546 360 lyncem.

1182 421 1323 451 LIBER
1344 421 1403 451 VI.

965 471 1109 502 Arachne
1126 471 1156 500 in
1171 481 1325 501 araneam.

964 521 1125 551 Arachnes
1139 530 1210 550 cum
1225 519 1354 549 Pallade
1368 524 1534 550 certamen.

965 570 1071 599 Pallas
1085 570 1117 599 in
1131 568 1276 599 vetulam.

964 619 1108 649 Telarum
1138 617 1275 648 Palladis
1305 617 1524 655 Arachnesque
1555 615 1607 646 de-

1004 667 1137 705 scriptio.

966 717 1094 746 Haemus
1107 721 1138 746 et
1154 715 1305 752 Rhodope
1321 715 1353 744 in
1366 719 1495 744 montes,

964 766 1113 804 Pygmaea
1126 764 1158 794 in
1173 775 1288 802 gruem.

966 814 1120 853 Antigone
1135 814 1167 843 in
1182 813 1342 844 ciconiam.

965 864 1097 901 Cynarae
1110 863 1181 893 ffliae
1194 862 1226 892 in
1242 872 1326 892 saxa.

965 913 1087 951 Jupiter
1100 912 1132 942 in
1147 917 1278 942 taurum.

965 962 1086 999 Jupiter
1099 961 1131 991 in
1146 961 1293 999 aquilam.

965 1011 1087 1048 Jupiter
1100 1011 1132 1041 in
1146 1020 1289 1047 cycnum.

963 1060 1085 1098 Jupiter
1100 1060 1131 1089 in
1146 1065 1293 1096 satyrum.

962 1110 1084 1148 Jupiter
1097 1110 1129 1140 in
1145 1109 1413 1147 Amphytrionem.

963 1159 1084 1197 Jupiter
1098 1159 1130 1189 in
1145 1169 1263 1189 aurum.

963 1209 1085 1246 Jupiter
1098 1209 1130 1238 in
1145 1208 1257 1246 ignem.

963 1258 1085 1296 Jupiter
1099 1257 1130 1287 in
1145 1263 1308 1294 pastorem.

963 1307 1085 1344 Jupiter
1098 1306 1129 1336 in
1146 1315 1327 1343 serpentem.

964 1357 1128 1394 Neptunus
1143 1355 1175 1385 in
1186 1355 1362 1393 juvencum.

962 1407 1128 1444 Neptunus
1143 1406 1174 1435 in
1187 1406 1340 1442 Enipeum
1354 1405 1490 1435 fluvium.

963 1456 1129 1493 Neptunus
1143 1455 1175 1485 in
1190 1454 1325 1485 arietem.

964 1505 1128 1542 Neptunus
1143 1505 1174 1534 in
1189 1514 1314 1542 equum.

964 1554 1128 1591 Neptunus
1142 1554 1174 1584 in
1188 1552 1377 1590 delphinem.

964 1603 1078 1640 Apollo
1092 1602 1124 1632 in
1139 1608 1303 1640 pastorem.

963 1651 1079 1689 Apollo
1093 1651 1125 1681 in
1140 1651 1326 1688 accipitrem.

964 1700 1079 1738 Apollo
1093 1700 1125 1730 in
1139 1700 1270 1731 leonem.

964 1749 1107 1779 Bacchus
1118 1749 1149 1778 in
1163 1759 1266 1779 uvam.

964 1799 1112 1828 Saturnus
1126 1798 1158 1827 in
1172 1808 1296 1835 equum.

964 1847 1064 1877 Niobe
1079 1847 1110 1877 in
1125 1857 1266 1877 marmor.

964 1896 1079 1926 Niobes
1094 1895 1223 1926 filiorum
1238 1906 1329 1925 mors.

964 1945 1151 1982 Amphionis
1163 1945 1272 1975 exitus.

965 1993 1052 2030 Lycii
1067 1993 1169 2023 rustici
1184 1993 1215 2023 in
1230 2002 1330 2023 ranas.

963 2042 1096 2072 Marsias
1110 2042 1142 2071 in
1157 2041 1292 2071 fluvium.

963 2091 1123 2121 Eburneus
1138 2090 1264 2128 Pelopis
1279 2090 1432 2121 humerus.

962 2140 1076 2170 Tereus
1091 2139 1122 2169 in
1137 2149 1285 2177 upupam.

963 2189 1082 2226 Progne
1097 2188 1129 2218 in
1144 2188 1349 2219 hirundinem.

964 2237 1136 2268 Philomela
1149 2237 1181 2267 in
1196 2237 1368 2267 lusciniam.

963 2286 1111 2322 Orithyiae
1126 2292 1240 2323 raptus.

964 2335 1049 2365 Zetes
1063 2341 1093 2365 et
1108 2335 1212 2365 Calais
1226 2335 1310 2364 alati.

1171 2421 1310 2451 LIBER
1334 2421 1410 2452 vn.

964 2481 1114 2511 Draconis
1126 2480 1232 2512 dentes
1246 2481 1278 2511 in
1290 2481 1428 2511 homines
1443 2486 1585 2511 armatos.

963 2530 1087 2560 Jasonis
1100 2530 1132 2559 in
1148 2529 1281 2560 Colchos
1294 2529 1457 2567 expeditio.

964 2578 1073 2609 Phinei
1087 2578 1256 2609 calamitas.

961 2627 1083 2658 Medeae
1098 2638 1225 2658 amores.

961 2676 1053 2706 Tauri
1067 2676 1166 2714 ignem
1179 2677 1325 2707 efflantes.
