1779 3130
351 148 970 191 METAMORPHOSEON
1005 149 1124 191 LIB.
1151 149 1242 191 IX.
1431 151 1486 191 81

99 263 217 327 Ipsa
241 280 356 311 suos
380 264 558 319 tradit;
599 263 897 326 blandisque
923 263 1196 310 miserrima
1221 264 1382 310 verbis

99 339 244 386 Dona
267 339 354 387 det
378 340 462 386 illa
483 339 601 393 viro,
631 339 861 386 mandat:
901 340 1039 402 capit
1064 339 1248 386 inscius
1275 340 1436 394 heros,

97 415 427 478 Induiturque
452 415 670 462 humeris
698 415 913 462 Lernaeae
939 415 1070 462 virus
1099 415 1357 463 Echidnae.

95 491 228 538 Tura
251 492 402 538 dabat
426 491 613 555 primis,
641 500 692 538 et
716 493 865 540 verba
889 492 1160 555 precantia,
1189 492 1428 550 flammis3

95 567 325 630 Vinaque
351 582 650 614 marmoreas
676 574 847 630 patera
870 567 1111 615 fundebat
1135 568 1185 614 in
1211 584 1348 616 aras:
1394 572 1484 616 160

97 643 312 691 Incaluit
334 645 406 691 vis
433 644 515 690 illa
539 643 670 699 mali,
700 645 1018 706 resolutaque
1043 645 1255 691 flammis

97 719 372 768 Herculeos
399 721 519 767 abiit
543 721 642 767 late
667 721 849 767 diffusa
873 736 960 784 per
985 728 1136 767 artus.

96 796 230 843 Dum
255 797 432 860 potuit,
459 797 605 844 solita
629 797 870 858 gemitum
895 797 1075 844 virtute
1100 794 1352 859 repressit.

95 872 240 919 Victa
266 873 409 919 malis
435 878 699 935 postquam
727 872 981 935 patientia,
1008 873 1228 936 reppulit
1250 887 1388 928 aras3

97 948 430 1013 Implevitque
454 949 556 995 suis
577 965 894 996 nemorosum
920 950 1123 996 vocibus
1149 949 1320 995 OEten.

97 1070 208 1100 missus
223 1075 289 1101 erat
302 1069 499 1105 Trachfflem,
516 1075 550 1100 ut
564 1075 681 1100 vestem
698 1069 756 1100 sibi

96 1119 263 1150 candidam
275 1128 432 1149 sacrorum
448 1128 542 1149 causa
558 1124 732 1159 asportaret
747 1130 755 1156 3

97 1178 192 1209 quarn
220 1167 374 1209 Dejanira
400 1166 541 1197 infecerit
567 1167 657 1197 Nessi
687 1177 758 1197 san-

95 1219 200 1258 guine.
246 1218 371 1252 Luctus,
387 1227 512 1247 causam
530 1217 634 1247 luctus
650 1217 757 1247 futuri.

97 1266 297 1297 Schirachius
311 1265 474 1306 conjungit
490 1267 655 1295 miserrima
669 1267 759 1301 dona,

98 1315 128 1344 id
145 1320 202 1350 est,
219 1325 289 1355 quae
304 1314 442 1344 miserias
458 1313 600 1344 afferunt.
642 1313 760 1344 Melius

97 1365 259 1394 miserrima
284 1363 435 1404 Dejanira
461 1362 658 1404 intelligitur.
705 1362 758 1392 Ιη-

98 1415 263 1453 daz'tarqae
286 1413 436 1448 humeris;
467 1417 529 1442 tres
553 1411 673 1452 antiqui
703 1412 758 1442 ha-

98 1472 207 1492 meros:
232 1460 302 1491 vide
318 1460 483 1491 Heinsium
499 1461 538 1491 ad
555 1460 596 1490 iv.
615 1459 708 1491 Trist.
725 1471 757 1490 x.

98 1511 151 1542 29.
165 1511 234 1541 ubi:
262 1509 467 1549 Induiturqae
480 1510 609 1540 humeris
620 1520 687 1539 cum
700 1510 760 1539 lato

96 1570 236 1600 purpura
251 1560 296 1589 cla
304 1570 357 1595 1³05
382 1558 412 1589 in
429 1558 488 1589 hoc
505 1557 602 1589 citato
618 1559 686 1588 loco
705 1559 756 1588 hu-

98 1611 185 1640 meris
208 1608 329 1639 videtur
349 1608 506 1649 praeserre,
528 1618 626 1649 quum
650 1607 734 1638 dicat
752 1620 757 1636 :

98 1659 216 1700 primus
241 1657 426 1693 Vaticanus,
453 1656 611 1688 Junianus
641 1662 672 1686 et
699 1656 761 1686 duo

99 1707 151 1737 alii
167 1717 237 1737 cum
259 1705 445 1737 editionibus
464 1705 585 1747 priscis,
605 1706 759 1742 lzu7neros;

100 1755 182 1797 quod
198 1754 274 1785 mihi
288 1754 429 1795 religioni
443 1755 501 1785 suit
516 1765 578 1785 non
593 1764 732 1784 monere.

147 1804 216 1834 159.
243 1803 324 1833 Tura
340 1805 442 1839 dabat,
455 1803 534 1843 εἶα]
561 1803 695 1833 Indutus
708 1802 761 1832 illa

99 1858 185 1883 veste
205 1863 293 1883 sacra
316 1851 402 1888 facit,
417 1862 488 1893 quae
505 1862 571 1882 ver.
593 1852 652 1882 136
673 1862 761 1893 para-

98 1907 195 1932 verat.
223 1901 325 1932 Tanta
344 1907 449 1931 autem
465 1906 532 1931 erat
549 1899 659 1931 xeneni
680 1900 763 1930 illius

99 1950 155 1987 vis,
185 1956 220 1980 ut
248 1949 351 1980 statim
381 1959 400 1979 a
429 1949 580 1991 principio
608 1959 763 1979 sacrorum

101 2010 212 2041 corpus
233 2004 418 2041 penetraret.
443 1999 559 2030 Confer
577 1998 618 2029 vi.
641 1999 711 2028 164.
734 2003 765 2028 et

99 2049 230 2084 Seneca,
252 2048 346 2078 Herc.
365 2047 429 2077 OEt.
448 2048 510 2078 775
535 2057 604 2088 sqq.
653 2047 764 2076 Primis

91 2099 252 2139 flammis-,-
287 2102 356 2126 tura
382 2095 465 2126 enim
487 2095 518 2125 in
541 2094 694 2137 principio
715 2105 763 2124 sa-

101 2157 221 2177 crorum
243 2145 461 2187 injiciebantur
483 2144 626 2180 flammis,
647 2144 762 2174 additis

101 2197 195 2227 verbis
211 2196 416 2234 precantibus,
440 2194 570 2229 scilicet,
593 2193 762 2235 precibu53

100 2244 205 2275 Tibul.
219 2243 282 2273 Ill.
292 2242 336 2272 iii.
348 2244 379 2273 2.
394 2243 573 2282 Blandaque
584 2253 650 2271 cum
666 2242 760 2271 multa

105 2299 173 2323 lura
193 2294 303 2322 dedisse
315 2302 412 2331 prece.
439 2291 519 2322 Cum
535 2291 763 2331 ‹labaiflammis

101 2339 264 2382 conjunxit
279 2340 373 2371 etiam
390 2341 475 2370 verba
494 2342 663 2379 precantia,
679 2348 761 2368 more

102 2395 264 2432 poetarum
279 2401 287 2427 3
313 2389 404 2429 Yirg.
417 2390 493 2419 AEn.
504 2388 556 2419 vii.
567 2388 642 2418 237.
682 2388 764 2416 Pras-

91 2440 180 2481 ferre
195 2442 332 2469 manibus
346 2440 436 2469 vittas
451 2445 478 2468 et
491 2440 648 2477 precantia
663 2438 763 2467 verba.

104 2489 148 2520 Ut
167 2488 219 2518 hic
242 2489 329 2518 verba
350 2489 518 2527 precantia,
539 2487 583 2517 sie
604 2486 684 2516 infra
702 2495 765 2515 ver.

103 2539 179 2568 215.
202 2539 289 2568 verba
306 2539 478 2568 eacusantia
495 2542 526 2566 et
541 2547 570 2566 v.
588 2537 661 2566 105.
678 2536 766 2565 rerba.

102 2588 285 2617 ezecrantia.
334 2585 529 2621 Marmoreas,
546 2583 670 2614 omnino
686 2582 765 2624 lapi-

106 2635 190 2665 deas.
216 2635 375 2671 Incaluit3
400 2634 549 2665 Heinsius
563 2633 701 2663 malebat
718 2634 764 2661 in-

106 2685 214 2719 valuit,
230 2684 323 2714 rnale.
341 2683 488 2719 Incaluit,
499 2682 573 2723 quia
585 2691 704 2712 venena
714 2689 763 2710 ca-

153 2739 253 2769 VOL.
276 2739 337 2768 IV.

1395 949 1484 993 165

824 1071 886 1101 lore
903 1070 964 1100 vim
981 1081 1068 1101 suam
1082 1069 1247 1111 recipiunt.
1273 1069 1355 1099 Hinc
1372 1068 1486 1110 passim

824 1122 924 1150 calida
941 1131 1062 1150 venena.
1092 1120 1142 1150 Vis
1154 1120 1238 1154 mali,
1251 1118 1379 1152 malurn,
1392 1127 1486 1147 vene-

826 1180 911 1200 num.
930 1171 1012 1199 Abiit
1023 1169 1134 1211 diffusa
1148 1178 1213 1210 pro,
1225 1166 1338 1198 diffusa
1346 1172 1402 1197 est.
1419 1167 1482 1197 Co-

825 1218 883 1249 dex
895 1218 1015 1259 Regius
1026 1218 1051 1247 A
1062 1218 1188 1259 diffascu
1198 1215 1295 1247 codex
1309 1217 1336 1245 B
1346 1217 1487 1254 dispersa.

872 1269 945 1299 163.
971 1269 1053 1298 Dum
1068 1269 1178 1307 potuit,
1196 1266 1276 1306 etc.]
1304 1265 1342 1295 ln
1359 1275 1428 1306 sqq.
1441 1264 1486 1295 vi-

826 1318 964 1348 dendum
987 1323 1063 1352 erat,
1077 1327 1115 1346 ne
1137 1315 1211 1356 quid
1235 1315 1301 1355 ipso
1324 1313 1487 1354 indignum

828 1367 1013 1397 tribueretur
1028 1364 1113 1395 heroi
1129 1363 1259 1394 dolenti.
1297 1362 1401 1397 Malis,
1419 1371 1487 1392 cru-

828 1414 972 1445 ciatibus.
1016 1415 1092 1444 Mox
1114 1412 1243 1448 mireris,
1260 1409 1414 1452 quomodo
1430 1410 1487 1440 Al-

828 1463 912 1494 cides
927 1463 998 1494 Jovi
1015 1463 1130 1493 Cenaeo
1153 1461 1184 1491 in
1201 1461 1330 1491 Euboeae
1346 1469 1488 1500 promon-

829 1512 904 1543 torio
920 1522 1009 1543 sacra
1028 1511 1157 1546 faciens,
1176 1511 1263 1540 OEtea.
1279 1509 1408 1539 vocibus
1427 1507 1490 1538 suis

828 1561 1014 1603 impleverit.
1062 1561 1187 1601 Nempe
1202 1559 1327 1589 festinat
1343 1556 1489 1592 Ovidius,

827 1617 859 1642 et
869 1610 984 1641 omittit
995 1609 1095 1640 multa
1106 1619 1123 1639 e
1134 1608 1271 1639 Diodoro
1282 1607 1398 1642 Siculo,
1411 1606 1487 1636 item

829 1670 867 1690 ex
879 1660 1073 1700 Argumento
1083 1657 1195 1688 Trach.
1207 1655 1380 1698 Sophoclis,
1392 1654 1489 1697 Apol-

829 1709 945 1744 lodoro,
972 1713 1003 1739 et
1029 1706 1154 1737 aliunde
1175 1704 1362 1747 supplenda.
1409 1704 1491 1735 Her-

829 1758 916 1788 cules
931 1757 1013 1787 enim
1031 1766 1126 1797 quum
1143 1754 1272 1785 sentiret
1287 1753 1349 1783 vim
1367 1753 1489 1789 veneni,

831 1805 949 1836 Lichan
969 1805 1000 1835 in
1022 1815 1105 1834 mare
1126 1801 1311 1844 praecipitat,
1327 1807 1393 1832 tum
1414 1802 1490 1832 Tra-

830 1855 954 1885 chinem
984 1852 1186 1895 proficiscitur
1224 1851 1262 1881 ad
1294 1850 1490 1891 Dejaniram,

829 1903 956 1934 tandem
973 1902 1004 1932 in
1024 1902 1110 1931 OEten
1127 1906 1275 1935 montem,
1291 1899 1406 1940 quippe
1419 1899 1491 1930 Jovi

832 1963 965 1987 sacrum,
981 1962 1013 1982 se
1028 1950 1136 1981 deferri
1149 1949 1251 1991 jussit,
1267 1949 1357 1989 eujus
1372 1959 1491 1978 nenmra

832 2009 897 2033 tum
935 2000 1070 2041 denique
1100 2001 1216 2029 racihas
1251 2000 1312 2028 suis
1350 2000 1491 2037 implevit.

834 2052 916 2082 Hinc
938 2051 1083 2081 Hert-ales
1101 2049 1210 2079 OEta·as
1233 2048 1261 2077 in
1283 2048 1410 2077 Seneca}
1431 2053 1492 2078 tra-

831 2100 956 2142 goedia3
980 2105 1011 2129 et
1028 2099 1197 2128 Herculeas
1210 2097 1277 2126 OEta
1290 2095 1370 2137 apud
1390 2096 1491 2126 Luca-

831 2159 915 2184 num,
938 2148 982 2178 iii.
1009 2147 1079 2177 177.
1126 2144 1258 2175 Lenzius
1281 2150 1384 2186 putat,
1410 2144 1490 2174 Her-

829 2198 934 2228 culem
959 2196 998 2227 ad
1018 2195 1118 2236 ipsam
1142 2204 1225 2224 aram
1250 2193 1280 2223 in
1305 2194 1428 2223 Euboea
1449 2193 1492 2223 ita

829 2245 992 2280 clamasse,
1014 2250 1049 2274 ut
1067 2244 1151 2279 OEte,
1173 2252 1260 2272 mons
1281 2241 1360 2271 inter
1380 2242 1493 2271 Locros

830 2302 861 2326 et
875 2294 1078 2329 Thessaliam,
1093 2292 1221 2323 vocibus
1236 2291 1302 2332 ejus
1324 2296 1492 2321 resonaret.

832 2345 1001 2386 Comparat
1016 2342 1213 2384 Sophoclem,
1229 2341 1290 2370 787
1307 2350 1373 2380 seq.
1398 2339 1492 2370 Sene-

832 2404 914 2428 cam,
939 2393 1033 2422 Herc.
1059 2392 1123 2422 OEt.
1148 2390 1210 2420 803
1238 2399 1304 2429 seq.
1347 2388 1408 2418 Sed
1430 2398 1494 2419 ver.

832 2443 907 2472 204.
925 2452 979 2480 per
998 2442 1092 2470 altum
1115 2439 1201 2468 OElen
1222 2438 1378 2479 graditur.
1423 2437 1492 2467 Nec

833 2490 877 2521 ibi
906 2488 1087 2519 memoravit
1119 2492 1220 2528 poeta,
1246 2485 1411 2526 quomodo,
1440 2490 1494 2516 aut

834 2550 895 2581 quo
910 2544 1046 2580 tempore
1063 2536 1137 2566 illuc
1152 2534 1338 2577 pervenerit.
1365 2535 1491 2565 Utrum-

835 2599 895 2630 que
919 2592 1002 2618 rectc
1029 2585 1142 2616 dicitur
1170 2590 1201 2615 et
1226 2592 1416 2619 nemorosum,
1445 2589 1488 2617 et,

834 2637 917 2678 quod
940 2636 1060 2666 habent
1085 2633 1149 2670 alii,
1173 2643 1361 2664 nemorosam.
1408 2631 1490 2663 Vide

835 2685 997 2716 Heinsium
1013 2690 1044 2714 et
1059 2683 1285 2714 Burmannum.

963 2732 999 2762 M
