1779 3130
354 159 970 202 METAMORPHOSEON
1004 158 1122 199 LIB.
1156 157 1264 199 XV.

1409 158 1492 197 445

118 273 264 321 Nunc
289 274 411 329 fluit,
439 275 683 321 interdum
708 273 984 336 suppressis
1010 272 1228 319 fontibus
1248 278 1366 318 aret.
1393 274 1490 316 280

120 350 251 396 Ante
278 350 555 405 bibebatur,
582 365 728 404 nunc,
757 364 879 410 quas
905 348 1191 409 contingere
1216 348 1356 402 nolis,

120 424 304 470 Fundit
314 425 525 486 Anigros
539 440 711 486 aquas,
723 432 1002 486 postquam,
1016 423 1108 469 nisi
1123 423 1316 469 vatibus
1332 422 1490 469 omnis

121 499 387 562 Eripienda
411 500 552 555 fides,
580 500 678 545 illic
703 500 862 546 lavere
889 498 1200 545 Bimembres

119 575 353 629 Vulnera,
381 575 611 637 clavigeri
637 591 748 637 quae
770 575 953 621 fecerat
979 573 1208 621 Herculis
1234 590 1393 620 arcus.

120 650 280 704 Quid?
297 667 393 698 non
410 659 459 698 et
476 651 725 714 Scythicis
743 650 972 713 Hypanis
991 651 1052 697 de
1072 650 1324 696 montibus
1340 656 1492 705 ortus,

121 726 218 780 Qui
244 726 402 773 fuerat
426 727 600 781 dulcis,
629 727 813 773 salibus
833 726 1029 772 vitiatur
1053 725 1263 772 amaris?

1400 728 1494 771 286

120 803 378 850 Fluctibus
404 803 602 850 ambitae
628 804 820 850 fuerant
844 802 1064 857 Antissa,
1092 802 1398 863 Pharosque,

121 878 187 925 Et
206 879 469 926 Phoenissa
484 879 641 942 Tyros
660 897 669 927 :
700 895 907 942 quarum
928 894 1057 924 nunc
1078 878 1237 924 insula
1252 877 1386 923 nulla
1401 883 1493 923 est.

121 954 352 1001 Leucada
376 956 659 1002 continuam
684 962 875 1002 veteres
901 955 1118 1001 habuere
1143 953 1330 1009 coloni;

123 1030 270 1077 Nunc
289 1031 414 1078 freta
429 1032 703 1078 circueunt:
735 1031 915 1077 Zancle
931 1045 1132 1092 quoque
1150 1030 1325 1091 juncta
1346 1027 1497 1074 fuisse

124 1106 320 1153 Dicitur
346 1107 528 1164 Italiae3
557 1108 714 1154 donec
741 1107 955 1153 confinia
980 1113 1158 1169 pontus

1401 1108 1491 1152 291

124 1181 359 1238 Abstulit,
388 1191 437 1230 et
460 1184 624 1230 media
645 1185 872 1231 tellurem
897 1183 1113 1246 reppulit
1138 1182 1284 1228 unda.

121 1333 203 1359 cere,
232 1334 397 1365 rursusque
427 1324 529 1355 subito
566 1330 779 1366 erumpentem

123 1382 297 1407 excurrere,
312 1378 345 1402 ut
354 1374 483 1403 Catanae
498 1373 565 1404 urbi
580 1373 780 1404 inundatione

124 1430 181 1450 sua
207 1431 350 1462 magnam
386 1432 468 1463 saepe
495 1422 707 1452 calamitatem
735 1422 779 1452 as-

127 1469 212 1499 ferat.

169 1519 243 1548 281.
267 1520 407 1560 Anigros,
433 1530 450 1550 e
469 1519 613 1560 Lapitha,
638 1518 780 1549 Arcadia:

126 1573 242 1603 monte,
258 1568 422 1608 profluens,
438 1568 541 1599 statim
569 1579 584 1598 a
606 1568 690 1598 fonte
712 1578 781 1608 gra-

126 1614 203 1645 viter
217 1615 351 1645 olentem
365 1626 477 1657 aquam
491 1616 584 1652 vehit,
599 1626 667 1657 quae
685 1616 783 1657 pisces

126 1673 188 1693 non
214 1663 292 1694 alit:
319 1665 546 1701 Pausanias,v.
568 1676 599 1706 p.
619 1665 692 1695 387.
714 1675 782 1705 gra-

128 1721 198 1741 vem
227 1712 314 1742 illum
346 1713 470 1743 odorem
499 1724 516 1744 e
547 1718 626 1743 terra
651 1713 783 1743 existere

129 1765 218 1801 putat
234 1772 241 1797 ;
278 1760 333 1791 sed
361 1760 444 1791 idem
475 1760 575 1796 addit,
605 1762 783 1791 Graecorum

130 1808 205 1839 alios
216 1809 348 1844 tradere,
367 1810 546 1844 Chironem,
563 1810 638 1839 alios
653 1810 784 1839 Poleno-

128 1868 203 1893 rem,
230 1858 422 1888 Centaurum
451 1865 481 1889 et
502 1858 615 1900 ipsum,
642 1858 788 1888 Herculis

129 1906 243 1946 sagitta
266 1916 446 1948 percussum
475 1906 566 1947 hujus
596 1905 680 1936 fluvii
707 1916 788 1947 aqua

130 1954 242 1985 vulnus
267 1955 423 1993 abluisse,
447 1965 516 1996 quae
542 1955 596 1991 sic,
613 1955 718 1996 hydrae
736 1965 786 1984 ve-

131 2013 211 2034 neno
231 2003 356 2039 infecta,
372 2010 483 2034 tetrum
503 2004 627 2034 odorem
641 2011 786 2033 contrax-

131 2052 199 2082 erit.
244 2053 310 2082 Hos
340 2053 455 2083 Noster
479 2059 602 2084 secutus
621 2058 681 2083 est.
728 2052 784 2081 Bi-

131 2101 279 2136 membres,
296 2102 456 2136 Centauri,
471 2107 504 2131 ut
519 2101 571 2130 xii.
586 2102 660 2131 240.

175 2151 249 2180 285.
260 2150 409 2190 Hypanis,
420 2150 580 2180 Sarmatiae
596 2149 719 2184 fluvius,
735 2149 787 2189 qui

131 2196 163 2226 in
192 2198 415 2237 Borysthenem
453 2209 485 2228 se
524 2202 693 2235 exonerat3
728 2196 788 2227 vid.

134 2245 229 2275 Solin.
245 2256 316 2286 cap.
339 2247 385 2276 15.
396 2252 427 2276 et
440 2246 563 2276 Vitruv.
579 2245 642 2276 viii.
659 2246 689 2275 3.

178 2295 252 2324 287.
269 2295 424 2324 Fluctibus
439 2296 565 2330 ambiar,
587 2294 666 2334 etc.]
690 2294 788 2323 Parti-

133 2342 247 2384 cipium
271 2345 397 2373 ambitus
419 2344 552 2374 occurrit
572 2343 666 2373 etiam
692 2343 712 2373 i.
734 2343 788 2373 37.

136 2391 188 2421 ubi
205 2391 274 2421 vide
296 2398 409 2422 notam.
457 2394 587 2422 Antissa.
611 2391 739 2426 Plinius,
755 2391 788 2421 ii.

138 2440 192 2469 89.
211 2440 326 2470 Rursus
336 2442 459 2470 abstulit
475 2442 587 2470 insulas
603 2442 790 2479 muri,j1m1-

138 2490 216 2528 itque
230 2491 327 2524 terris,
339 2490 491 2519 Amissum
503 2489 603 2524 Lesbo,
612 2496 672 2520 etc.
711 2490 790 2518 Pha-

137 2547 182 2566 ros
201 2542 337 2578 tempore
357 2537 496 2572 Homeri,
513 2537 574 2567 od.
591 2542 629 2568 Δ.
647 2538 708 2567 354
724 2547 793 2577 sqq.

138 2584 239 2615 insula
274 2586 402 2616 obversa
432 2586 581 2627 AEgypto,
610 2591 791 2625 tantumque

138 2634 177 2663 ab
194 2644 230 2663 ea
246 2640 373 2670 remota,
389 2640 538 2675 quantum
562 2645 622 2665 uno
641 2633 691 2663 dic
708 2633 793 2663 navis

139 2682 315 2713 confecerit.
360 2684 420 2713 s'ed
446 2683 569 2714 invectu
596 2682 660 2713 Nili
685 2682 791 2723 paula-

847 1325 901 1356 tim
920 1324 1045 1367 propius
1061 1323 1195 1354 adducta
1212 1322 1394 1358 continenti,
1410 1328 1502 1364 ponte

848 1373 942 1404 etiam
968 1371 1167 1403 Alexandriae
1190 1372 1322 1412 juncta,
1346 1371 1501 1406 Lucanus,

851 1422 960 1452 Phars.
984 1433 1014 1451 x.
1040 1422 1123 1458 5093
1150 1419 1281 1454 Plinius,
1303 1419 1335 1448 ii.
1353 1420 1413 1457 855
1436 1419 1502 1449 xiii.

851 1471 906 1507 113
930 1471 1052 1505 Strabo,
1068 1469 1122 1499 lib.
1137 1468 1157 1497 i.
1174 1478 1247 1509 pag.
1265 1468 1326 1505 633
1342 1467 1414 1498 xvii.
1430 1478 1502 1508 pag.

852 1520 943 1549 1140.
990 1518 1087 1559 Tyrus
1111 1517 1268 1557 quondam
1291 1516 1403 1552 insula,
1425 1527 1502 1557 prae-

851 1568 913 1598 alto
929 1567 1004 1597 mari
1017 1564 1221 1608 septingentis
1239 1565 1379 1607 passibus
1393 1565 1503 1601 divisa,

850 1627 931 1647 nunc
948 1626 1018 1646 vero
1030 1612 1201 1645 Alexandri
1213 1613 1419 1655 oppugnantis
1430 1624 1503 1654 ope-

850 1665 933 1695 ribus
949 1665 1121 1694 continens.
1166 1662 1253 1693 Male
1271 1661 1364 1702 igitur
1386 1667 1504 1691 naturae

851 1714 968 1748 tribuit,
983 1713 1064 1754 quod
1080 1722 1174 1753 opera
1190 1710 1347 1740 hominum
1359 1710 1504 1740 effectum

851 1767 916 1799 est3
940 1761 1100 1801 multoque
1125 1759 1225 1789 minus
1248 1757 1371 1799 probari
1393 1764 1505 1799 potest,

851 1810 934 1851 quod
964 1809 1173 1850 Pythagoram
1200 1817 1237 1837 ea
1265 1817 1505 1837 commemoran-

852 1865 914 1889 tem
942 1857 1073 1893 inducit,
1090 1867 1158 1897 quae
1182 1861 1250 1897 post
1273 1855 1356 1885 illius
1381 1854 1505 1885 demum

852 1913 990 1947 tempora
1005 1905 1089 1936 facta
1103 1910 1186 1935 sunt.

895 1956 969 1984 289.
998 1954 1113 1984 Leucas
1140 1952 1179 1982 ad
1209 1951 1392 1982 Acarnaniae
1422 1951 1506 1987 litus,

853 2003 927 2033 olim
956 2001 1144 2044 peninsula;
1180 2000 1262 2031 Plin.
1285 2000 1320 2029 ii.
1344 2001 1394 2030 90.
1419 2004 1438 2016 “
1454 2000 1505 2030 Ad

853 2052 910 2082 hoc
934 2050 1071 2092 perrupit
1093 2059 1176 2079 mare
1197 2048 1377 2079 Leucada.”
1432 2049 1508 2078 Con-

855 2102 971 2130 tinuam
993 2109 1049 2140 pro
1073 2097 1192 2138 vulgari
1211 2096 1431 2132 continentem,
1457 2107 1506 2126 co-

855 2149 1023 2178 haerentem
1048 2156 1119 2177 cum
1144 2151 1242 2176 terra:
1266 2145 1311 2174 sic
1332 2144 1424 2174 etiam
1445 2145 1509 2175 viii.

857 2198 930 2227 589.
977 2196 1087 2225 Zancle
1102 2206 1222 2234 quoque,
1237 2199 1298 2224 etc.
1330 2194 1390 2223 Pro
1404 2193 1510 2224 Sicilia

856 2255 948 2276 unam
979 2244 1125 2279 Zanclen,
1150 2254 1174 2272 s.
1199 2241 1390 2272 Messaniam
1414 2242 1510 2272 nomi-

857 2299 921 2329 nat,
935 2304 1004 2333 quae
1018 2292 1141 2333 adjacet
1152 2291 1228 2320 freto
1240 2290 1353 2320 Siculo.
1380 2289 1510 2325 Plinius,

857 2341 891 2372 ii.
909 2343 960 2371 88.
983 2341 1095 2371 Avellit
1122 2340 1256 2369 Siciliam
1281 2338 1397 2368 Itaciae:
1430 2339 1510 2369 conf.

857 2391 986 2425 Seneca,
1013 2390 1089 2419 Nat.
1117 2389 1235 2424 Quaest.
1261 2386 1300 2416 vi.
1325 2388 1384 2424 293
1411 2387 1510 2427 Virgi-

858 2439 928 2473 lius,
957 2439 1032 2467 Ᾱῖη.
1054 2436 1098 2467 iii.
1125 2436 1313 2471 414—4193
1349 2434 1511 2465 Cluverius

859 2487 944 2517 Sicil.
966 2487 986 2516 i.
1011 2487 1036 2516 1.
1076 2483 1245 2514 Historiam
1269 2483 1446 2523 opinionum
1471 2483 1509 2513 de

860 2535 918 2565 hac
947 2533 1128 2575 abruptione
1157 2531 1250 2561 habet
1280 2531 1436 2560 Gesnerus
1472 2531 1511 2560 ad

861 2581 1081 2616 Claudianum,
1097 2579 1202 2610 xxxiii.
1222 2580 1291 2609 140.
1327 2580 1438 2619 Ignota
1456 2579 1511 2609 suit

861 2632 1005 2661 Homero.
1044 2630 1144 2659 Medis.-
1159 2630 1251 2662 umla,
1268 2638 1336 2668 qua}
1350 2638 1431 2657 nunc
1448 2638 1511 2658 rne-

861 2680 912 2711 dia
929 2686 985 2715 est,
1001 2676 1131 2709 confinia
1149 2681 1247 2714 tenet,
1270 2676 1332 2706 xiv.
1349 2676 1377 2706 7.
