1779 3130
379 158 998 200 METAMORPHOSEON
1031 159 1151 200 LIB.
1182 160 1246 200 X.

1426 160 1509 201 147

125 270 368 333 Sparten3
399 288 489 319 nec
513 272 731 329 citharae,
749 288 841 320 nec
868 279 984 320 sunt
1008 273 1058 320 in
1082 274 1265 321 honore
1291 273 1501 335 sagittae.

124 346 389 395 Immemor
413 349 519 411 ipse
544 348 619 394 sui
646 365 743 395 non
768 350 892 396 retia
914 349 1038 397 ferre
1064 356 1261 397 recusat
1276 368 1287 407 ;

1411 352 1497 395 171

124 422 237 469 Non
264 424 482 471 tenuisse
507 440 657 471 canes
680 442 689 479 ;
731 441 829 470 non
855 441 942 488 per
961 427 1083 487 juga
1107 426 1286 472 montis
1313 425 1468 487 iniqui

123 497 231 545 Isse
255 515 450 556 comes3
481 501 727 562 longaque
753 502 840 547 alit
865 503 1185 549 assuetudine
1205 502 1447 548 flammas.

119 573 334 637 Jamque
360 575 460 623 fere
485 576 675 622 medius
702 576 848 623 Titan
871 578 1111 625 venientis
1138 585 1189 624 et
1214 586 1336 624 actae

122 650 298 697 Noctis
323 661 442 706 erat,
461 652 723 715 spatioque
741 654 843 715 pari
861 654 1080 701 distabat
1098 654 1347 716 utrimque
1368 673 1379 711 ;
1409 657 1498 700 175

123 728 345 790 Corpora
368 737 505 776 veste
531 730 709 785 levant,
737 738 787 777 et
812 747 962 777 succo
988 731 1185 794 pinguis
1210 731 1325 777 olivi

123 804 508 866 Splendescunt‚
531 807 718 869 latique
744 808 917 854 ineunt
941 808 1212 855 certamina
1235 807 1376 853 disci.

119 879 280 935 Quem
306 882 441 944 prius
468 883 624 929 aerias
650 884 883 930 libratum
912 884 1131 930 Phoebus
1158 884 1207 929 in
1233 899 1375 930 auras

122 955 279 1013 Misit,
307 965 357 1004 et
380 959 634 1021 oppositas
660 960 858 1022 disjecit
881 961 1099 1023 pondere
1125 960 1300 1006 nubes.

119 1087 191 1113 ano,
210 1081 396 1110 immutatam
410 1091 419 1116 ,·
436 1080 494 1110 hoc
512 1085 569 1115 est,
585 1090 647 1121 qua
661 1079 775 1122 Apollo

119 1137 278 1167 nunquam
304 1128 495 1159 discedebat.
540 1130 651 1169 Sparta
682 1129 776 1159 nullis

118 1175 212 1206 muris
241 1176 354 1211 cincta,
380 1177 465 1217 quia,
491 1177 599 1218 judice
623 1178 775 1218 Lycurgo,

117 1225 202 1255 cives
219 1227 327 1257 armati
350 1235 381 1257 et
397 1227 490 1257 fortes
506 1227 681 1257 firmissima
694 1228 777 1258 urbis

118 1274 321 1305 munimenta.
361 1276 430 1305 Non
445 1283 515 1306 sunt
536 1278 566 1306 in
582 1277 698 1311 honore,
717 1287 777 1307 non

117 1331 206 1353 curat
250 1324 412 1360 citharam,
449 1331 510 1355 etc.
567 1325 774 1360 Claudianus,

119 1373 217 1414 Nupt.
237 1373 322 1404 Hon.
342 1374 380 1404 V.
400 1374 438 1404 de
465 1374 602 1404 Honorio
628 1381 774 1404 amante:

118 1422 188 1452 Non
214 1424 261 1453 illi
289 1430 413 1453 venator
442 1435 544 1463 equus,
573 1435 632 1453 non
661 1425 776 1462 spicula

115 1482 217 1507 cur‹z’;
242 1474 446 1511 nonjaculum
464 1479 598 1512 torquere
613 1474 692 1503 libet.

164 1521 233 1551 171.
250 1522 405 1551 Immemor
427 1523 484 1557 ειιὶ,
507 1532 569 1551 suae
592 1521 775 1563 majestatis.

116 1569 217 1600 socius
230 1575 277 1600 est
293 1570 462 1611 Hyacinthi
480 1569 511 1600 in
528 1576 653 1600 venatu.
685 1570 774 1600 Idem

115 1619 257 1659 obsequii
273 1619 449 1660 exemplum
470 1625 516 1649 est
538 1618 618 1648 infra
635 1629 696 1649 ver.
711 1620 773 1649 533

116 1678 186 1708 sqq.
216 1667 344 1698 Heroid.
369 1679 397 1698 v.
426 1669 463 1697 19
489 1678 559 1708 sqq.
586 1668 676 1697 Retia
704 1679 775 1707 scrpe

115 1727 206 1747 comes
230 1718 355 1746 maculis
380 1718 521 1746 distincta
548 1719 672 1752 tetendi,
697 1717 776 1756 Soepe

115 1768 188 1795 citos
214 1768 259 1805 egi
284 1776 336 1804 per
350 1767 433 1806 juga
462 1766 550 1805 longa
573 1776 681 1801 Μηρὸς
706 1765 776 1795 Art.

116 1815 223 1844 Amat.
239 1814 271 1844 ii.
293 1815 363 1845 189.
379 1814 460 1853 Saepe
485 1815 558 1843 tulit
570 1816 658 1853 jusso
672 1815 775 1854 salla-

115 1867 162 1894 οἱα
180 1866 253 1893 retia
269 1864 362 1899 callim·
386 1863 491 1893 Tibul.
508 1863 534 1893 Ι.
549 1862 590 1892 iv.
607 1864 648 1893 50
665 1875 670 1892 :
698 1863 773 1897 Nec,

117 1913 198 1942 Dum
217 1913 345 1951 placeas,
373 1913 491 1941 humeri
521 1913 597 1941 retia
612 1912 702 1952 ferre
727 1923 777 1941 ue-

112 1968 196 2003 gent.
243 1961 329 1990 Mons
354 1963 482 2001 iniquus,
510 1970 610 2000 asper,
634 1971 774 1996 saxosus,

115 2009 250 2040 difficilis
265 2009 394 2040 transitu
409 2021 417 2047 3
433 2010 575 2048 asperitas
587 2010 642 2038 loci
659 2011 773 2049 iniqua,

116 2060 178 2090 IV.
198 2059 291 2089 Pont.
308 2058 350 2090 iv.
366 2060 419 2088 22.

161 2108 232 2138 174.
251 2108 369 2137 Medius
387 2108 477 2137 Titan
500 2109 644 2139 venientis
659 2113 686 2136 et
703 2113 774 2137 actae

119 2157 250 2197 Noctis]
283 2156 432 2186 Meridies
456 2163 542 2187 erat:
569 2156 613 2187 sic
634 2155 712 2185 libro
736 2155 774 2185 vi.

117 2207 191 2237 409.
208 2206 321 2246 juguli
340 2207 451 2235 medius
473 2212 498 2235 et
521 2207 636 2240 lacerti,
652 2209 683 2234 et
703 2214 773 2233 mox

116 2266 179 2285 ver.
195 2256 269 2285 233.
292 2256 420 2284 medium
444 2257 545 2284 mortis
555 2255 712 2296 fugaeqzce,
734 2252 773 2282 de

116 2313 179 2344 qua
204 2303 329 2343 syntaxi
355 2303 424 2333 vide
451 2303 639 2333 Gronovium
665 2301 704 2331 ad
725 2301 773 2331 Li-

117 2352 199 2382 vium
228 2351 334 2381 xxviii.
361 2353 392 2381 6.
447 2353 608 2387 If'enientis,
641 2351 771 2381 futurae:

117 2400 188 2431 vide
214 2401 253 2430 ad
277 2400 321 2430 ix.
345 2401 418 2430 417.
464 2401 773 2440 Spalioque—utrim-

117 2461 171 2490 que
198 2449 294 2479 otiose
333 2449 486 2479 additum.
540 2450 655 2479 Levant
686 2455 772 2483 veste,

116 2507 266 2539 tanquam
283 2509 388 2533 onere,
405 2498 694 2539 elegantius‚quam
707 2497 774 2527 vul-

116 2547 213 2588 garia,
229 2546 397 2588 deponunt,
418 2554 536 2578 exuunt
552 2553 664 2577 vestes.
702 2546 772 2576 Vir-

117 2596 219 2635 gilius,
243 2596 359 2636 Georg.
386 2596 419 2626 ii.
446 2597 520 2626 400.
546 2607 646 2626 nemus
677 2597 774 2626 levare

109 2645 236 2685 froude.
285 2645 418 2679 Olivam,
435 2651 627 2685 unguentum
647 2654 684 2674 cx
706 2643 774 2673 oleo

121 2699 151 2722 ct
178 2703 268 2729 (ζωᾶς
290 2692 424 2733 κὴρωμα
448 2693 575 2723 dictum.
623 2693 774 2723 Constan-

842 1081 903 1111 tius
925 1082 1000 1112 Fan.
1017 1092 1034 1112 e
1058 1081 1243 1122 Thucydide
1265 1085 1424 1116 memorat,
1441 1080 1501 1111 La-

841 1130 1048 1161 cedaemonios
1063 1131 1176 1172 primos
1191 1129 1369 1165 instituisse,
1386 1135 1420 1159 ut
1435 1140 1502 1160 cer-

842 1179 936 1209 taturi
965 1186 996 1210 et
1026 1186 1123 1210 vestes
1150 1179 1341 1221 deponerent
1376 1185 1407 1209 et
1434 1179 1502 1208 oleo

843 1235 1064 1268 tinguerentur.
1109 1228 1146 1258 ld
1172 1227 1257 1268 quod
1284 1234 1403 1258 mature
1431 1227 1500 1257 imi-

843 1276 900 1306 tati
925 1282 997 1306 sunt
1023 1277 1134 1317 reliqui
1161 1276 1277 1307 Graeci.
1324 1276 1407 1306 Hinc
1434 1276 1499 1306 Ho-

844 1334 921 1355 mer.
939 1325 1001 1356 Od.
1017 1329 1055 1357 Θ.
1071 1326 1142 1360 186,
1157 1324 1272 1355 diserte
1292 1324 1390 1360 addit,
1411 1324 1501 1364 Ulys-

844 1384 909 1404 sem
926 1374 1037 1405 iratum
1054 1375 1172 1405 discum
1192 1373 1310 1404 misisse
1330 1373 1423 1414 αὐτῷ
1445 1372 1503 1414 φά-

844 1434 901 1463 ρει,
923 1433 984 1454 non
1006 1423 1147 1464 deposita
1167 1423 1251 1463 prius
1268 1427 1365 1452 veste.
1411 1422 1499 1452 Unx—

843 1478 933 1502 erunt
955 1478 1059 1502 autem
1084 1482 1207 1512 corpus,
1227 1470 1339 1512 partim
1363 1475 1395 1500 ut
1417 1475 1501 1500 artus

843 1520 1044 1556 mollirentur,
1060 1520 1172 1562 partim
1195 1524 1229 1550 ut
1253 1519 1345 1550 sudor
1366 1518 1500 1560 compri-

842 1576 985 1601 meretur.

888 1619 957 1648 177.
984 1619 1157 1648 certamina
1186 1617 1291 1657 disci.]
1319 1617 1501 1648 Discobolia

843 1667 901 1697 fuit
926 1668 1006 1697 inter
1032 1666 1247 1707 antiquissima
1271 1665 1500 1696 exercitationis

842 1726 967 1756 genera,
989 1716 1077 1756 cujus
1098 1721 1129 1746 et
1152 1716 1314 1750 Homerus,
1330 1714 1369 1744 Il.
1382 1718 1424 1745 Ψ.
1436 1716 1500 1744 826

843 1775 912 1805 sqq.
930 1771 962 1795 et
982 1765 1043 1795 Od.
1066 1768 1102 1795 Θ.
1121 1765 1194 1794 186.
1213 1763 1366 1793 meminit.
1415 1763 1499 1793 Disvi

845 1824 946 1844 massa
970 1816 1033 1844 Iam
1058 1814 1232 1855 plerunque
1266 1818 1298 1843 et
1320 1811 1413 1843 lentis
1441 1813 1499 1842 for-

844 1872 926 1892 mam
942 1863 1087 1893 referens.
1124 1861 1261 1903 Lipperti
1276 1862 1371 1891 Dact.
1386 1861 1408 1891 i.
1425 1862 1500 1892 623.

845 1912 891 1942 Ea
907 1912 955 1942 vel
974 1921 1093 1942 sursum
1116 1913 1168 1951 (ut
1189 1911 1222 1940 h.
1238 1909 1276 1949 1.)
1293 1909 1341 1940 vel
1362 1921 1500 1951 prorsum

843 1961 1035 2002 projicienda
1045 1960 1240 1990 brachiorum
1251 1959 1330 1989 vires
1341 1960 1498 2000 augeban-

841 2015 903 2040 tur.
941 2010 1003 2040 Sed
1026 2010 1158 2040 multum
1177 2010 1253 2039 artis
1270 2014 1302 2039 et
1323 2010 1432 2039 virium
1447 2010 1500 2040 ille

843 2058 934 2089 ludus
963 2058 1150 2100 requirebat.
1199 2057 1370 2093 Librat'nm,
1400 2057 1499 2098 agita·

843 2114 919 2145 tum,
935 2115 1077 2144 rotatum,
1099 2114 1132 2137 ut
1154 2106 1268 2147 majore
1286 2108 1315 2136 vi
1339 2113 1370 2136 et
1394 2107 1501 2137 celeri-

842 2163 906 2188 tate
922 2158 1049 2188 volaret.
1094 2156 1144 2186 Sic
1161 2156 1193 2186 ii.
1209 2156 1284 2185 308.
1309 2155 1433 2196 Jupiter
1456 2158 1499 2186 vi-

842 2208 927 2236 brata
937 2207 1079 2246 fulmina
1088 2207 1204 2244 jactat,
1220 2203 1272 2234 ubi
1288 2204 1358 2233 vide
1374 2210 1476 2234 notam
1491 2216 1499 2242 ;

842 2256 1006 2291 Homerus,
1027 2255 1058 2285 d.
1076 2255 1097 2285 l.
1122 2255 1173 2292 ἧκε
1204 2252 1339 2290 δινήσας
1365 2259 1395 2282 et
1411 2265 1500 2294 περι-

842 2304 1005 2345 στρέψας;
1046 2302 1233 2345 Propertius,
1272 2302 1334 2332 Ill.
1364 2301 1416 2331 xii.
1450 2304 1498 2333 10.

845 2355 959 2384 Mis-sile
975 2366 1055 2384 nunc
1071 2355 1146 2383 disci
1160 2353 1274 2391 pondus
1286 2353 1314 2380 iu
1332 2352 1398 2380 orbe
1410 2358 1500 2383 rotat.

843 2405 949 2433 Aerias
960 2413 1067 2433 auras:
1086 2401 1155 2432 vide
1173 2400 1211 2430 ad
1225 2399 1268 2429 ix.
1281 2400 1354 2429 219.
1386 2400 1497 2440 Neque

842 2454 938 2481 uerius
957 2452 1050 2491 plane
1069 2451 1201 2480 otiosum
1223 2458 1289 2477 esse
1310 2453 1428 2488 putem,
1444 2448 1498 2478 sed

843 2503 929 2530 σει-ἔω
950 2511 1032 2529 aurae
1055 2500 1131 2529 forte
1156 2497 1176 2528 i.
1192 2508 1223 2537 q.
1245 2503 1356 2531 tenues,
1379 2498 1497 2536 liquiriae

843 2560 944 2585 numm
969 2559 1040 2589 opp.
1068 2547 1150 2578 enim
1180 2556 1249 2576 mox
1280 2546 1372 2575 solida
1404 2553 1495 2575 terra.

846 2592 969 2631 Disjecit
1000 2590 1136 2631 gravius,
1156 2599 1249 2630 quam
1275 2590 1388 2624 divisit,
1414 2588 1497 2630 quod

844 2640 937 2670 habet
953 2651 1032 2670 unus
1049 2637 1167 2669 llcinsii
1186 2638 1252 2670 MS.
