1779 3130
221 169 306 210 218
608 167 656 207 Ρ.
692 165 903 207 OVIDII
938 165 1218 207 NASONIS

228 282 439 344 Quoque
456 288 609 334 satus,
633 287 896 336 memorat3
926 286 1119 326 tantum
1136 295 1225 325 sua
1239 278 1443 325 crimina
1461 279 1609 326 celat.

227 357 574 419 Mentitusque
590 355 718 417 fugae
735 371 954 411 causam,
973 355 1098 418 petit
1113 355 1251 409 urbe,
1269 355 1343 401 vel
1359 370 1476 416 agro
1517 358 1607 401 281

229 434 294 480 Se
314 434 482 494 juvet:
522 432 653 478 hunc
679 439 850 478 contra
875 431 1070 494 placido
1096 430 1388 478 Trachinius
1413 447 1496 478 ore

228 508 432 555 Talibus
480 507 776 570 alloquitur:
840 514 869 530 “
888 508 1071 555 Mediae
1114 523 1316 569 quoque
1357 507 1617 554 commoda

427 583 563 647 plebi

232 659 416 707 Nostra
431 667 620 723 patent,
637 660 792 707 Peleu
807 678 817 716 3
837 675 927 706 nec
944 659 1196 722 inhospita
1211 674 1362 720 regna
1371 666 1614 706 tenemus,

230 736 420 799 Adjicis
448 736 561 782 huic
589 737 751 783 animo
776 743 1027 782 momenta
1051 735 1291 798 potentia,
1319 736 1507 782 clarum

234 812 446 867 Nomen,
468 827 714 874 avumque
735 811 764 857 J
770 828 910 858 ovem
933 829 941 858 :
983 827 1073 858 nec
1095 818 1319 874 tempora
1337 812 1488 874 perde
1510 827 1617 874 pre-=

430 888 588 934 cando
611 906 621 944 3
1466 888 1620 949 [det0‚

233 964 379 1018 Quod
399 965 544 1027 petis,
566 979 711 1010 omne
733 963 860 1010 feres
880 982 890 1020 ;
933 970 1119 1025 tuaque
1144 964 1250 1010 haec
1278 979 1364 1026 pro
1390 970 1531 1026 parte
1552 963 1620 1009 vi-

231 1041 612 1104 Qualiacunque
636 1040 772 1087 vides
792 1057 801 1086 :
842 1041 1031 1087 utinam
1057 1039 1262 1086 meliora
1282 1039 1501 1086 videres!
1522 1039 1547 1055 ’⁹

234 1116 300 1162 Et
324 1117 476 1163 flebat
497 1133 506 1163 ε
547 1123 744 1162 moveat
769 1131 879 1178 quae
905 1122 1069 1162 tantos
1092 1131 1242 1162 causa
1265 1116 1477 1170 dolores,
1523 1118 1619 1162 289

238 1192 522 1254 Peleusque
538 1192 846 1254 comitesque
863 1197 1037 1252 rogant
1053 1210 1063 1248 ;
1083 1192 1265 1254 quibus
1282 1192 1363 1238 ille
1379 1191 1619 1254 profatur:

237 1274 267 1292 “
284 1267 508 1314 Forsitan
525 1268 651 1314 hanc
672 1268 938 1322 volucrem,
956 1274 1096 1330 rapto
1113 1283 1224 1330 quae
1240 1267 1373 1322 vivit,
1391 1274 1440 1314 et
1451 1283 1622 1314 omnes

237 1428 328 1457 relati
350 1426 501 1460 Palladis,
519 1433 552 1456 et
572 1426 647 1456 237.
665 1425 815 1466 Praferre
835 1438 896 1455 mu-

238 1476 323 1504 nibus
348 1476 437 1504 vittas
463 1485 497 1504 ac
518 1476 675 1512 precantia
698 1475 808 1509 1611111,
834 1472 896 1504 viii.

242 1523 309 1553 116.
328 1522 468 1562 paciferae
486 1533 578 1552 mann
601 1533 716 1551 ramum
737 1523 897 1560 prcftendit

238 1572 343 1606 olivam
368 1569 412 1600 xi.
433 1570 506 1600 lOl.
522 1571 612 1600 velati
624 1571 713 1600 ¹ramis
724 1570 801 1605 oleae,
819 1572 898 1600 veni-

239 1629 342 1658 amque
366 1625 515 1659 rogantes.
558 1619 662 1649 Velare
691 1619 820 1649 verbum
850 1629 898 1648 sa-

238 1677 324 1697 crum
351 1672 382 1697 et
400 1666 527 1697 solenne
555 1667 594 1697 de
615 1667 738 1697 corollis
761 1673 792 1697 et
817 1667 900 1697 vittis

240 1716 372 1746 frontem
389 1715 609 1751 ambientibus,
625 1716 812 1757 templorum
829 1727 899 1757 pos-

241 1770 288 1795 tes
304 1764 512 1804 cingentibus,
531 1774 631 1794 ramos
651 1764 827 1805 supplicum
843 1766 898 1795 ob-

240 1813 445 1844 volventibus.
492 1814 542 1844 De
568 1813 686 1854 origine
710 1813 801 1854 hujus
825 1814 901 1844 ritus

242 1862 382 1904 Heynius
406 1862 445 1892 ad
468 1862 556 1903 Virg.
576 1862 642 1892 viii.
670 1864 740 1893 128.
764 1862 830 1893 haec
845 1864 899 1893 ob-

240 1917 353 1942 servat.
399 1915 418 1927 “
432 1911 462 1940 A
484 1911 632 1951 religione
656 1910 748 1941 ritum
771 1911 899 1942 ductum

239 1970 306 1990 esse
322 1958 519 1990 manifestum
536 1960 569 1989 fit
585 1970 601 1989 e
617 1959 703 1989 vittis
724 1969 777 1990 seu
794 1960 901 1990 infulis

241 2008 350 2044 laneis,
379 2008 615 2039 obvolventibus
639 2018 760 2038 ramum
784 2008 900 2050 oleagi-

243 2068 328 2093 num,
351 2057 439 2098 cujus
459 2067 533 2087 usus
556 2062 622 2087 erat
645 2067 716 2087 cum
739 2056 771 2086 in
795 2057 901 2091 sacris,

242 2112 308 2136 tum
346 2104 377 2136 in
414 2104 607 2140 lustratione,
645 2110 677 2135 et
714 2105 901 2146 expiatione.

246 2154 397 2195 Adeoque
422 2153 460 2189 is,
486 2154 538 2195 qui
565 2153 760 2194 praeferebat,
787 2153 900 2192 ἱκέτης,

243 2203 375 2244 supplex
390 2203 501 2238 factus,
518 2209 570 2233 aut
591 2201 708 2232 crimen
729 2202 853 2244 expiare
869 2213 900 2233 se

243 2257 276 2281 et
297 2251 421 2292 culpam
445 2251 604 2292 deprecari
628 2250 709 2281 velle
732 2251 902 2290 symbolice

244 2305 275 2329 et
301 2299 441 2340 religiose
469 2299 675 2339 significabat,
702 2306 755 2329 aut
784 2299 901 2340 simpli—

244 2347 321 2378 citer
341 2358 394 2389 per
414 2358 504 2379 sacra
526 2354 556 2378 et
578 2347 651 2378 deos
673 2358 705 2378 se
726 2347 901 2389 supplicare

244 2402 393 2426 testatum
405 2396 551 2427 faciebat.
575 2396 656 2426 Hinc
668 2396 791 2426 omnino
803 2395 902 2427 soede-

245 2445 295 2480 ris,
315 2445 401 2486 pacis
425 2452 457 2476 et
477 2444 641 2486 legationis
662 2444 837 2486 symbolum
857 2452 903 2476 est

247 2492 396 2523 factum.”

291 2543 365 2571 281.
398 2542 499 2583 Fugff,
525 2542 619 2572 exilii.
670 2542 746 2572 Urbe
770 2543 811 2572 rel
833 2553 904 2581 agro

238 2592 342 2627 juret,
361 2591 467 2620 urbem
487 2591 532 2620 rel
554 2600 660 2630 agrum
680 2591 737 2620 sibi
760 2589 903 2630 assignet.

249 2638 300 2668 ubi
315 2649 385 2668 cum
399 2639 545 2669 armentis
556 2639 618 2669 suis
631 2639 762 2669 habitet.
781 2639 903 2669 Heroid.

248 2686 279 2717 ii.
296 2689 349 2718 55.
378 2687 497 2726 Tejnvi
517 2695 662 2728 portuque
681 2689 806 2727 locoque.
855 2688 901 2717 Ibi

966 1425 1035 1454 loca
1065 1422 1195 1453 laudant
1226 1423 1425 1463 Interpretes,
1452 1422 1483 1451 in
1512 1420 1626 1462 quibus

967 1474 1101 1512 hospitio,
1122 1478 1207 1507 tecto,
1228 1473 1340 1506 limine,
1361 1471 1435 1506 cibo,
1452 1482 1502 1510 ope
1511 1473 1627 1510 jurare

966 1522 1097 1552 alterum
1113 1520 1241 1551 dicitur.

1009 1571 1084 1600 283.
1110 1570 1160 1599 De
1188 1570 1283 1599 media
1311 1569 1391 1607 plebe
1422 1568 1491 1599 vide
1518 1568 1559 1598 ad
1582 1567 1625 1598 ix.

968 1618 1040 1648 360.
1066 1618 1222 1647 Commoda
1239 1623 1352 1652 nostra,
1368 1617 1542 1653 commoda,
1555 1627 1624 1658 quae

967 1667 1052 1707 leges
1068 1666 1172 1706 largiri
1189 1671 1327 1707 possunt,
1344 1665 1496 1696 habitatio
1508 1666 1539 1696 in
1551 1666 1626 1696 urbe

968 1715 1099 1756 agrisve,
1116 1715 1224 1750 tutela,
1241 1720 1302 1745 etc.
1335 1713 1482 1744 Similiter
1498 1714 1529 1745 h.
1545 1726 1577 1744 v.
1594 1714 1625 1743 in

967 1775 999 1795 re
1011 1763 1155 1801 inilitari3
1173 1764 1241 1793 Art.
1252 1764 1359 1793 Amat.
1372 1762 1394 1793 i.
1410 1764 1480 1794 131.
1502 1763 1625 1799 Patent,

967 1823 1037 1853 quae
1055 1812 1145 1842 sar-ile
1156 1812 1359 1853 impetrantur
1375 1822 1393 1842 a
1406 1812 1511 1842 media
1524 1813 1627 1854 plebe,

967 1860 1028 1891 imo
1050 1872 1068 1891 a
1084 1861 1175 1901 regiis
1198 1860 1290 1899 viris;
1315 1871 1445 1902 quorum
1466 1861 1558 1902 copia
1580 1862 1625 1892 fa-

968 1909 1035 1940 cilis
1060 1915 1126 1940 est:
1162 1909 1206 1939 sic
1235 1908 1380 1939 mulieres
1407 1915 1511 1948 patent
1540 1910 1625 1947 viris,

969 1958 1055 1989 locus
1068 1965 1153 1998 patet
1164 1957 1439 1999 proficiscentibus,
1456 1958 1509 1988 Dii
1522 1965 1626 1998 patent

968 2007 1181 2049 precantibus,
1196 2005 1293 2047 gloria
1305 2012 1388 2045 patet
1400 2005 1473 2036 viris
1488 2006 1628 2038 fortibus.

1011 2056 1087 2086 285.
1115 2055 1196 2085 Huic·
1212 2055 1338 2095 animm]
1386 2055 1423 2084 In
1440 2054 1486 2085 his
1501 2056 1629 2086 vocibus

969 2104 1086 2134 haerent
1101 2103 1296 2144 interpretes,
1314 2102 1380 2133 sine
1400 2114 1508 2135 causa.
1543 2104 1627 2135 Prae-

969 2159 1109 2194 terquam
1125 2152 1206 2193 quod
1226 2162 1284 2192 ego
1303 2153 1354 2183 hoc
1370 2155 1479 2189 animo,
1494 2153 1629 2194 benigno

969 2201 1089 2231 scilicet
1113 2207 1143 2231 et
1174 2200 1294 2231 liberali
1322 2211 1401 2237 sum,
1426 2207 1458 2232 tu
1484 2209 1626 2232 momentu

968 2252 1112 2290 potentia,
1123 2260 1234 2281 causas
1244 2256 1274 2281 et
1284 2251 1421 2281 rationes
1429 2251 1628 2292 gravissimas

970 2310 1203 2330 commemoras.
1251 2300 1375 2329 Clarum
1404 2311 1508 2330 nomen
1537 2306 1568 2330 et
1590 2300 1628 2330 (16

971 2349 1062 2379 rebus
1083 2348 1178 2389 gestis
1197 2354 1228 2379 et
1248 2348 1286 2378 de
1304 2359 1417 2389 genere
1439 2348 1535 2379 nobili
1557 2340 1626 2390 capi

970 2404 1082 2439 potest.
1115 2397 1290 2439 Opponitur
1306 2400 1441 2439 ‘ignotum
1456 2410 1570 2434 nomen,
1587 2398 1628 2429 ix.

971 2447 1043 2476 669.
1071 2446 1190 2485 Tmrque
1203 2447 1273 2482 lucc,
1285 2453 1346 2477 etc.
1360 2456 1466 2476 omnes
1481 2457 1528 2477 res
1543 2457 1628 2477 meas

971 2501 1072 2525 tecum
1099 2494 1222 2535 partiar,
1240 2495 1389 2525 asciscam
1409 2502 1438 2526 te
1460 2495 1490 2525 in
1509 2501 1625 2536 partem

972 2544 1054 2584 regni
1070 2557 1074 2572 z
1116 2544 1291 2583 neglexerat
1332 2551 1434 2573 autem
1465 2543 1549 2584 regni
1580 2543 1625 2574 sui

970 2598 1084 2622 statum
1102 2591 1204 2621 dolore
1222 2591 1321 2621 fratris
1336 2591 1451 2621 amissi.

1012 2641 1086 2671 291.
1111 2641 1210 2679 Rapta
1238 2652 1300 2680 quae
1330 2642 1415 2675 viz-it,
1447 2640 1524 2680 etc.]
1559 2640 1626 2670 Cir-

971 2689 1177 2729 cumloquitur
1193 2689 1381 2730 accipitrem,
1397 2688 1451 2719 sed
1473 2699 1533 2719 non
1548 2689 1627 2719 satis
