1779 3130
227 195 256 234 4
613 192 663 233 Ρ.
698 189 910 233 OVIDII
945 187 1223 230 NASONIS

231 308 352 355 Plus
368 308 531 362 etiam,
549 321 699 369 quam
714 305 860 352 nosse
880 310 957 350 sat
974 309 1078 350 est:
1107 303 1199 349 hac
1218 300 1403 364 judice,
1422 299 1607 356 Minos,

232 384 333 435 Seu
359 391 509 448 caput
533 382 791 429 abdiderat
814 380 1018 426 cristata
1042 377 1235 425 casside
1260 377 1453 440 pennis,
1545 378 1608 422 25

227 462 287 510 In
312 462 451 524 galea
474 460 715 506 formosus
741 464 873 504 erat:
913 472 1001 502 seu
1027 461 1307 518 sumpserat
1331 470 1426 501 aere

229 539 524 600 Fulgentem
549 536 798 598 clypeum,
816 534 1050 596 clypeum
1072 532 1344 595 sumpsisse
1365 531 1578 578 decebat
1596 546 1606 576 :

224 615 455 662 Torserat
479 611 705 659 adductis
730 610 929 657 hastilia
952 610 1088 656 lenta
1110 608 1306 656 lacertis
1327 626 1337 664 ;

227 691 485 738 Laudabat
507 689 642 750 virgo
661 689 888 750 junctam
913 702 1026 732 cum
1050 685 1234 731 viribus
1261 692 1433 731 artem.

226 767 467 831 Imposito
493 766 688 829 patulos
714 765 904 810 calamo
931 762 1209 809 sinuaverat
1234 777 1405 816 arcus3

1544 762 1609 805 30

227 844 309 890 Sic
336 843 583 889 Phoebum
609 840 818 903 sumptis
839 839 1038 902 jurabat
1063 845 1192 884 stare
1217 836 1428 898 sagittis.

225 920 390 974 Quum
409 934 522 964 vero
546 916 723 963 faciem
748 916 950 977 dempto
975 914 1246 960 nudaverat
1270 928 1383 968 aere,

224 996 611 1058 Purpureusque
637 993 735 1039 albi
761 991 925 1038 stratis
951 991 1162 1052 insignia
1185 989 1332 1053 pictis

224 1071 385 1134 Terga
409 1071 666 1134 premebat
692 1069 822 1131 equi,
851 1068 1232 1131 spumantiaque
1261 1082 1346 1113 ora
1370 1065 1604 1128 regebat3

223 1149 322 1195 Vix
348 1164 451 1204 sua,
477 1148 560 1193 vix
587 1163 718 1194 sanae
742 1147 877 1208 virgo
905 1145 1079 1193 Niseia
1103 1160 1306 1207 compos

1542 1145 1605 1190 35

223 1224 411 1271 Mentis
436 1232 566 1270 erat:
602 1222 721 1268 felix
741 1222 979 1284 jaculum,
1009 1221 1141 1284 quod
1167 1227 1394 1282 tangeret
1417 1220 1514 1275 ille,

223 1300 448 1362 Quaeque
473 1315 621 1345 manu
646 1305 906 1362 premeret,
929 1297 1092 1344 felicia
1115 1296 1253 1343 frena
1276 1296 1500 1343 vocabat.

224 1376 447 1442 Impetus
474 1383 549 1423 est
573 1375 658 1433 illi,
685 1376 834 1423 liceat
857 1375 1020 1431 modo,
1046 1373 1171 1420 ferre
1196 1389 1283 1436 per
1309 1389 1486 1434 agmen

219 1582 279 1601 non
302 1571 401 1602 solum
425 1582 442 1602 e
465 1570 538 1602 setis
562 1570 682 1611 equinis
705 1571 777 1610 (xii.
804 1570 872 1610 88.)

217 1619 272 1649 seil
298 1619 391 1650 etiam
417 1630 453 1649 ex
477 1620 593 1658 pennis,
617 1629 686 1659 quae
710 1619 873 1660 pulchrum

218 1668 328 1698 Minoa
342 1668 440 1708 magis
455 1667 619 1698 decebant.

261 1718 313 1747 26.
333 1717 406 1746 AEre
425 1716 565 1757 rescripsi
583 1716 765 1747 auctoritate
781 1717 872 1748 MSS.

217 1765 270 1806 qui
294 1764 356 1795 fere
381 1775 485 1795 omnes
508 1764 538 1794 in
561 1765 618 1795 hoe
634 1765 784 1796 vocabulo
799 1776 872 1796 con-

217 1814 346 1855 spirant.
393 1814 434 1843 Et
453 1824 522 1843 mox
541 1824 628 1844 versu
649 1815 701 1844 32.
724 1824 786 1844 non
814 1814 871 1845 nisi

219 1873 299 1893 aerea
319 1862 411 1903 galea
434 1861 534 1892 Minoi
561 1862 714 1898 tribuitur,
730 1869 765 1892 ut
789 1863 873 1904 apud

217 1912 397 1946 Homerum,
414 1911 452 1941 11.
472 1915 511 1942 K.
530 1911 581 1941 30.
602 1911 762 1941 Menelao.
813 1912 871 1942 De-

215 1961 308 1995 cebat,
332 1970 402 1989 cum
428 1959 538 1989 decore
559 1960 711 1994 sumebat,
728 1965 791 1995 aut,
808 1960 873 2001 cly-

216 2019 291 2050 peus
306 2014 447 2049 sumptus
466 2007 493 2038 ei
509 2008 604 2038 decus
616 2008 765 2039 addebat.
810 2010 872 2040 Eu-

213 2057 328 2098 ripides
342 2057 453 2088 Phoen.
473 2058 541 2086 171.
556 2057 597 2093 ὡς
619 2057 770 2088 ὅπλοισιν
793 2070 872 2098 χρυ-

215 2105 332 2136 σέοισιν
357 2104 533 2145 εὐπρεπής.
580 2107 727 2136 Adductis
753 2107 872 2137 lacertis

213 2153 314 2195 pingit
341 2160 445 2183 actum
479 2153 661 2194 jaculantis.
712 2155 872 2195 Expressit

214 2209 318 2233 autem
340 2202 499 2242 Virgilius,
517 2202 643 2233 AEneid.
658 2203 699 2233 xi.
716 2204 790 2233 561.
814 2206 867 2234 ad-

213 2254 302 2281 ducto
332 2257 498 2281 contai-tum
535 2251 640 2280 hastile
671 2252 780 2281 lacerto
808 2251 867 2281 Im-

213 2302 318 2330 mittit.
355 2299 451 2334 Infra,
468 2300 511 2329 ix.
529 2300 580 2330 52.
591 2306 662 2330 sunt
678 2301 797 2329 brachia
814 2303 867 2331 ad-

211 2351 314 2379 cincta.
360 2348 410 2378 Sic
427 2354 457 2378 et
476 2350 578 2378 reduci
595 2348 747 2384 adhiberi,
764 2356 867 2380 monet

211 2398 419 2428 Burmannus.
465 2396 593 2426 Lemma
618 2398 743 2428 solenne
771 2398 867 2428 hasti-

210 2446 297 2481 lium,
327 2445 470 2486 pilorum‚
501 2445 672 2486 thyrsorum
707 2445 865 2487 epitheton

211 2494 294 2535 apud
308 2500 426 2535 poetas.
462 2493 577 2523 Jitncta
593 2505 658 2524 cnm
676 2496 786 2524 viribus
801 2502 866 2526 arte

209 2553 286 2584 opus
311 2548 377 2573 erat
399 2543 430 2572 in
457 2541 608 2583 ejusmodi
636 2542 865 2574 exercitationi-

209 2592 278 2626 bus,
294 2601 325 2621 x.
343 2591 414 2620 181.

251 2640 303 2671 30.
337 2640 516 2670 Sinuuverat
544 2650 654 2677 arcus;
691 2640 865 2676 lunaverat‚

207 2689 440 2720 incurvaverat:
473 2688 587 2724 confer,
609 2688 716 2719 Amor.
733 2689 760 2718 Ι.
778 2688 799 2719 i.
814 2689 865 2720 23.

942 1570 1135 1609 Lunavitque
1149 1580 1228 1610 genu
1244 1570 1393 1598 sinuosum
1405 1568 1535 1609 former
1550 1579 1601 1597 (ιν-

940 1630 1018 1649 cum.
1063 1620 1149 1648 Stare
1163 1617 1201 1647 de
1215 1623 1303 1657 gestu
1316 1617 1366 1647 vel
1383 1616 1601 1657 pugnantium,

941 1674 975 1698 ut
992 1667 1035 1697 ix.
1050 1668 1102 1697 33.
1120 1666 1167 1696 vel
1192 1667 1322 1706 sagittas
1346 1665 1546 1701 mittentium,
1568 1671 1602 1694 ut

940 1716 997 1746 hoc
1013 1716 1092 1751 loco,
1109 1723 1139 1746 et
1154 1715 1197 1745 sic
1213 1721 1309 1745 status
1325 1714 1450 1756 passim.

983 1766 1035 1795 33.
1060 1765 1239 1803 Purpureus
1261 1763 1384 1804 gravius
1409 1773 1601 1804 quam,pur-

939 1823 1035 1854 purea
1050 1819 1153 1843 veste:
1179 1813 1249 1842 Art.
1267 1812 1375 1842 Amat.
1389 1812 1409 1842 i.
1426 1812 1499 1842 214.
1517 1811 1600 1846 Qua-

941 1869 1009 1892 tuor
1025 1864 1055 1892 in
1078 1863 1168 1891 nireis
1187 1872 1296 1891 aureus
1316 1862 1369 1891 ibis
1392 1863 1481 1901 equis.
1526 1862 1602 1891 Albo

941 1922 1020 1952 equo
1036 1922 1067 1942 se
1084 1911 1194 1942 Minoa
1209 1911 1239 1941 in
1256 1911 1413 1941 obsidione
1430 1910 1514 1941 urbis
1528 1910 1599 1942 hos-

941 1960 1023 1990 tibus
1033 1960 1200 1991 notabilem
1212 1959 1333 1991 dedisse
1344 1966 1375 1990 et
1385 1959 1601 2001 conspicuum,

941 2020 1002 2039 non
1029 2009 1127 2040 credit
1152 2010 1361 2045 Burmannus,
1386 2009 1438 2050 qui
1467 2019 1536 2039 eam
1561 2010 1600 2040 ob

939 2069 1065 2089 causam
1090 2059 1237 2089 emendat
1261 2061 1330 2089 ulti.
1375 2059 1496 2099 Ergone
1519 2060 1600 2089 altus

938 2118 1036 2149 equus
1049 2118 1119 2138 eum
1133 2109 1234 2139 minus
1246 2107 1414 2138 notabilem
1428 2108 1601 2139 reddebat?

938 2157 1005 2187 Nec
1022 2156 1203 2187 dubitarunt
1218 2156 1269 2187 alii
1286 2157 1393 2193 duces,
1406 2157 1598 2194 Alexander,

937 2205 1107 2240 Hannibal,
1126 2211 1157 2235 et
1179 2205 1271 2235 armis
1293 2213 1324 2236 et
1345 2206 1433 2246 equis
1453 2217 1484 2236 se
1503 2205 1597 2246 insig—

935 2254 1010 2285 nire.
1055 2254 1213 2284 Amabant
1230 2262 1333 2285 antem
1356 2255 1528 2296 plerunque
1552 2257 1599 2286 al-

935 2304 980 2332 bos
994 2313 1107 2343 equos;
1131 2310 1161 2333 et
1176 2303 1207 2332 in
1223 2304 1286 2333 albo
1303 2303 1333 2333 in
1350 2302 1456 2344 primis
1471 2304 1598 2335 lucebat

935 2362 1078 2393 purpura.
1133 2352 1244 2382 Stratis
1267 2355 1366 2391 pictis.
1412 2352 1596 2384 Graevianus

934 2411 987 2441 pro
1001 2400 1123 2431 diversa
1138 2400 1271 2431 lectione
1288 2401 1342 2431 dat
1355 2402 1485 2440 phaleris
1499 2403 1597 2440 pictis,

935 2449 1017 2488 quod
1035 2449 1189 2479 arridebat
1206 2450 1345 2485 Heinsio,
1359 2449 1414 2480 sed
1425 2456 1508 2480 recte
1524 2451 1596 2491 reji-

934 2497 1014 2526 citur
1038 2507 1055 2527 a
1080 2498 1270 2528 Burmanno.
1303 2497 1417 2528 Confer
1443 2508 1514 2528 cum
1537 2498 1594 2530 hoc

933 2544 1000 2575 loco
1015 2545 1054 2575 vi.
1071 2547 1143 2577 222.
1190 2546 1367 2585 Spunmntia
1386 2558 1436 2576 ora
1453 2548 1593 2587 generosi

932 2593 1005 2634 equi
1030 2594 1165 2634 signum.
1216 2595 1268 2625 1⁷51
1293 2607 1357 2625 sua.
1382 2595 1464 2625 Vide
1489 2596 1528 2626 ad
1552 2596 1596 2627 iii.

932 2643 1006 2673 639.
1053 2643 1149 2678 felii,
1172 2650 1231 2674 etc.
1277 2643 1438 2679 Ridicula,
1458 2645 1594 2675 solennis

934 2696 1037 2720 tamen
1054 2691 1173 2731 perdite
1190 2691 1360 2723 amantium
1377 2692 1570 2734 praedicatiO.
