1779 3130
207 171 292 213 280
598 167 648 207 P.
687 165 900 207 OVIDII
935 165 1216 207 NASONIS

208 285 378 332 Victor
432 282 493 329 ad
541 280 790 343 Evagrum
837 280 1219 343 Corythumque
1270 280 1596 342 Dryantaque

405 358 597 407 transit.
1500 359 1597 403 290

205 437 246 484 E
272 436 453 499 quibus
479 442 534 481 ut
559 434 719 497 prima
742 440 907 480 tectus
933 433 1171 495 lanugine
1198 433 1353 480 malas

207 512 484 560 Procubuit
511 510 792 574 Corythus:
824 515 854 532 ‘⁶
883 509 1046 556 Puero
1073 526 1182 572 quae
1208 510 1362 572 gloria
1385 509 1493 556 fuso

205 590 359 637 Parta
378 589 466 636 tibi
485 595 561 635 est
577 588 625 634 Γ
666 586 885 649 Evagros
907 587 975 633 ait
993 604 1002 634 :
1034 602 1125 634 nec
1145 586 1309 633 dicere
1328 586 1539 632 Rhoetus

207 666 362 712 Plura
387 665 503 712 sinit
525 683 535 721 ;
576 663 852 725 rutilasque
877 662 1014 710 ferox
1040 663 1090 708 in
1115 671 1288 725 aperta
1311 662 1561 725 loquentis

205 742 444 790 Condidit
468 757 551 788 ora
575 740 679 794 viri,
707 755 896 802 perque
922 755 977 786 os
1003 739 1051 785 in
1078 747 1296 802 pectora,
1317 739 1558 786 flammas,

204 819 275 866 Te
302 835 521 882 quoque,
550 832 678 864 saeve
706 816 861 880 Drya,
889 817 1075 863 circum
1101 823 1251 879 caput
1276 817 1388 878 igne
1413 822 1573 862 rotato

203 895 512 958 Insequitur;
555 895 643 940 sed
669 910 766 940 non
791 894 839 939 in
865 901 913 940 te
941 909 1145 956 quoque
1171 893 1397 939 constitit
1421 893 1553 939 idem

202 972 411 1019 Exitus:
452 970 665 1017 assiduae
693 985 928 1016 successu
954 969 1104 1016 caedis
1130 977 1376 1025 ovantem,

205 1049 318 1102 Qua
335 1050 510 1111 juncta
535 1053 611 1093 est
636 1047 841 1093 humero
867 1046 1051 1102 cervix,
1079 1047 1201 1093 sude
1227 1046 1337 1109 figis
1362 1047 1557 1093 obusta.

204 1124 474 1187 Ingemuit,
502 1124 728 1186 duroque
756 1124 931 1171 sudem
956 1125 1038 1170 vix
1064 1140 1175 1171 osse
1202 1124 1392 1170 revellit
1499 1127 1595 1169 300

205 1200 437 1256 Rhoetus,
466 1208 514 1248 et
539 1200 645 1263 ipse
674 1216 762 1246 suo
790 1200 1098 1247 madefactus
1124 1201 1364 1263 sanguine
1389 1199 1530 1262 fugit.

203 1278 353 1340 Fugit
377 1284 427 1324 et
452 1277 664 1332 Orneiis,
695 1275 1042 1339 Lycabasque,
1071 1284 1121 1324 et
1146 1277 1343 1324 saucius
1369 1292 1503 1323 armo

204 1354 498 1402 Dexteriore
528 1353 733 1408 Medon,
762 1362 811 1401 et
836 1370 950 1400 cum
978 1353 1216 1401 Pisenore
1243 1354 1521 1408 Thaumas,

205 1432 405 1494 Quique
433 1431 617 1494 pedum
644 1446 801 1493 nuper
825 1430 1096 1477 certamine
1121 1430 1307 1477 vicerat
1331 1446 1501 1476 omnes

204 1507 496 1562 Mermeros,
516 1513 724 1569 accepto
750 1523 880 1553 nunc
899 1507 1101 1553 vulnere
1128 1508 1315 1553 tardius
1338 1507 1467 1561 ibat;
1495 1508 1590 1552 305

205 1584 272 1631 Et
287 1583 495 1639 Pholus,
510 1589 560 1630 et
572 1582 850 1638 Melaneus,
864 1590 913 1630 et
932 1583 1068 1630 Abas
1088 1584 1333 1646 praedator
1345 1598 1590 1646 aprorum,

205 1661 406 1724 Quique
433 1661 534 1707 suis
560 1659 740 1707 frustra
765 1660 949 1706 bellum
975 1659 1280 1708 dissuaserat
1304 1676 1460 1722 augur

204 1737 407 1801 Astylos
426 1754 435 1784 :
464 1737 544 1783 ille
561 1735 712 1783 etiam
728 1737 966 1783 metuenti
983 1738 1186 1784 vulnera
1206 1737 1386 1792 Nesso,
1433 1736 1594 1798 [cuS.''

205 1819 235 1838 “
260 1814 337 1861 Ne
359 1813 475 1876 fuge
495 1832 504 1870 3
536 1813 598 1860 ad
626 1812 951 1867 Hercule0s‚”
971 1814 1150 1876 inquit,
1174 1813 1496 1861 “servaberis
1518 1829 1592 1860 ar-

246 1970 320 1999 290.
346 1970 448 2009 Dryas
469 1968 562 1999 etiam
587 1969 626 1999 ab
651 1969 786 2000 Homero
809 1980 863 1999 no-

204 2017 350 2053 minatur,
367 2017 419 2048 ubi
435 2022 482 2048 est
499 2018 623 2059 ποιμὴν
647 2018 750 2052 λαῶν,
769 2024 800 2048 et
825 2019 863 2047 ab

203 2066 340 2096 Hesiodo
355 2079 360 2096 :
381 2066 496 2097 fortiter
512 2072 631 2108 pugnat
647 2072 679 2096 et
699 2066 762 2097 hic.
800 2067 863 2096 Ριι-

201 2126 260 2151 ero,
275 2121 335 2146 etc.
353 2115 458 2146 confer
475 2127 502 2145 v.
518 2116 559 2146 65
575 2126 622 2157 sq.

245 2165 321 2194 294.
339 2164 520 2204 Loquentis,·
541 2175 621 2194 unus
637 2163 802 2194 Mediceus
820 2165 861 2193 lo-

202 2214 316 2253 quenti.
360 2213 448 2243 Tunc
472 2213 565 2243 etiam
589 2212 758 2253 legendum
784 2212 861 2242 foret

203 2263 278 2292 rixo.
318 2261 449 2302 Ingenio
478 2272 581 2292 rursus
611 2260 766 2291 abutitur:
802 2271 861 2292 rne-

203 2311 262 2341 lius
292 2310 453 2351 Virgilius,
483 2310 525 2341 ix.
556 2311 629 2341 442.
667 2310 720 2351 qui
750 2311 865 2341 Nostro

208 2359 340 2401 punivit,
357 2359 646 2400 ensemficlmineum
669 2359 782 2389 Rutuli
802 2361 864 2389 cla-

205 2412 314 2439 mantis
330 2411 360 2438 in
377 2420 426 2440 ore
443 2409 585 2439 Condidit
599 2411 729 2439 adverso.

248 2459 322 2489 297.
349 2458 502 2494 Constitit,
518 2457 599 2488 idem
616 2464 669 2489 aut
685 2457 793 2488 similis
808 2457 865 2488 fuit

206 2506 245 2542 ei,
270 2507 322 2548 qui
343 2513 435 2538 antea
461 2508 571 2539 fuerat.
618 2508 686 2537 Art.
716 2507 822 2537 Amat.
846 2506 866 2537 i.

210 2556 280 2586 120.
305 2556 446 2587 Constitit
467 2559 497 2587 in
519 2558 619 2591 nulla,
637 2556 764 2596 quifuit
783 2563 865 2592 ante,

208 2605 300 2633 color.

252 2653 328 2682 300.
353 2653 459 2683 Sudem
486 2664 543 2683 osse
566 2653 704 2689 ⁷·evellit;
737 2653 864 2694 quidam

211 2702 352 2730 revulsit.-
393 2712 461 2741 quae
493 2702 625 2732 varietas
653 2702 714 2732 fere
749 2701 863 2743 ubique

931 1969 1087 1999 occurrit:
1114 1966 1170 1998 sed
1192 1968 1262 1998 vide
1283 1967 1448 1998 Heinsium
1466 1967 1505 1997 ad
1527 1967 1592 1997 He-

931 2017 1009 2048 roid.
1034 2017 1074 2047 vi.
1103 2018 1172 2048 104.
1218 2017 1255 2047 In
1278 2017 1388 2057 Regiis
1412 2016 1523 2047 nostris
1545 2023 1593 2047 est

930 2068 1057 2096 revellit.
1105 2065 1201 2107 Apud
1222 2065 1399 2107 Virgilium,
1420 2065 1537 2106 Georg.
1561 2065 1594 2095 ii.

932 2116 1005 2145 455.
1023 2114 1149 2145 Rlzoetus
1172 2119 1203 2144 et
1221 2114 1335 2144 Pholus
1350 2113 1595 2152 interficiuntur,

931 2163 1014 2204 apud
1046 2164 1196 2193 Nostrum
1228 2163 1372 2203 fugiunt3
1410 2173 1482 2194 nam
1518 2162 1593 2193 talia

932 2212 1051 2242 variare
1068 2212 1169 2242 solent
1184 2219 1295 2254 poetae.
1324 2214 1434 2242 Armus
1449 2212 1594 2242 tribuitur

933 2260 1102 2297 Centauro,
1129 2261 1202 2302 quia
1232 2272 1269 2291 ex
1298 2267 1385 2302 parte
1415 2271 1514 2302 equus
1539 2266 1596 2291 est.

934 2310 1102 2346 Praedator,
1114 2310 1144 2340 id
1158 2316 1216 2345 est,
1235 2316 1381 2348 venator,
1397 2311 1440 2341 sic
1453 2312 1594 2349 praedari,

932 2369 985 2399 pro
998 2360 1115 2395 venari,
1129 2365 1310 2400 usurpatur:
1329 2358 1399 2390 vide
1409 2359 1447 2390 ad
1460 2359 1505 2390 iii,
1515 2360 1592 2390 225.

975 2409 1049 2438 308.
1072 2409 1191 2448 Astylos
1203 2409 1241 2438 ab
1258 2407 1408 2443 Hesiodo,
1421 2409 1506 2439 Scut.
1524 2419 1588 2439 ver.

938 2457 1010 2487 185.
1025 2464 1153 2487 vocatur
1164 2456 1345 2497 ”Ασβολος.
1381 2456 1464 2494 Quia
1478 2469 1592 2499 augur,

937 2512 1101 2547 propterea
1111 2505 1259 2536 vaticinia
1271 2505 1413 2547 quaedam
1430 2506 1496 2546 ejus
1511 2516 1594 2536 com·

934 2554 1132 2584 memoranda
1159 2554 1248 2585 duxit
1279 2561 1381 2596 poeta.
1428 2555 1531 2585 Etiam
1565 2566 1593 2585 v.

939 2603 1007 2633 146.
1034 2614 1134 2644 augur
1160 2602 1288 2644 quidam
1314 2613 1425 2644 pugnae
1455 2603 1593 2634 interest.

934 2651 983 2681 De
1014 2652 1102 2682 Nesso
1124 2658 1154 2682 et
1182 2652 1331 2683 Herculeo
1356 2664 1428 2682 (rm-u
1456 2652 1525 2682 vide
1552 2652 1594 2683 ix.

936 2701 1112 2731 lul-133.
