1779 3130
392 159 554 200 ΜΕΤΑ
566 157 1008 199 MORPHOSEON
1044 158 1161 199 Lm.
1194 159 1306 200 XII.

1458 160 1542 200 27:⁷3

163 273 358 336 Perque
385 281 494 319 tuas
520 274 683 326 urbe&
712 272 799 318 tibi
827 273 954 319 enini
982 273 1248 336 popularis,
1272 273 1481 328 Achille,

159 349 428 396 Multorum
456 349 635 395 frustra
659 349 784 394 votis
810 357 981 411 optata
1006 366 1281 412 procorum.

157 425 422 473 Tentasset
448 425 632 472 Peleus
659 425 902 470 thalamos
929 442 1129 488 quoque
1154 426 1356 472 forsitan
1381 426 1517 482 illos;

158 502 258 548 Sed
278 503 381 563 jam
408 508 492 547 aut
517 499 826 560 contigerant
852 500 919 545 illi
947 501 1195 548 connubia
1220 502 1406 557 matris,

155 580 256 624 Aut
278 577 473 624 fuerant
498 577 756 640 promissa,
786 585 910 623 tuae:
953 594 1042 624 nec
1071 578 1236 623 Caenis
1266 579 1313 623 in
1340 579 1464 624 ullos

157 653 407 717 Denupsit
431 655 703 710 thalamos3
735 662 1026 716 secretaque
1052 655 1191 700 litora
1217 670 1424 717 carpens
1448 657 1536 701 196

155 730 389 793 AEquorei
415 730 512 777 vim
539 746 686 794 passa
713 729 806 776 Dei
833 737 937 777 est:
978 730 1046 776 ita
1070 728 1200 776 fama
1225 730 1428 777 ferebat.

155 807 324 869 thue
352 823 487 853 novae
514 807 720 853 Veneris
751 806 1014 869 Neptunus
1041 807 1223 867 gaudia
1254 807 1404 870 cepit,

155 888 184 906 “
212 883 324 930 Sint
349 891 434 929 tua
459 890 570 930 vota
594 882 761 937 lieet‚'’
787 883 929 939 dixit,
959 890 987 906 “
1013 899 1187 930 secura
1212 884 1452 946 repulsae;

155 957 297 1020 Elige
323 959 442 1021 quid
468 975 644 1005 voveas
664 959 707 1005 :⁷'
735 959 909 1004 eadem
930 959 1024 1005 hoc
1046 975 1244 1022 quoque
1263 959 1393 1006 fama
1412 959 1534 1007 fere-

352 1036 451 1082 bat.

1438 1041 1534 1082 200

154 1110 446 1173 Magnun‘ij'
475 1112 640 1157 Caenis
668 1112 750 1166 ait,
781 1118 809 1134 ‘⁶
828 1111 944 1158 facit
969 1113 1074 1159 haec
1103 1112 1279 1174 injuria
1299 1120 1483 1165 votum,

152 1187 271 1234 Tale
297 1189 399 1250 pati
426 1188 491 1234 nil
519 1204 681 1251 posse,
710 1189 857 1235 mihi:
898 1189 976 1243 da,
1004 1189 1187 1236 femina
1211 1205 1271 1236 ne
1298 1190 1406 1243 sim,

153 1264 335 1311 Omnia
359 1265 698 1328 praestiteris.''

771 1266 1007 1312 Graviore
1033 1266 1301 1313 novissima
1325 1266 1454 1312 dixit

151 1341 317 1389 Verba
341 1358 477 1396 sono,
506 1348 800 1405 poteratque
826 1341 912 1388 viri
939 1358 1034 1388 vox
1061 1343 1143 1389 illa
1167 1343 1337 1397 videri,

156 1418 298 1464 Sicut
322 1427 453 1465 erat:
495 1435 607 1465 nam
626 1420 731 1481 jam
757 1428 870 1466 voto
900 1419 1036 1467 Deus
1064 1421 1276 1482 aequoris
1304 1420 1386 1467 alti
1438 1424 1532 1467 205

152 1494 435 1549 Annuerat;
476 1496 784 1557 dederatque
811 1511 974 1557 super,
1004 1512 1065 1543 ne
1092 1496 1289 1542 saucius
1316 1496 1428 1542 ullis

151 1570 449 1618 Vulneribus
475 1571 596 1626 fieri,
624 1571 811 1618 ferrove
837 1573 1132 1619 occumbere
1158 1581 1343 1636 posset.

153 1646 361 1694 Munere
388 1648 530 1693 laetus
557 1648 689 1697 abit:
732 1648 1009 1711 studiisque
1036 1649 1254 1695 virilibus
1281 1665 1437 1696 aevum

196 1811 265 1841 191.
286 1811 349 1841 Tibi
368 1814 443 1841 enim
460 1812 640 1851 popularia]
661 1812 806 1853 Apostro-

145 1859 207 1901 phe
223 1859 290 1890 haec
314 1860 594 1891 memorabiliorem
611 1860 687 1891 facit
703 1871 806 1891 narra-

145 1908 275 1944 tionem,
292 1915 323 1940 et
342 1909 561 1950 jucundiorem
585 1909 715 1945 Achilli,
731 1920 807 1951 prae-

145 1957 262 1993 sertim,
307 1969 403 2000 quum
449 1964 608 1999 sequatur,
657 1959 808 1989 Tentasset

148 2006 257 2037 Peleus
273 2008 425 2043 tlmmalos,
440 2014 502 2038 etc.
542 2006 657 2038 Similis
671 2014 806 2050 apostro-

148 2054 207 2096 phe
225 2062 272 2086 est
287 2067 351 2087 ver.
369 2057 443 2087 363.

193 2106 264 2136 196.
299 2106 337 2135 In
360 2107 436 2135 ullos
461 2106 610 2145 Denupsit
635 2106 804 2146 thalamos]

147 2153 250 2184 Etiam
263 2154 401 2190 Tacitus,
414 2154 454 2186 iv.
466 2154 580 2185 Annal.
590 2156 643 2186 27.
658 2156 808 2185 denubere

145 2205 179 2233 in
204 2204 343 2239 domum,·
367 2214 461 2245 supra
484 2203 537 2233 vii.
562 2205 636 2235 856.
662 2205 807 2234 innubere

148 2252 309 2288 thalamis,·
334 2251 450 2287 Livius,
476 2262 506 2281 x.
527 2251 582 2281 23.
608 2252 733 2282 enubere
756 2262 806 2290 pa-

150 2301 256 2330 tribua

190 2348 264 2379 202.
284 2348 354 2378 Tale
368 2351 432 2388 pati
449 2350 493 2378 nil
507 2359 597 2388 posse,
614 2348 717 2388 mihi]
735 2348 808 2378 Ple-

145 2396 235 2438 rique
254 2397 306 2438 (et
326 2396 420 2427 nostri
442 2397 553 2438 Regii)
573 2396 644 2427 Tale
663 2399 726 2436 pati
739 2400 809 2436 jam

143 2456 223 2485 posse
239 2446 337 2483 nihil3
363 2456 423 2476 non
438 2446 519 2477 male
533 2459 539 2476 :
560 2446 762 2486 etenimjam,
777 2446 808 2476 id

147 2500 206 2530 est,
223 2495 262 2525 ab
286 2493 343 2525 hoc
368 2494 440 2525 inde
464 2501 612 2536 tempore,
632 2495 712 2525 bene
736 2494 808 2525 h.1.

147 2541 302 2573 convenit.
347 2542 378 2572 Si
415 2544 488 2573 mihi
525 2543 702 2579 retinemus,
740 2550 808 2584 post

147 2602 224 2630 posse
238 2591 520 2633 interpungendum
537 2598 594 2628 est,
608 2597 642 2622 ut
657 2593 807 2623 referatur

150 2639 294 2681 adfecit.
333 2641 438 2671 Lenzii
454 2641 548 2672 frater
561 2641 722 2682 conjungit
736 2651 807 2671 cum

152 2699 222 2730 sqq.
249 2689 322 2719 mihi
351 2692 400 2724 da,
430 2696 491 2721 etc.
535 2690 595 2721 Sed
630 2692 808 2720 Burmanno

196 2737 298 2768 VOL.
321 2737 379 2768 IV.

877 1813 966 1843 valde
984 1813 1185 1844 adblanditur
1199 1814 1327 1844 duorum
1341 1814 1413 1845 cod.
1442 1814 1534 1856 Regii

875 1861 957 1892 tertii
974 1868 1005 1893 et
1022 1863 1183 1894 Urbinatis
1204 1863 1306 1899 lectio,
1325 1864 1396 1894 Tale
1417 1867 1482 1903 pati
1497 1866 1534 1894 da

874 1922 951 1950 posse
970 1913 1060 1947 nihil,
1078 1912 1243 1953 dufenzt'na
1264 1923 1300 1942 ne
1320 1915 1395 1950 δίνης
1421 1924 1533 1944 venus-

876 1967 938 1990 tam
954 1960 1035 1990 enim
1052 1971 1119 1991 esse
1132 1960 1217 1991 illam
1230 1961 1458 2002 repetitionem,
1472 1973 1534 2003 qua

876 2018 954 2050 opus
970 2009 1061 2040 fuerit
1076 2009 1107 2039 in
1123 2015 1211 2040 tanta
1228 2010 1290 2040 voti
1306 2010 1533 2051 magnitudine.

879 2057 961 2087 Dare
971 2068 1035 2099 pro,
1049 2058 1218 2089 concedere
1230 2058 1355 2099 aliquod
1368 2069 1491 2096 munus,
1501 2067 1533 2090 ut

875 2106 894 2136 i.
909 2107 984 2137 486.

917 2157 990 2185 203.
1015 2155 1177 2195 Ingeniose
1193 2162 1223 2186 et
1239 2156 1436 2197 inexpectato
1450 2157 1532 2187 cele-

874 2203 996 2234 ritatem
1012 2204 1192 2234 mutationis
1207 2205 1370 2246 exprimit3
1394 2205 1477 2236 conf.
1491 2205 1534 2236 ix.

875 2254 936 2284 785
951 2264 1022 2294 sqq.
1064 2252 1222 2288 Graviore,
1237 2253 1411 2284 humiliore.
1452 2254 1532 2285 Len-

875 2303 939 2332 zius
953 2306 1055 2343 putat,
1072 2302 1314 2343 etymologicam
1338 2302 1470 2333 nominis
1485 2302 1531 2332 in-

875 2350 1124 2391 terpretationem
1147 2360 1165 2380 a
1180 2351 1303 2387 καινὸς,
1320 2362 1422 2386 novus,
1439 2350 1532 2381 tradi-

874 2398 989 2429 tionem
1015 2397 1168 2440 peperisse
1197 2398 1237 2433 de
1266 2398 1532 2430 transformatione

875 2447 906 2477 in
922 2457 1034 2478 novum
1050 2457 1170 2477 sexum.
1215 2446 1350 2477 Mirum!

918 2496 992 2525 208.
1028 2495 1156 2536 Exigere
1191 2506 1295 2531 aevum,
1328 2502 1443 2526 (etatem
1479 2505 1532 2537 pro

875 2553 966 2584 agere
990 2542 1136 2573 dixerunt
1162 2543 1254 2573 etiam
1281 2543 1454 2579 Terentius,
1476 2543 1531 2574 Ci-

875 2602 955 2627 cero,
966 2591 1127 2633 Virgilius.
1143 2593 1258 2623 Studiis
1267 2595 1413 2624 virilibus.
1429 2593 1478 2623 Sic
1492 2593 1532 2623 V.

877 2641 914 2671 C.
932 2640 1071 2670 interfuit
1094 2641 1248 2672 venationi
1266 2642 1329 2684 apri
1356 2641 1532 2683 Calydonii,

879 2689 940 2719 viii.
967 2690 1041 2719 305.
1067 2695 1097 2719 et
1122 2690 1309 2732 expeditioni
1337 2691 1532 2729 Argonauta-

1005 2738 1030 2768 N
1047 2750 1065 2769 n
