1779 3130
375 160 942 201 METAMORPHOSEO
955 161 991 201 N
1027 160 1144 202 LIB.
1178 160 1309 202 VIII.

1481 163 1538 203 :35

150 271 331 335 Coepta
350 281 526 335 quater
540 274 722 321 tenuit:
752 281 975 337 pugnant
999 281 1257 337 materque
1277 290 1528 337 sororque,

151 348 208 394 In
234 349 427 396 diversa
451 352 654 397 trahunt
679 367 830 397 unum
856 351 954 397 duo
980 351 1178 397 nomina
1202 358 1405 413 pectus:

151 424 296 487 Saepe
321 434 457 473 metu
484 427 684 474 sceleris
711 428 963 489 pallebant
987 442 1072 473 ora
1095 426 1273 481 futuri3

1435 429 1531 472 465

151 499 296 563 Saepe
318 519 461 548 suum
488 502 680 549 fervens
706 503 859 549 oculis
883 504 1035 549 dabat
1061 503 1131 549 ira
1155 504 1411 550 ruborem:

147 574 213 622 Et
238 578 383 623 modo
409 578 576 624 nescio
603 578 723 640 quid
748 578 920 625 similis
947 579 1147 625 crudele
1173 579 1379 625 minanti

148 652 328 700 Vultus
345 662 472 706 erat;
502 655 647 701 modo
665 671 814 717 quem
834 655 1053 701 misereri
1070 655 1272 701 credere
1292 671 1465 717 posses
1483 672 1493 709 ;

147 727 415 791 Quumque
440 730 571 777 ferus
596 731 822 777 lacrimas
849 730 998 777 animi
1021 732 1291 777 siccaverat
1316 731 1474 783 ardor,

147 802 532 853 Inveniebantur
557 807 771 853 lacrimae
797 813 990 853 tamen:
1032 814 1187 869 utque
1212 807 1394 862 carina,
1434 809 1531 852 470

148 879 310 934 Quam
335 890 527 937 ventus,
548 890 795 944 ventoque
821 882 949 945 rapit
973 883 1245 929 contrarius
1272 889 1440 936 aestus,

147 956 261 1002 Vim
282 958 531 1020 geminam
557 959 722 1014 sentit,
749 966 990 1021 paretque
1015 959 1203 1005 incerta
1226 958 1450 1005 duobus:

145 1032 374 1080 Thestias
397 1035 530 1081 haud
556 1035 698 1081 aliter
721 1035 885 1081 dubiis
911 1034 1171 1081 affectibus
1198 1042 1341 1089 errat,

147 1109 308 1172 Inque
327 1111 486 1158 vicem
511 1111 665 1174 ponit,
693 1112 1009 1174 positamque
1034 1111 1299 1158 resuscitat
1322 1110 1460 1157 iram.

144 1185 328 1248 Incipit
351 1202 461 1234 esse
486 1194 653 1234 tamen
675 1188 847 1234 melior
865 1203 1099 1249 germana
1123 1195 1329 1250 parente
1350 1204 1359 1234 ε

1433 1189 1529 1233 475

145 1261 225 1319 Et,
253 1265 643 1326 consanguineas
669 1272 724 1311 ut
748 1265 990 1326 sanguine
1014 1265 1168 1312 leniat
1192 1266 1410 1320 umbras,

146 1338 409 1403 Impietate
430 1341 513 1404 pia
537 1350 639 1389 est:
681 1358 794 1389 nam
820 1349 1086 1406 postquam
1111 1341 1317 1405 pestifer
1341 1341 1469 1403 ignis

146 1416 434 1474 Convaluit3
458 1424 487 1441 “
503 1417 676 1480 Rogus
693 1419 785 1465 iste
802 1426 988 1466 cremet
1002 1434 1113 1465 mea
1123 1417 1360 1473 viscera‚’'
1376 1418 1526 1464 dixit:

147 1492 318 1555 thue
343 1509 491 1540 manu
517 1494 625 1541 dira
648 1495 836 1556 lignum
861 1494 1008 1541 fatale
1034 1495 1254 1548 tenebat,

143 1568 274 1616 Ante
300 1571 601 1634 sepulcrales
626 1571 796 1618 infelix
822 1571 978 1618 astitit
1002 1587 1138 1617 aras:

187 1717 261 1748 463.
275 1717 377 1758 Coepta
393 1725 491 1750 tenere
501 1719 577 1749 alibi
590 1724 636 1750 est
645 1719 799 1761 persequi,

144 1776 205 1796 non
228 1766 395 1803 dimittere,
417 1768 448 1798 ii.
478 1769 556 1807 104;
579 1767 637 1798 hoc
661 1768 729 1799 loco
752 1769 798 1799 in-

142 1815 257 1851 hibere,
286 1826 348 1847 non
372 1817 532 1858 perficere.
577 1818 681 1847 Mater
704 1829 800 1848 soror-

142 1875 206 1904 que,
218 1864 348 1895 affectus
364 1871 523 1896 maternus
540 1871 571 1896 et
586 1866 730 1902 sororius,
747 1867 800 1907 qui

142 1913 272 1944 affectus
290 1915 357 1955 jam
381 1916 501 1944 nomina
517 1920 677 1951 vocantur,
693 1921 724 1945 et
738 1925 800 1946 ver.

141 1962 203 1992 508
218 1973 226 1999 ;
249 1974 280 1993 x.
293 1963 366 1993 346.
412 1964 544 1993 Sororem
559 1962 679 2004 adjuvit
693 1962 799 1993 odium

140 2009 172 2040 iu
196 2010 294 2040 filium
319 2016 504 2052 conceptum
532 2017 640 2041 contra
664 2017 800 2047 matrem,

139 2058 287 2090 affectum
306 2058 394 2089 illum
418 2059 603 2095 naturalem,
620 2069 681 2100 quo
698 2059 799 2090 ferun-

140 2114 189 2138 tur
226 2113 341 2138 matres
371 2108 403 2138 in
432 2108 559 2138 liberos.
606 2108 645 2138 In
669 2110 798 2144 dit-ersa,

140 2167 251 2199 nempe
264 2156 405 2187 consilia.
451 2156 563 2198 Pugna
581 2156 714 2198 primum
736 2168 796 2188 non

140 2206 199 2237 nisi
214 2206 302 2236 vultu
322 2217 354 2236 se
375 2205 489 2247 prodit.
535 2208 642 2241 Simon,
660 2206 712 2236 irae
729 2217 797 2248 pro-

141 2255 255 2297 prium.
301 2254 454 2285 Iratorum
484 2254 566 2285 enim
595 2256 675 2285 oculi
698 2256 799 2286 solent

142 2304 262 2339 ardere,
277 2309 309 2333 et
325 2314 387 2344 prae
405 2303 512 2333 ardore
528 2305 690 2333 rubescere.

182 2354 255 2383 471.
271 2352 528 2391 AEstus-errat,]
552 2353 672 2388 AEstus‚
688 2352 801 2382 fluctus

141 2401 285 2432 commoti
301 2402 394 2432 maris
408 2414 414 2431 :
440 2401 505 2431 ΙΙΙ.
521 2401 613 2431 Trist.
626 2401 658 2431 ii.
673 2403 722 2432 15.
732 2412 800 2431 vcen—

140 2451 177 2480 tis
192 2451 450 2489 dubiusjactabar
464 2456 493 2480 et
507 2451 607 2479 undis.
640 2449 691 2480 Sic
707 2451 799 2480 <lubia

141 2501 236 2535 navis,
262 2498 330 2529 Art.
353 2498 458 2529 Amat.
480 2498 512 2528 ii.
538 2498 611 2528 514.
656 2497 716 2527 Sed
741 2497 798 2528 hoc

139 2548 207 2578 loco
227 2549 311 2578 dubii
326 2547 451 2589 affectus
466 2554 537 2578 sunt
553 2546 708 2582 contrarii,
719 2546 799 2576 inter

140 2607 217 2637 quos
242 2597 310 2638 ipsa
336 2597 432 2627 dubia
461 2596 643 2627 fluctuabat.
695 2595 798 2625 Etiam

139 2655 240 2675 errare
251 2656 268 2676 a
279 2645 477 2686 navigatione
490 2645 632 2687 petitum,
645 2644 699 2675 ubi
711 2644 799 2674 navis

140 2700 234 2729 errat,
257 2704 327 2735 quae
352 2694 413 2725 huc
437 2694 513 2724 illuc
538 2693 684 2735 agitatur.
734 2693 799 2723 Vim

1432 1571 1530 1615 480

866 1721 1014 1760 geminam
1024 1730 1034 1755 ,-
1051 1718 1209 1759 duplicem
1219 1716 1395 1747 violentiam
1406 1720 1437 1746 et
1447 1715 1529 1746 venti

867 1773 898 1798 et
914 1773 1007 1797 aestus
1022 1767 1125 1797 maris.

911 1816 985 1846 476.
1008 1816 1164 1856 Sanguine
1189 1813 1350 1844 noxiorum
1372 1812 1529 1854 parentari

867 1864 1100 1895 interfectorum
1122 1862 1238 1893 umbris
1258 1861 1453 1892 credebatur.
1498 1860 1529 1890 Si

868 1919 972 1944 autem
986 1913 1086 1944 verbis
1096 1912 1331 1952 consanguineus
1341 1915 1371 1941 et
1383 1912 1530 1950 sanguiue

867 1962 973 1993 ludere
995 1961 1101 1997 voluit,
1118 1960 1254 2001 ineptiit.
1301 1959 1457 1998 Impietate
1478 1960 1529 1998 pia

868 2018 920 2042 est.
965 2012 1034 2041 Hoc
1050 2020 1197 2050 oxymoro
1212 2008 1386 2039 delectatur
1397 2008 1530 2038 Noster:

868 2059 914 2089 iii.
931 2061 970 2098 53
994 2059 1046 2089 vii.
1062 2059 1137 2088 339.
1186 2057 1394 2087 Convalescere
1415 2055 1529 2085 dicitur

867 2107 959 2148 ignis,
975 2117 1071 2148 quum
1095 2106 1313 2136 alimentorum
1335 2111 1382 2134 sat
1402 2103 1528 2145 accipit.

870 2157 972 2197 Bogus
998 2155 1132 2196 graviter
1157 2160 1187 2184 et
1214 2153 1375 2184 commode
1400 2159 1529 2183 vocatur

865 2205 920 2235 illa
935 2205 1088 2245 lignorum
1109 2209 1220 2238 strues,
1240 2212 1309 2243 quae
1332 2211 1402 2232 cum
1423 2201 1527 2243 stipite

866 2253 959 2284 etiam
976 2252 1073 2283 filium
1088 2252 1248 2293 perditura
1264 2256 1294 2280 et
1305 2249 1394 2291 quasi
1410 2260 1528 2280 crema-

868 2310 937 2333 tura
960 2308 1037 2332 erat.
1085 2301 1200 2331 Cremet
1224 2312 1288 2330 mea
1311 2301 1443 2335 viscera;
1469 2310 1527 2330 vox

869 2361 996 2381 summae
1013 2351 1078 2385 irae,
1096 2360 1166 2390 quae
1191 2359 1228 2379 ne
1249 2347 1435 2388 cogitatione
1459 2348 1528 2387 qui-

870 2399 941 2429 dem
956 2398 1077 2433 furoris,
1096 2407 1157 2438 quo
1175 2397 1206 2426 in
1225 2406 1281 2426 sua
1298 2395 1395 2436 ipsius
1410 2395 1528 2425 viscera

867 2447 1027 2482 saeviebat,
1040 2444 1174 2476 coerceri
1185 2444 1296 2486 potuit.
1324 2444 1440 2474 Viscera
1453 2454 1527 2479 mea,

865 2497 962 2527 filium
979 2505 1092 2525 meum.
1117 2494 1197 2524 Vide
1215 2492 1255 2522 ad
1271 2504 1299 2523 v.
1319 2493 1369 2523 18.

910 2546 982 2575 480.
1002 2546 1081 2574 Ante
1090 2543 1280 2582 sepulcrales,
1291 2541 1368 2581 etc.]
1396 2541 1528 2571 Inferias

867 2594 957 2636 quasi
978 2598 1068 2634 parat
1083 2590 1237 2622 fratribus,
1282 2591 1363 2620 Eum
1382 2589 1414 2619 in
1435 2589 1527 2619 finem

867 2643 944 2673 alias
958 2652 1017 2672 urae
1033 2640 1174 2672 solebant
1189 2638 1264 2670 strui
1280 2637 1313 2668 in
1327 2638 1480 2678 sepulcris,
1496 2638 1528 2668 in

866 2691 966 2732 iisque
992 2700 1083 2721 sacra
1107 2687 1184 2724 fieri,
1209 2687 1360 2718 Manibus
1386 2685 1531 2717 excitatis
