1779 3130
204 170 288 209 244
596 168 645 207 Ρ.
679 166 890 207 OVIDII
925 166 1203 209 NASONIS

211 282 413 328 Somnia
436 280 655 335 dimovit,
682 281 832 327 vestis
859 280 1046 342 fulgore
1071 280 1255 328 reluxit

211 358 362 404 Sacra
387 357 591 410 domus;
620 357 861 419 tardaque
888 356 1027 404 Deus
1052 357 1292 418 gravitate
1311 357 1536 419 jacentes

207 433 305 479 Vix
330 433 499 480 oculos
518 433 715 487 tollens,
733 432 1012 496 iterumque
1036 433 1315 495 iterumque
1341 433 1586 486 relabens,

210 509 517 572 Summaque
543 509 824 573 percutiens
850 510 1042 556 nutanti
1062 516 1266 573 pectora
1289 516 1471 565 mento,
1490 512 1587 555 620

208 584 447 632 Excussit
467 586 670 632 tandem
692 585 785 632 sibi
811 601 892 642 se;
933 586 1202 648 cubitoque
1227 586 1435 640 levatus,

207 661 340 714 Quid
356 661 536 717 veniat,
555 662 792 723 cognOrat
807 661 954 714 enim,
973 662 1200 719 scitatur3
1228 669 1278 708 at
1292 662 1401 708 illa:
1428 662 1582 722 [rum;

206 743 237 760 ‘⁶
263 738 466 794 Somne,
484 738 627 801 quies
647 753 836 794 reru1n3
861 738 1212 800 placidissime,
1234 738 1434 792 Somne,
1453 736 1584 783 Deo-

204 813 314 860 Pax
341 815 505 870 animi,
534 830 683 877 quem
708 830 826 861 cura
850 814 1003 875 fugit3
1035 814 1119 876 qui
1146 814 1295 861 corda
1318 813 1506 860 diurnis

204 889 358 937 Fessa
382 891 665 937 ministeriis
692 891 897 945 mulces,
925 906 1226 953 reparasque
1250 889 1432 946 labori;
1488 891 1584 936 625

204 965 423 1021 Somnia,
452 982 564 1029 quae
589 982 728 1013 veras
755 973 956 1028 aequent
980 966 1250 1013 imitamine
1274 965 1471 1020 formas,

204 1041 452 1090 Herculea
470 1044 713 1091 Trachine
733 1044 870 1106 jube,
895 1044 987 1090 sub
1014 1043 1228 1105 imagine
1256 1043 1384 1104 regis

204 1117 497 1182 Halcyonen
524 1121 720 1175 adeant,
739 1120 1102 1183 simulacraque
1121 1120 1358 1183 naufraga
1377 1120 1582 1182 fingant.

203 1194 425 1259 Imperat
449 1198 541 1244 hoc
566 1197 596 1243 J
602 1198 749 1244 uno.''
786 1198 1062 1261 Postquam
1089 1197 1324 1244 mandata
1347 1196 1539 1260 peregit

202 1270 312 1328 Iris,
331 1274 434 1320 abit
451 1292 460 1330 ;
491 1290 654 1337 neque
671 1275 801 1320 enim
818 1275 1024 1321 ulterius
1045 1275 1252 1320 tolerare
1268 1272 1460 1336 vaporis
1486 1275 1583 1318 630

201 1347 314 1395 Vim
336 1357 554 1412 poterat3
596 1351 795 1413 labique
822 1358 875 1396 ut
902 1350 1143 1396 Somnum
1170 1350 1324 1397 sensit
1350 1349 1398 1395 in
1425 1354 1577 1402 artus,

202 1423 405 1488 Effugit,
434 1435 482 1473 et
507 1435 692 1474 remeat
718 1443 805 1490 per
829 1443 954 1490 quos
980 1428 1127 1474 modo
1152 1434 1352 1474 venerat
1376 1441 1537 1472 arcus.

266 1502 332 1548 At
357 1510 497 1565 pater
522 1519 547 1549 e
574 1504 758 1567 populo
784 1511 1006 1550 natorum
1035 1504 1167 1550 mille
1194 1519 1392 1550 suorum

199 1624 292 1654 tidem
324 1624 468 1655 voluisse.
514 1625 669 1661 Quoniam
699 1626 856 1666 expergis<

200 1680 306 1703 centes
326 1685 455 1703 somnum
477 1682 613 1705 excutere
628 1674 684 1704 sibi
701 1674 856 1710 dicuntur,

200 1732 260 1752 non
282 1723 382 1763 potuit
398 1723 510 1753 Noster
526 1723 564 1753 ab
584 1721 707 1763 ingenio
728 1733 783 1752 suo
799 1723 856 1753 im-

201 1777 333 1812 petrare,
349 1771 423 1812 quin
448 1771 585 1807 adderet,
601 1773 723 1801 cuc-ussit
744 1773 798 1801 sihi
817 1783 855 1807 se,

198 1821 262 1851 sere
285 1826 318 1851 ut
335 1820 396 1850 viii.
412 1821 485 1851 819.
500 1820 539 1851 de
559 1821 665 1855 Fame,
683 1821 775 1860 Seque
794 1823 857 1851 viro

200 1872 338 1909 inspirat.
386 1869 496 1910 Neque
514 1880 583 1899 vero
603 1869 712 1909 surgit,
730 1869 783 1900 scd
804 1882 856 1900 ειι-

200 1920 258 1948 bito
277 1924 396 1948 tantum
420 1920 537 1948 levatur
553 1919 640 1948 Deus
659 1929 774 1949 sommo
797 1925 857 1949 tar-

200 1967 270 2002 dus,
293 1966 364 1996 hinc
382 1976 442 1997 ver.
462 1967 537 1996 649.
554 1973 642 2005 caput
667 1967 765 1996 solum
790 1969 855 1997 lun-

199 2028 292 2057 guoiv
307 2018 433 2045 solutum
450 2018 581 2054 deponit.

243 2066 318 2095 623.
334 2065 447 2100 Smnue,
461 2066 541 2104 quies
557 2076 665 2100 rerum,
676 2066 751 2105 etc.]
765 2067 855 2096 Cous.

199 2124 269 2145 cum
294 2114 350 2144 hac
370 2113 607 2154 compellatione
624 2114 778 2155 Orpheus,
796 2115 854 2145 Ar-

199 2173 272 2203 gon.
291 2164 370 2192 1002
392 2173 479 2202 seqq.
499 2167 530 2192 et
551 2162 634 2202 hym.
651 2164 712 2200 84;
735 2164 855 2194 Seneca

198 2213 293 2242 Herc.
311 2211 378 2241 Fur.
400 2211 489 2241 1065.
533 2211 593 2241 Sed
614 2211 670 2241 hoc
691 2211 757 2241 loco
778 2223 853 2252 pau-

199 2260 331 2291 cioribus
346 2261 447 2290 verbis
461 2260 587 2300 defungi
607 2260 755 2301 potuisset
770 2260 853 2291 sesti-

198 2320 276 2341 nans
301 2309 369 2340 Iris.
414 2310 506 2340 Cous.
529 2309 631 2345 Silius,
649 2321 678 2340 x.
702 2311 764 2340 342
785 2321 853 2352 sqq.

200 2360 261 2393 Qut
284 2360 384 2394 corda,
400 2363 462 2388 etc.
492 2357 633 2388 Eandem
657 2358 720 2388 vim
743 2358 852 2389 iisdem

197 2408 298 2438 verbis
309 2418 402 2449 supra
417 2407 572 2438 alimentis
588 2407 709 2443 tribuit,
723 2407 764 2437 iv.
776 2409 851 2438 215.

241 2457 313 2488 627.
350 2457 502 2486 Herculea
537 2456 712 2496 Trachina]
750 2457 852 2497 Vulgo

198 2506 379 2535 Herculeam
416 2505 578 2535 Trachina.
631 2507 741 2536 Μοηεῑ
772 2507 851 2536 Bur-

198 2565 329 2584 mannus
345 2554 493 2585 accidisse
511 2554 589 2584 hauc
607 2565 668 2584 rem
686 2561 757 2585 ante
772 2555 852 2585 Her-

197 2602 275 2633 culis
298 2603 427 2638 obitum,
445 2614 462 2633 a
484 2614 546 2644 quo
566 2603 699 2633 Trachin
725 2603 850 2633 demum

199 2652 349 2682 Herculrn
380 2651 463 2682 dicta
492 2653 541 2683 sit.
587 2653 697 2693 Itaque
725 2652 851 2683 licentia

197 2706 356 2741 poetarum
386 2712 450 2732 csse
484 2702 630 2731 Nostrum
669 2712 766 2736 usum,
798 2701 849 2741 qui

924 1625 1064 1666 epitheta
1094 1625 1186 1656 etiam
1214 1625 1377 1666 imponunt
1404 1634 1422 1654 a
1445 1623 1583 1665 personis

926 1674 972 1704 vel
989 1674 1080 1704 rebus
1096 1674 1272 1714 posterioris
1287 1674 1356 1704 aevi.

967 1724 1042 1753 630.
1072 1723 1204 1762 Vaporz's,
1228 1723 1330 1763 qualis
1354 1723 1432 1752 solet
1457 1732 1524 1752 esse
1549 1721 1580 1752 iu

924 1771 1119 1807 dormitoriis,
1136 1772 1240 1802 Somni
1259 1771 1291 1802 in
1313 1771 1428 1813 primis.
1464 1771 1582 1801 Statius

923 1820 1022 1851 Theb.
1041 1832 1070 1851 x.
1089 1822 1160 1851 108.
1184 1821 1213 1850 in
1234 1820 1339 1851 Somni
1364 1820 1581 1862 descriptione,

923 1881 1042 1909 corpore
1061 1872 1148 1911 pigro
1174 1871 1277 1900 Strata
1306 1872 1414 1905 calent,
1434 1881 1581 1909 supraque

925 1926 1021 1948 torum
1052 1921 1137 1960 niger
1159 1920 1240 1960 efflat
1261 1921 1367 1950 anhelo
1395 1920 1454 1949 Ore
1478 1930 1579 1957 vapor.

924 1969 1019 1998 Sentit
1041 1979 1192 2003 somnum,
1208 1974 1243 1998 ut
1258 1968 1323 1998 viii.
1341 1969 1414 1998 812.
1430 1967 1580 2009 Nympha

923 2017 1049 2048 samem.

966 2067 1040 2097 633.
1056 2068 1097 2096 At
1111 2074 1197 2106 pater
1212 2078 1226 2096 e
1240 2068 1355 2105 populo,
1372 2066 1449 2105 eta]
1478 2066 1579 2095 LOCUS

923 2115 1070 2146 classicus
1096 2116 1134 2146 de
1162 2114 1314 2146 Somniis:
1346 2117 1470 2155 populus
1493 2121 1577 2145 naco-

923 2175 999 2198 rum,
1033 2171 1067 2194 ut
1098 2165 1137 2195 vi.
1168 2166 1238 2195 198.
1267 2164 1306 2194 de
1342 2163 1577 2205 quatuordecim

921 2212 1040 2243 Niobes
1068 2213 1196 2251 1iberis;
1228 2213 1387 2254 Virgilius,
1413 2214 1528 2253 Georg.
1553 2213 1576 2243 i.

921 2262 994 2291 382.
1009 2264 1152 2292 eim-citus
1166 2274 1318 2292 curtorum
1332 2274 1341 2298 ς
1358 2262 1488 2298 I'liniUS,
1504 2272 1577 2303 pan.

921 2311 973 2340 23.
996 2313 1122 2350 populus
1150 2314 1390 2347 occu1·smztium;
1420 2311 1499 2341 infra
1523 2311 1576 2342 xii.

921 2361 992 2389 499.
1019 2362 1146 2399 populus
1171 2372 1347 2399 superamur
1372 2363 1408 2391 ab
1432 2372 1502 2391 ww.
1548 2362 1574 2391 E

920 2407 1010 2448 plebe
1047 2408 1207 2440 innumera
1244 2410 1429 2440 somniorum
1467 2415 1577 2440 evocat

919 2457 1084 2498 Morphea,
1110 2458 1163 2498 qui
1201 2458 1383 2499 p1*i1nipiluS‚
1420 2458 1574 2494 tribunus,

919 2515 975 2536 ceu
999 2506 1061 2536 dux
1087 2507 1283 2543 somniorum,
1309 2517 1377 2548 quae
1408 2507 1574 2536 humanam

919 2553 1046 2584 formam
1075 2565 1297 2596 personamque
1325 2556 1474 2586 sustinere
1504 2566 1574 2597 pos-

920 2609 1001 2633 sunt.
1058 2605 1189 2639 Eicitur,
1222 2605 1349 2645 jacebat
1385 2605 1478 2640 enim,
1507 2615 1572 2635 ver.

919 2653 993 2682 614.
1040 2653 1192 2692 Artificem
1210 2653 1239 2683 in
1257 2653 1438 2683 simulandis
1452 2654 1570 2694 figuris.

919 2702 946 2730 A
964 2701 1073 2741 figura,
1092 2703 1207 2742 μορφῇ,
1222 2702 1324 2732 dietus
1338 2702 1507 2741 Min-phem.
