1779 3130
210 195 294 236 :³:22
597 192 646 231 P.
681 189 893 232 OVIDII
931 189 1207 237 NASONIS

213 307 366 354 Arina
390 312 566 367 negate
592 304 709 351 mihi
735 323 746 361 ;
785 304 1033 366 fueritque
1059 303 1316 365 benignior
1337 302 1465 365 Ajax
1487 304 1496 348 !

215 383 347 436 Quid
375 381 515 444 Lycii
541 381 748 428 referam
777 380 1080 443 Sarpedonis
1105 379 1305 441 agmina
1327 379 1454 427 ferro
1500 381 1597 425 255

217 459 492 505 Devastata
516 473 626 504 meo
647 458 664 503 ἲ
701 473 814 504 cum
839 458 998 503 multo
1024 457 1263 519 sanguine
1289 456 1392 503 fudi

218 534 465 581 Coeranon
486 533 816 597 Hippasiden‚
829 533 1175 595 Alastoraque,
1192 533 1599 594 Chromiumque,

216 610 639 673 Alcandrumque,
669 609 990 671 Haliumque,
1021 609 1399 672 Noemonaque,
1423 609 1600 671 Pryta-

416 687 616 749 ninque,
1504 688 1600 731 258

218 763 490 825 Exitioque
515 764 630 811 dedi
656 779 769 810 cum
797 762 1211 809 Chersidamante
1236 762 1457 817 Thoona,

220 839 287 886 Et
304 839 584 902 Charopen,
603 839 819 901 fatisque
834 838 1104 884 immitibus
1127 837 1388 884 Ennomon
1408 845 1573 884 actum
1590 856 1599 891 ;

221 915 421 977 Quique
446 917 610 962 minus
634 917 857 962 celebres
883 922 1050 961 nostra
1075 916 1168 961 sub
1194 916 1438 961 moenibus
1468 913 1602 960 urbis

220 991 539 1039 Procubuere
566 1008 712 1038 manu
734 1009 743 1039 ε
785 998 900 1037 sunt
925 998 975 1037 et
999 990 1117 1036 mihi
1141 992 1359 1047 vulnera,
1387 991 1535 1044 cives,

222 1067 339 1130 Ipso
363 1069 570 1130 pulchra
595 1069 732 1115 loco:
774 1083 864 1114 nec
890 1067 1027 1114 vanis
1052 1068 1240 1115 credite
1264 1067 1427 1114 verbis
1449 1084 1459 1113 :

220 1212 376 1251 benignior
391 1212 469 1249 Aja1=
484 1211 663 1242 laborarunt
678 1211 860 1252 interpretes
874 1224 880 1248 3

222 1258 371 1288 Heinsius
385 1260 421 1290 τὸ
435 1261 590 1300 benignior
603 1259 727 1301 passive
741 1261 882 1290 sumebat

223 1316 278 1348 pro
304 1317 352 1342 eo,
380 1307 433 1348 qui
456 1308 592 1349 benigne
623 1309 766 1344 habetur,
795 1308 884 1349 cujus

222 1361 326 1386 tamen
364 1356 598 1396 significationis
635 1357 813 1398 exemplum
853 1368 884 1387 se

224 1404 366 1445 ignorare
392 1405 556 1436 fatebatur.
602 1407 801 1436 Burmannus
832 1417 884 1436 ex-

224 1453 333 1494 plicat,
357 1453 454 1494 magis
485 1454 654 1496 popularis,
679 1454 825 1490 blandus,
852 1460 886 1486 ut

226 1501 304 1531 adeo
320 1502 458 1532 obtineat
481 1513 550 1543 quae
572 1502 657 1532 velit.
703 1503 794 1532 MSS.
817 1503 885 1543 qui-

227 1549 311 1585 dam,
337 1553 406 1591 quia
431 1556 483 1581 aut
511 1563 622 1591 (litoque
646 1553 777 1592 dignior,
803 1552 886 1582 unde

228 1598 377 1629 Heinsius
407 1599 531 1641 conjicit
548 1601 654 1640 snei-it
683 1601 726 1629 his
755 1603 886 1642 dignior,

227 1653 292 1683 aut,
311 1649 473 1688 tnleritque
494 1660 527 1678 ea
551 1650 689 1689 dignior:
713 1649 798 1690 prius
821 1650 887 1691 pla-

227 1698 319 1727 cebat
335 1697 428 1728 etiam
444 1697 592 1739 Capofer.
622 1700 766 1729 Muretus
782 1709 887 1729 ernen-

229 1745 327 1775 dabat
354 1747 441 1787 ιῙὲναλ
484 1748 542 1777 herc
573 1754 609 1777 ut
638 1750 760 1789 dignior
796 1750 887 1788 Ajai.

229 1795 430 1836 Koeppenius
438 1806 492 1837 pro
504 1797 582 1834 Ajar
593 1796 744 1827 suadebat
754 1797 866 1827 Hector
879 1810 888 1833 ,-

229 1843 344 1884 quippe
367 1843 421 1885 qui
448 1844 563 1874 Doloni
592 1845 773 1886 promiserat
792 1856 889 1886 equos

230 1892 377 1922 Achillis.
418 1893 524 1924 Codex
546 1894 627 1934 Reg.
651 1894 679 1923 A
703 1894 888 1935 datsuerit-

230 1953 285 1980 qne
309 1943 463 1983 benignior
482 1944 559 1982 Ajar
575 1955 582 1978 ,·
603 1943 699 1973 codex
717 1944 744 1972 B
769 1945 888 1973 tulerit-

230 2001 285 2029 qne
300 1991 454 2031 benignior
475 1993 562 2029 Ajar.
608 1991 679 2021 Non
701 1991 821 2031 ingrata
844 1999 891 2022 est

232 2038 410 2068 emendatio
441 2039 578 2076 Mureti3
624 2039 679 2069 sed
714 2039 890 2081 Koepponii

233 2086 412 2127 conjectura
428 2087 519 2128 plane
535 2094 580 2118 est
598 2087 779 2129 rejicienda.

275 2136 348 2166 255.
372 2136 535 2175 Sarpedon,
560 2137 648 2168 Jovis
671 2137 762 2173 filius,
786 2138 891 2178 Lyciis

231 2189 375 2225 praeerat.
420 2184 452 2215 Is
474 2195 582 2225 quum,
606 2184 779 2227 Tlepolemi
801 2185 890 2216 hasta

232 2232 426 2269 vulneratus,
441 2233 543 2264 elatus
560 2240 642 2264 esset
662 2244 680 2264 a
695 2234 758 2265 suis
777 2244 793 2264 e
813 2245 890 2276 prae-

233 2280 288 2317 lio,
322 2282 451 2323 Ulysses
480 2285 602 2323 agmina
630 2283 697 2324 ejus
727 2285 893 2314 devastavit

224 2329 326 2370 ferro,
350 2330 455 2372 plures
474 2341 491 2361 e
518 2331 609 2362 sociis
637 2331 704 2373 ejus
729 2331 893 2369 interfecit,

235 2388 366 2418 quorum
383 2380 508 2410 nomina
521 2379 572 2410 hic
585 2390 623 2410 ex
640 2380 787 2416 Homero,
805 2380 845 2411 Il.
858 2385 893 2413 E.

235 2428 298 2458 677
327 2438 396 2470 sqq.
425 2435 636 2460 recensentur.
681 2431 811 2471 Agmina
845 2432 895 2461 de-

236 2484 353 2507 vastare
390 2477 463 2508 felix
492 2478 608 2508 locutio
642 2478 683 2508 ad
719 2479 895 2520 augendam

236 2524 360 2556 cladem
397 2526 584 2568 Sarpedonis
628 2528 719 2559 sociis
763 2528 895 2559 illatam.

238 2573 333 2614 Apud
355 2575 457 2606 Cicer.
474 2575 537 2606 Pis.
553 2577 606 2607 33.
624 2579 789 2608 vastitatem
805 2577 895 2618 effic-ic

238 2623 372 2658 morbus,
388 2633 425 2653 ex
439 2634 501 2664 quo
516 2624 605 2655 multi
621 2625 802 2656 moriuntur.
834 2626 894 2657 Pro

228 2670 320 2710 feri-o
343 2671 534 2704 Francofurt.
555 2673 650 2703 habet
675 2674 786 2710 Marte,
811 2675 894 2716 quod

239 2719 362 2758 gravius
386 2721 491 2751 altero.
539 2721 722 2761 Hippasiden
753 2723 893 2764 legerunt

947 1210 1162 1251 Mariangelus
1198 1216 1229 1241 et
1258 1210 1421 1240 Constant.
1446 1209 1606 1243 Fanensis,

947 1266 981 1291 ut
1001 1260 1193 1300 intelligatur
1217 1261 1326 1293 Socus,
1350 1257 1485 1299 Hippasi
1514 1256 1606 1291 filius,

950 1309 988 1339 ab
1011 1309 1123 1349 L'lysse
1147 1308 1339 1342 interfectus,
1364 1313 1396 1337 ut
1417 1312 1556 1337 narratur
1577 1305 1607 1335 in

951 1357 989 1388 ll.
1001 1358 1079 1388 libro
1091 1357 1275 1388 undecimo:
1293 1356 1396 1397 vulgo,
1411 1356 1484 1386 etin
1498 1354 1608 1395 Regiis

950 1407 1082 1442 duobus,
1097 1406 1210 1447 legitur
1232 1405 1396 1445 Iphitiden.
1440 1405 1490 1434 De
1513 1404 1606 1433 Cher-

953 1458 1128 1490 sidamante,
1160 1455 1274 1485 leoone
1308 1459 1339 1484 et
1375 1453 1503 1494 reliquis
1539 1452 1609 1483 vide

954 1505 993 1534 Il.
1012 1508 1050 1534 A.
1067 1504 1140 1533 422.

996 1554 1070 1583 263.
1109 1552 1253 1586 Pulchra,
1283 1551 1425 1586 honesta,
1456 1552 1516 1590 ipso
1541 1552 1611 1585 Ioco,

955 1602 1070 1643 quippe
1091 1612 1215 1642 corpore
1235 1600 1363 1631 adverso
1383 1606 1522 1640 accepta,
1542 1610 1612 1640 quae

955 1652 1021 1682 sola
1035 1649 1219 1682 laudabilia.
1256 1650 1374 1680 Contra
1389 1650 1513 1679 vulnera
1529 1650 1612 1679 inho-

957 1707 1037 1731 nesta
1062 1700 1095 1730 in
1121 1705 1227 1739 terg03
1260 1699 1343 1728 Fast.
1371 1697 1404 1728 ii.
1431 1699 1507 1728 211.
1554 1697 1614 1728 Illa

955 1750 1121 1780 bellatores
1145 1747 1356 1789 periclitantes
1377 1746 1536 1788 judicibus
1558 1757 1612 1788 po-

955 1799 1069 1840 pulove
1095 1797 1257 1828 ostendere
1283 1797 1423 1827 solebant
1448 1801 1534 1826 veste
1559 1796 1613 1826 de-

957 1853 1056 1878 tracta
1086 1854 1140 1878 aut
1168 1846 1272 1881 scissa,
1302 1856 1415 1886 magno
1443 1845 1615 1886 plerunque

957 1907 1012 1927 suo
1022 1897 1113 1930 bono,
1128 1902 1160 1926 ut
1172 1895 1219 1925 M.
1230 1894 1371 1924 Manlius
1381 1893 1465 1935 apud
1478 1893 1613 1930 Livium,

957 1945 998 1976 vi.
1015 1945 1077 1982 203
1101 1945 1151 1974 M.
1174 1943 1333 1984 Aquilius,
1358 1943 1447 1983 cujus
1466 1948 1613 1984 patronus

958 2005 1016 2023 non
1052 1994 1194 2023 orationis
1232 1993 1336 2022 habuit
1362 1992 1524 2031 fiduciam,
1565 1994 1615 2022 sed

957 2043 1050 2072 oculis
1084 2042 1184 2081 populi
1224 2041 1351 2071 Romani
1388 2043 1444 2070 vim
1483 2042 1614 2077 attnIit;

958 2090 1094 2127 Quintil.
1110 2090 1189 2120 Inst.
1206 2089 1238 2120 ii.
1256 2091 1304 2120 15.
1342 2089 1455 2119 Confer
1471 2088 1540 2119 Cic.
1556 2090 1613 2120 Or.

958 2140 992 2170 ii.
1023 2142 1075 2170 28.
1120 2139 1208 2169 Idem
1230 2137 1478 2179 periclitantibus
1505 2138 1616 2170 suadet

959 2188 1185 2225 Quintilianus,
1211 2187 1290 2218 Inst.
1311 2187 1350 2217 vi.
1376 2188 1405 2217 1.
1451 2187 1563 2228 Itaque
1585 2193 1615 2218 et

958 2237 1088 2278 Ulysses
1117 2236 1243 2267 efficaee
1265 2235 1323 2266 hoc
1350 2235 1479 2266 artificio
1504 2236 1615 2267 utitur.

963 2286 1063 2322 Vanis,
1079 2296 1148 2327 quae
1161 2295 1241 2315 vana
1255 2295 1321 2315 esse
1336 2290 1475 2326 possunt,
1487 2292 1518 2315 et
1533 2295 1616 2327 saepe

960 2341 1041 2365 sunt.
1086 2335 1164 2364 Mox
1191 2333 1353 2364 dubitatur
1375 2339 1476 2364 utrum
1498 2335 1615 2365 diducit

959 2383 1128 2425 legendum
1156 2384 1206 2418 sit,
1236 2393 1275 2413 an
1303 2384 1443 2413 dedunt.-
1476 2384 1618 2414 diducere

961 2439 1076 2468 vestem,
1105 2442 1175 2462 eam
1203 2431 1235 2462 in
1264 2431 1400 2462 diversas
1426 2438 1531 2473 partes
1557 2437 1617 2462 tra-

962 2481 1045 2516 here,
1062 2491 1134 2511 nam
1152 2481 1294 2510 diducere
1313 2480 1540 2521 separationem
1564 2492 1616 2512 no-

960 2535 1027 2568 tat3
1049 2531 1205 2564 deducere,
1233 2539 1305 2559 eam
1327 2539 1345 2559 a
1370 2529 1525 2570 superiore
1551 2541 1619 2561 cor-

960 2579 1040 2619 poris
1076 2585 1163 2620 parte
1192 2577 1365 2613 detrahere,
1396 2584 1431 2608 ut
1466 2578 1512 2609 iii.
1543 2579 1618 2610 480.

958 2627 1079 2657 Tunica
1099 2626 1225 2667 quidem
1249 2626 1429 2657 Graecorum
1447 2632 1478 2657 et
1498 2627 1615 2658 Roma-

960 2686 1067 2706 norum
1092 2675 1141 2705 vix
1165 2676 1268 2705 diduci
1292 2675 1404 2716 potuit,
1428 2675 1486 2706 nisi
1509 2675 1617 2706 scissa.

960 2724 1042 2754 Hinc
1059 2734 1114 2754 nos
1127 2725 1247 2754 deducit
1263 2724 1486 2755 revocavimus.
1522 2725 1615 2754 Erer-
