<?xml version="1.0" encoding="UTF-8"?>
<!DOCTYPE html PUBLIC "-//W3C//DTD XHTML 1.0 Transitional//EN"
    "http://www.w3.org/TR/xhtml1/DTD/xhtml1-transitional.dtd">
<html xmlns="http://www.w3.org/1999/xhtml" xml:lang="en" lang="en">
 <head>
  <title>
</title>
<meta http-equiv="Content-Type" content="text/html;charset=utf-8" />
  <meta name='ocr-system' content='tesseract 3.04.00' />
  <meta name='ocr-capabilities' content='ocr_page ocr_carea ocr_par ocr_line ocrx_word'/>
</head>
<body>
  <div class='ocr_page' id='page_1' title='image "./povidiinasonisop04oviduoft_0254.png"; bbox 0 0 1779 3130; ppageno 0'>
   <div class='ocr_carea' id='block_1_1' title="bbox 201 172 284 233">
    <p class='ocr_par' dir='ltr' id='par_1_1' title="bbox 201 172 284 233">
     <span class='ocr_line' id='line_1_1' title="bbox 201 172 284 233; baseline 0 -21"><span class='ocrx_word' id='word_1_1' title='bbox 201 172 284 233; x_wconf 66' lang='lat'>242</span> 
     </span>
    </p>
   </div>
   <div class='ocr_carea' id='block_1_2' title="bbox 588 170 1193 213">
    <p class='ocr_par' dir='ltr' id='par_1_2' title="bbox 588 170 1193 213">
     <span class='ocr_line' id='line_1_2' title="bbox 588 170 1193 213; baseline 0.002 -2"><span class='ocrx_word' id='word_1_2' title='bbox 588 171 636 211; x_wconf 91' lang='lat' dir='ltr'>P.</span> <span class='ocrx_word' id='word_1_3' title='bbox 673 171 781 211; x_wconf 90' lang='lat' dir='ltr'>OVI</span> <span class='ocrx_word' id='word_1_4' title='bbox 791 170 883 212; x_wconf 92' lang='lat' dir='ltr'>DII</span> <span class='ocrx_word' id='word_1_5' title='bbox 918 170 1193 213; x_wconf 89' lang='lat' dir='ltr'>NASONIS</span> 
     </span>
    </p>
   </div>
   <div class='ocr_carea' id='block_1_3' title="bbox 206 284 1588 728">
    <p class='ocr_par' dir='ltr' id='par_1_3' title="bbox 207 284 1455 423">
     <span class='ocr_line' id='line_1_3' title="bbox 207 284 1455 349; baseline -0.001 -17"><span class='ocrx_word' id='word_1_6' title='bbox 207 285 395 332; x_wconf 84' lang='lat' dir='ltr'>Evocat</span> <span class='ocrx_word' id='word_1_7' title='bbox 421 284 661 331; x_wconf 85' lang='lat' dir='ltr'>Auroram</span> <span class='ocrx_word' id='word_1_8' title='bbox 683 303 693 341; x_wconf 83' lang='lat'>3</span> <span class='ocrx_word' id='word_1_9' title='bbox 736 300 826 332; x_wconf 90' lang='lat' dir='ltr'>nec</span> <span class='ocrx_word' id='word_1_10' title='bbox 852 301 974 332; x_wconf 89' lang='lat' dir='ltr'>voce</span> <span class='ocrx_word' id='word_1_11' title='bbox 1000 286 1195 332; x_wconf 86' lang='lat' dir='ltr'>silentia</span> <span class='ocrx_word' id='word_1_12' title='bbox 1220 293 1455 349; x_wconf 88' lang='lat' dir='ltr'>rumpunt</span> 
     </span>
     <span class='ocr_line' id='line_1_4' title="bbox 208 360 1401 423; baseline 0.001 -17"><span class='ocrx_word' id='word_1_13' title='bbox 208 361 479 407; x_wconf 87' lang='lat' dir='ltr'>Sollicitive</span> <span class='ocrx_word' id='word_1_14' title='bbox 505 376 671 415; x_wconf 86' lang='lat' dir='ltr'>canes,</span> <span class='ocrx_word' id='word_1_15' title='bbox 699 360 966 408; x_wconf 80' lang='lat' dir='ltr'>canibusve</span> <span class='ocrx_word' id='word_1_16' title='bbox 992 361 1215 423; x_wconf 79' lang='lat' dir='ltr'>sagacior</span> <span class='ocrx_word' id='word_1_17' title='bbox 1241 376 1401 407; x_wconf 83' lang='lat' dir='ltr'><strong>anser.</strong></span> 
     </span>
    </p>

    <p class='ocr_par' dir='ltr' id='par_1_4' title="bbox 206 437 1588 575">
     <span class='ocr_line' id='line_1_5' title="bbox 206 437 1588 499; baseline -0.001 -16"><span class='ocrx_word' id='word_1_18' title='bbox 206 437 319 484; x_wconf 91' lang='lat' dir='ltr'>Non</span> <span class='ocrx_word' id='word_1_19' title='bbox 341 437 458 491; x_wconf 86' lang='lat' dir='ltr'>fera,</span> <span class='ocrx_word' id='word_1_20' title='bbox 479 453 577 483; x_wconf 88' lang='lat' dir='ltr'>non</span> <span class='ocrx_word' id='word_1_21' title='bbox 597 437 834 499; x_wconf 79' lang='lat' dir='ltr'>pecudeS‚</span> <span class='ocrx_word' id='word_1_22' title='bbox 852 453 949 484; x_wconf 87' lang='lat' dir='ltr'>non</span> <span class='ocrx_word' id='word_1_23' title='bbox 969 437 1088 484; x_wconf 89' lang='lat' dir='ltr'>moti</span> <span class='ocrx_word' id='word_1_24' title='bbox 1110 437 1309 484; x_wconf 83' lang='lat' dir='ltr'>flamine</span> <span class='ocrx_word' id='word_1_25' title='bbox 1330 437 1467 492; x_wconf 86' lang='lat' dir='ltr'>rami,</span> <span class='ocrx_word' id='word_1_26' title='bbox 1491 440 1588 483; x_wconf 86' lang='lat'>600</span> 
     </span>
     <span class='ocr_line' id='line_1_6' title="bbox 206 512 1413 575; baseline 0.002 -17"><span class='ocrx_word' id='word_1_27' title='bbox 206 512 512 558; x_wconf 85' lang='lat' dir='ltr'>Humanaeve</span> <span class='ocrx_word' id='word_1_28' title='bbox 539 528 714 558; x_wconf 90' lang='lat' dir='ltr'>sonum</span> <span class='ocrx_word' id='word_1_29' title='bbox 739 512 954 560; x_wconf 86' lang='lat' dir='ltr'>reddunt</span> <span class='ocrx_word' id='word_1_30' title='bbox 973 513 1194 560; x_wconf 80' lang='lat' dir='ltr'>convicia</span> <span class='ocrx_word' id='word_1_31' title='bbox 1216 514 1413 575; x_wconf 79' lang='lat' dir='ltr'>linguae.</span> 
     </span>
    </p>

    <p class='ocr_par' dir='ltr' id='par_1_5' title="bbox 207 588 1588 728">
     <span class='ocr_line' id='line_1_7' title="bbox 207 588 1457 650; baseline 0.001 -16"><span class='ocrx_word' id='word_1_32' title='bbox 207 588 352 635; x_wconf 86' lang='lat' dir='ltr'>Muta</span> <span class='ocrx_word' id='word_1_33' title='bbox 377 588 518 650; x_wconf 88' lang='lat' dir='ltr'>quies</span> <span class='ocrx_word' id='word_1_34' title='bbox 545 589 762 635; x_wconf 80' lang='lat' dir='ltr'>habitat:</span> <span class='ocrx_word' id='word_1_35' title='bbox 804 605 924 636; x_wconf 79' lang='lat' dir='ltr'>saxo</span> <span class='ocrx_word' id='word_1_36' title='bbox 949 596 1115 636; x_wconf 83' lang='lat' dir='ltr'>tamen</span> <span class='ocrx_word' id='word_1_37' title='bbox 1140 589 1245 635; x_wconf 84' lang='lat' dir='ltr'>exit</span> <span class='ocrx_word' id='word_1_38' title='bbox 1269 590 1330 635; x_wconf 83' lang='lat' dir='ltr'>ab</span> <span class='ocrx_word' id='word_1_39' title='bbox 1359 590 1457 635; x_wconf 86' lang='lat' dir='ltr'>imo</span> 
     </span>
     <span class='ocr_line' id='line_1_8' title="bbox 208 664 1588 728; baseline 0.001 -18"><span class='ocrx_word' id='word_1_40' title='bbox 208 664 363 711; x_wconf 80' lang='lat' dir='ltr'>Rivus</span> <span class='ocrx_word' id='word_1_41' title='bbox 389 681 532 726; x_wconf 79' lang='lat' dir='ltr'>aquae</span> <span class='ocrx_word' id='word_1_42' title='bbox 559 664 769 721; x_wconf 79' lang='lat' dir='ltr'>Lethes3</span> <span class='ocrx_word' id='word_1_43' title='bbox 811 681 898 728; x_wconf 86' lang='lat' dir='ltr'>per</span> <span class='ocrx_word' id='word_1_44' title='bbox 924 681 1073 727; x_wconf 85' lang='lat' dir='ltr'>quem</span> <span class='ocrx_word' id='word_1_45' title='bbox 1099 681 1213 711; x_wconf 83' lang='lat' dir='ltr'>curn</span> <span class='ocrx_word' id='word_1_46' title='bbox 1245 681 1495 711; x_wconf 83' lang='lat' dir='ltr'>murmure</span> <span class='ocrx_word' id='word_1_47' title='bbox 1520 665 1588 711; x_wconf 85' lang='lat' dir='ltr'>la-</span> 
     </span>
    </p>
   </div>
   <div class='ocr_carea' id='block_1_4' title="bbox 208 741 1387 881">
    <p class='ocr_par' dir='ltr' id='par_1_6' title="bbox 208 741 1387 881">
     <span class='ocr_line' id='line_1_9' title="bbox 209 741 1376 805; baseline 0.001 -19"><span class='ocrx_word' id='word_1_48' title='bbox 209 741 391 788; x_wconf 86' lang='lat' dir='ltr'>Invitat</span> <span class='ocrx_word' id='word_1_49' title='bbox 415 757 615 788; x_wconf 80' lang='lat' dir='ltr'>somnos</span> <span class='ocrx_word' id='word_1_50' title='bbox 641 743 997 805; x_wconf 80' lang='lat' dir='ltr'>crepitantibus</span> <span class='ocrx_word' id='word_1_51' title='bbox 1022 743 1156 788; x_wconf 82' lang='lat' dir='ltr'>unda</span> <span class='ocrx_word' id='word_1_52' title='bbox 1178 742 1376 804; x_wconf 86' lang='lat' dir='ltr'>lapillis.</span> 
     </span>
     <span class='ocr_line' id='line_1_10' title="bbox 208 816 1387 881; baseline 0.002 -19"><span class='ocrx_word' id='word_1_53' title='bbox 208 816 341 864; x_wconf 89' lang='lat' dir='ltr'>Ante</span> <span class='ocrx_word' id='word_1_54' title='bbox 365 816 494 863; x_wconf 86' lang='lat' dir='ltr'>fores</span> <span class='ocrx_word' id='word_1_55' title='bbox 521 818 647 863; x_wconf 82' lang='lat' dir='ltr'>antri</span> <span class='ocrx_word' id='word_1_56' title='bbox 673 817 902 865; x_wconf 83' lang='lat' dir='ltr'>foecunda</span> <span class='ocrx_word' id='word_1_57' title='bbox 925 834 1173 881; x_wconf 82' lang='lat' dir='ltr'>papavera</span> <span class='ocrx_word' id='word_1_58' title='bbox 1196 818 1387 872; x_wconf 86' lang='lat' dir='ltr'>florent,</span> 
     </span>
    </p>
   </div>
   <div class='ocr_carea' id='block_1_5' title="bbox 1446 742 1590 864">
    <p class='ocr_par' dir='ltr' id='par_1_7' title="bbox 1446 742 1590 864">
     <span class='ocr_line' id='line_1_11' title="bbox 1446 742 1590 804; baseline 0 -17"><span class='ocrx_word' id='word_1_59' title='bbox 1446 742 1590 804; x_wconf 89' lang='lat' dir='ltr'>[bens</span> 
     </span>
     <span class='ocr_line' id='line_1_12' title="bbox 1495 820 1590 864; baseline 0 0"><span class='ocrx_word' id='word_1_60' title='bbox 1495 820 1590 864; x_wconf 89' lang='grc'>605</span> 
     </span>
    </p>
   </div>
   <div class='ocr_carea' id='block_1_6' title="bbox 211 892 1535 957">
    <p class='ocr_par' dir='ltr' id='par_1_8' title="bbox 211 892 1535 957">
     <span class='ocr_line' id='line_1_13' title="bbox 211 892 1535 957; baseline 0.002 -18"><span class='ocrx_word' id='word_1_61' title='bbox 211 892 593 955; x_wconf 80' lang='lat' dir='ltr'>Innumeraeque</span> <span class='ocrx_word' id='word_1_62' title='bbox 618 893 800 949; x_wconf 82' lang='lat' dir='ltr'>herbae,</span> <span class='ocrx_word' id='word_1_63' title='bbox 829 910 1037 956; x_wconf 81' lang='lat' dir='ltr'>quarum</span> <span class='ocrx_word' id='word_1_64' title='bbox 1064 894 1126 941; x_wconf 90' lang='lat' dir='ltr'>de</span> <span class='ocrx_word' id='word_1_65' title='bbox 1151 894 1281 940; x_wconf 84' lang='lat' dir='ltr'>lacte</span> <span class='ocrx_word' id='word_1_66' title='bbox 1306 909 1535 957; x_wconf 84' lang='lat' dir='ltr'>soporem</span> 
     </span>
    </p>
   </div>
   <div class='ocr_carea' id='block_1_7' title="bbox 208 1039 878 2737">
    <p class='ocr_par' dir='ltr' id='par_1_9' title="bbox 208 1039 874 1947">
     <span class='ocr_line' id='line_1_14' title="bbox 209 1039 866 1081; baseline 0.005 -12"><span class='ocrx_word' id='word_1_67' title='bbox 209 1050 290 1081; x_wconf 86' lang='lat' dir='ltr'>saepe</span> <span class='ocrx_word' id='word_1_68' title='bbox 307 1039 488 1081; x_wconf 84' lang='lat' dir='ltr'>simpliciter</span> <span class='ocrx_word' id='word_1_69' title='bbox 503 1040 592 1081; x_wconf 80' lang='grc' dir='ltr'>ὅρνις</span> <span class='ocrx_word' id='word_1_70' title='bbox 612 1047 643 1071; x_wconf 88' lang='lat' dir='ltr'>et</span> <span class='ocrx_word' id='word_1_71' title='bbox 660 1043 720 1072; x_wconf 79' lang='lat' dir='ltr'>ales</span> <span class='ocrx_word' id='word_1_72' title='bbox 740 1041 866 1072; x_wconf 87' lang='lat' dir='ltr'>dicitur.</span> 
     </span>
     <span class='ocr_line' id='line_1_15' title="bbox 209 1089 869 1121; baseline 0.005 -3"><span class='ocrx_word' id='word_1_73' title='bbox 209 1089 270 1118; x_wconf 90' lang='lat' dir='ltr'>Pro</span> <span class='ocrx_word' id='word_1_74' title='bbox 285 1090 426 1119; x_wconf 60' lang='lat' dir='ltr'>cristatus</span> <span class='ocrx_word' id='word_1_75' title='bbox 442 1091 502 1119; x_wconf 83' lang='lat' dir='ltr'>ales</span> <span class='ocrx_word' id='word_1_76' title='bbox 514 1089 592 1120; x_wconf 80' lang='lat' dir='ltr'>dixit</span> <span class='ocrx_word' id='word_1_77' title='bbox 605 1093 720 1121; x_wconf 75' lang='lat' dir='ltr'>cristati</span> <span class='ocrx_word' id='word_1_78' title='bbox 733 1092 869 1121; x_wconf 74' lang='lat' dir='ltr'>cuntibus</span> 
     </span>
     <span class='ocr_line' id='line_1_16' title="bbox 210 1137 868 1180; baseline 0.006 -14"><span class='ocrx_word' id='word_1_79' title='bbox 210 1138 278 1173; x_wconf 83' lang='lat' dir='ltr'>oris,</span> <span class='ocrx_word' id='word_1_80' title='bbox 290 1137 365 1178; x_wconf 89' lang='lat' dir='ltr'>quia</span> <span class='ocrx_word' id='word_1_81' title='bbox 381 1140 441 1168; x_wconf 82' lang='lat' dir='ltr'>ales</span> <span class='ocrx_word' id='word_1_82' title='bbox 453 1138 517 1179; x_wconf 86' lang='lat' dir='ltr'>jam</span> <span class='ocrx_word' id='word_1_83' title='bbox 533 1144 660 1169; x_wconf 82' lang='lat' dir='ltr'>ornatus</span> <span class='ocrx_word' id='word_1_84' title='bbox 675 1145 722 1170; x_wconf 88' lang='lat' dir='ltr'>est</span> <span class='ocrx_word' id='word_1_85' title='bbox 737 1149 791 1169; x_wconf 91' lang='lat' dir='ltr'>suo</span> <span class='ocrx_word' id='word_1_86' title='bbox 803 1139 868 1180; x_wconf 89' lang='lat' dir='ltr'>epi-</span> 
     </span>
     <span class='ocr_line' id='line_1_17' title="bbox 208 1186 870 1229; baseline 0.003 -13"><span class='ocrx_word' id='word_1_87' title='bbox 208 1186 306 1217; x_wconf 88' lang='lat' dir='ltr'>theto.</span> <span class='ocrx_word' id='word_1_88' title='bbox 353 1186 510 1217; x_wconf 88' lang='lat' dir='ltr'>Lucianus</span> <span class='ocrx_word' id='word_1_89' title='bbox 525 1187 567 1217; x_wconf 88' lang='lat' dir='ltr'>ibi</span> <span class='ocrx_word' id='word_1_90' title='bbox 588 1188 673 1229; x_wconf 88' lang='lat' dir='ltr'>ponit</span> <span class='ocrx_word' id='word_1_91' title='bbox 689 1188 763 1229; x_wconf 83' lang='lat' dir='ltr'>galli</span> <span class='ocrx_word' id='word_1_92' title='bbox 779 1187 870 1229; x_wconf 88' lang='lat' dir='ltr'>galli-</span> 
     </span>
     <span class='ocr_line' id='line_1_18' title="bbox 210 1234 869 1277; baseline 0.005 -13"><span class='ocrx_word' id='word_1_93' title='bbox 210 1234 300 1265; x_wconf 85' lang='lat' dir='ltr'>nacei</span> <span class='ocrx_word' id='word_1_94' title='bbox 324 1235 485 1276; x_wconf 88' lang='lat' dir='ltr'>templum,</span> <span class='ocrx_word' id='word_1_95' title='bbox 508 1241 539 1265; x_wconf 93' lang='lat' dir='ltr'>et</span> <span class='ocrx_word' id='word_1_96' title='bbox 563 1236 595 1266; x_wconf 89' lang='lat' dir='ltr'>in</span> <span class='ocrx_word' id='word_1_97' title='bbox 619 1236 698 1266; x_wconf 85' lang='lat' dir='ltr'>silva</span> <span class='ocrx_word' id='word_1_98' title='bbox 725 1247 869 1277; x_wconf 79' lang='lat' dir='ltr'>magnam</span> 
     </span>
     <span class='ocr_line' id='line_1_19' title="bbox 211 1284 871 1326; baseline 0.005 -13"><span class='ocrx_word' id='word_1_99' title='bbox 211 1284 464 1325; x_wconf 84' lang='lat' dir='ltr'>vespertilionum</span> <span class='ocrx_word' id='word_1_100' title='bbox 493 1285 569 1315; x_wconf 82' lang='lat' dir='ltr'>vim.</span> <span class='ocrx_word' id='word_1_101' title='bbox 615 1285 710 1326; x_wconf 81' lang='lat' dir='ltr'>Apud</span> <span class='ocrx_word' id='word_1_102' title='bbox 737 1285 871 1316; x_wconf 82' lang='lat' dir='ltr'>Statium</span> 
     </span>
     <span class='ocr_line' id='line_1_20' title="bbox 211 1332 871 1375; baseline 0.005 -14"><span class='ocrx_word' id='word_1_103' title='bbox 211 1337 279 1362; x_wconf 86' lang='lat' dir='ltr'>atra</span> <span class='ocrx_word' id='word_1_104' title='bbox 301 1332 395 1362; x_wconf 86' lang='lat' dir='ltr'>bourn</span> <span class='ocrx_word' id='word_1_105' title='bbox 421 1338 561 1363; x_wconf 87' lang='lat' dir='ltr'>armenta</span> <span class='ocrx_word' id='word_1_106' title='bbox 585 1333 616 1363; x_wconf 88' lang='lat' dir='ltr'>in</span> <span class='ocrx_word' id='word_1_107' title='bbox 638 1334 777 1374; x_wconf 85' lang='lat' dir='ltr'>gramine</span> <span class='ocrx_word' id='word_1_108' title='bbox 804 1334 871 1375; x_wconf 90' lang='lat' dir='ltr'>qui-</span> 
     </span>
     <span class='ocr_line' id='line_1_21' title="bbox 210 1381 870 1419; baseline 0.003 -9"><span class='ocrx_word' id='word_1_109' title='bbox 210 1386 330 1410; x_wconf 89' lang='lat' dir='ltr'>escunt.</span> <span class='ocrx_word' id='word_1_110' title='bbox 391 1381 503 1411; x_wconf 67' lang='lat' dir='ltr'>Evocat</span> <span class='ocrx_word' id='word_1_111' title='bbox 541 1392 557 1412; x_wconf 93' lang='lat' dir='ltr'>e</span> <span class='ocrx_word' id='word_1_112' title='bbox 595 1382 672 1412; x_wconf 87' lang='lat' dir='ltr'>mari</span> <span class='ocrx_word' id='word_1_113' title='bbox 710 1384 870 1419; x_wconf 75' lang='lat' dir='ltr'>Auroram,</span> 
     </span>
     <span class='ocr_line' id='line_1_22' title="bbox 212 1428 871 1472; baseline 0.005 -14"><span class='ocrx_word' id='word_1_114' title='bbox 212 1438 282 1468; x_wconf 91' lang='lat' dir='ltr'>quae</span> <span class='ocrx_word' id='word_1_115' title='bbox 299 1428 438 1469; x_wconf 86' lang='lat' dir='ltr'>sequitur</span> <span class='ocrx_word' id='word_1_116' title='bbox 454 1429 521 1470; x_wconf 87' lang='lat' dir='ltr'>ejus</span> <span class='ocrx_word' id='word_1_117' title='bbox 537 1435 673 1461; x_wconf 88' lang='lat' dir='ltr'>cantum.</span> <span class='ocrx_word' id='word_1_118' title='bbox 710 1430 871 1472; x_wconf 72' lang='lat' dir='ltr'>Virgilius,</span> 
     </span>
     <span class='ocr_line' id='line_1_23' title="bbox 217 1476 873 1518; baseline 0.008 -12"><span class='ocrx_word' id='word_1_119' title='bbox 217 1476 332 1517; x_wconf 83' lang='lat' dir='ltr'>Georg.</span> <span class='ocrx_word' id='word_1_120' title='bbox 355 1477 375 1507; x_wconf 89' lang='lat' dir='ltr'>i.</span> <span class='ocrx_word' id='word_1_121' title='bbox 399 1479 473 1508; x_wconf 82' lang='lat'>388.</span> <span class='ocrx_word' id='word_1_122' title='bbox 497 1486 580 1510; x_wconf 70' lang='lat' dir='ltr'>vocat</span> <span class='ocrx_word' id='word_1_123' title='bbox 602 1481 737 1518; x_wconf 73' lang='lat' dir='ltr'>pluviam</span> <span class='ocrx_word' id='word_1_124' title='bbox 760 1483 873 1512; x_wconf 49' lang='lat' dir='ltr'>cornis,</span> 
     </span>
     <span class='ocr_line' id='line_1_24' title="bbox 213 1525 871 1567; baseline 0.008 -13"><span class='ocrx_word' id='word_1_125' title='bbox 213 1525 354 1561; x_wconf 77' lang='lat' dir='ltr'>Solliciti,</span> <span class='ocrx_word' id='word_1_126' title='bbox 379 1526 553 1567; x_wconf 83' lang='lat' dir='ltr'>vigilaces;</span> <span class='ocrx_word' id='word_1_127' title='bbox 579 1528 671 1558; x_wconf 87' lang='lat' dir='ltr'>etiam</span> <span class='ocrx_word' id='word_1_128' title='bbox 698 1527 814 1563; x_wconf 84' lang='lat' dir='ltr'>Livius,</span> <span class='ocrx_word' id='word_1_129' title='bbox 840 1541 871 1559; x_wconf 85' lang='lat' dir='ltr'>v.</span> 
     </span>
     <span class='ocr_line' id='line_1_25' title="bbox 213 1574 872 1609; baseline 0.008 -6"><span class='ocrx_word' id='word_1_130' title='bbox 213 1574 265 1604; x_wconf 87' lang='lat'>47.</span> <span class='ocrx_word' id='word_1_131' title='bbox 284 1574 378 1605; x_wconf 83' lang='lat' dir='ltr'>Canes</span> <span class='ocrx_word' id='word_1_132' title='bbox 393 1575 555 1606; x_wconf 78' lang='lat' dir='ltr'>sollicitum</span> <span class='ocrx_word' id='word_1_133' title='bbox 571 1579 610 1606; x_wconf 79' lang='lat' dir='ltr'>ad</span> <span class='ocrx_word' id='word_1_134' title='bbox 626 1584 784 1608; x_wconf 74' lang='lat' dir='ltr'>nocturnos</span> <span class='ocrx_word' id='word_1_135' title='bbox 798 1585 872 1609; x_wconf 80' lang='lat' dir='ltr'>stre-</span> 
     </span>
     <span class='ocr_line' id='line_1_26' title="bbox 212 1623 872 1660; baseline 0.009 -9"><span class='ocrx_word' id='word_1_136' title='bbox 212 1623 295 1660; x_wconf 78' lang='lat' dir='ltr'>pitus</span> <span class='ocrx_word' id='word_1_137' title='bbox 316 1624 440 1654; x_wconf 77' lang='lat' dir='ltr'>animal.</span> <span class='ocrx_word' id='word_1_138' title='bbox 486 1625 605 1655; x_wconf 89' lang='lat' dir='ltr'>Eodem</span> <span class='ocrx_word' id='word_1_139' title='bbox 627 1636 710 1656; x_wconf 88' lang='lat' dir='ltr'>nunc</span> <span class='ocrx_word' id='word_1_140' title='bbox 730 1626 810 1657; x_wconf 86' lang='lat' dir='ltr'>redit</span> <span class='ocrx_word' id='word_1_141' title='bbox 825 1639 872 1657; x_wconf 79' lang='lat' dir='ltr'>sa-</span> 
     </span>
     <span class='ocr_line' id='line_1_27' title="bbox 210 1671 872 1717; baseline 0.008 -16"><span class='ocrx_word' id='word_1_142' title='bbox 210 1683 282 1711; x_wconf 63' lang='lat' dir='ltr'>gas,</span> <span class='ocrx_word' id='word_1_143' title='bbox 298 1672 350 1712; x_wconf 90' lang='lat' dir='ltr'>qui</span> <span class='ocrx_word' id='word_1_144' title='bbox 367 1671 458 1703; x_wconf 83' lang='lat' dir='ltr'>facile</span> <span class='ocrx_word' id='word_1_145' title='bbox 477 1673 696 1705; x_wconf 82' lang='lat' dir='ltr'>animadvertit</span> <span class='ocrx_word' id='word_1_146' title='bbox 714 1676 872 1717; x_wconf 90' lang='lat' dir='ltr'>strepitus.</span> 
     </span>
     <span class='ocr_line' id='line_1_28' title="bbox 214 1720 872 1766; baseline 0.009 -17"><span class='ocrx_word' id='word_1_147' title='bbox 214 1720 328 1761; x_wconf 82' lang='lat' dir='ltr'>Neque</span> <span class='ocrx_word' id='word_1_148' title='bbox 340 1731 412 1751; x_wconf 88' lang='lat' dir='ltr'>vero</span> <span class='ocrx_word' id='word_1_149' title='bbox 425 1721 475 1752; x_wconf 87' lang='lat' dir='ltr'>hic</span> <span class='ocrx_word' id='word_1_150' title='bbox 488 1722 623 1764; x_wconf 82' lang='lat' dir='ltr'>respexit</span> <span class='ocrx_word' id='word_1_151' title='bbox 635 1723 675 1754; x_wconf 88' lang='lat' dir='ltr'>ad</span> <span class='ocrx_word' id='word_1_152' title='bbox 687 1724 767 1754; x_wconf 85' lang='lat' dir='ltr'>solos</span> <span class='ocrx_word' id='word_1_153' title='bbox 779 1725 872 1766; x_wconf 88' lang='lat' dir='ltr'>Capi-</span> 
     </span>
     <span class='ocr_line' id='line_1_29' title="bbox 214 1769 874 1812; baseline 0.009 -14"><span class='ocrx_word' id='word_1_154' title='bbox 214 1769 280 1799; x_wconf 87' lang='lat' dir='ltr'>tolii</span> <span class='ocrx_word' id='word_1_155' title='bbox 319 1780 443 1800; x_wconf 78' lang='lat' dir='ltr'>anseres</span> <span class='ocrx_word' id='word_1_156' title='bbox 472 1777 611 1812; x_wconf 91' lang='lat' dir='ltr'>tempore</span> <span class='ocrx_word' id='word_1_157' title='bbox 640 1772 768 1808; x_wconf 88' lang='lat' dir='ltr'>Manlii,</span> <span class='ocrx_word' id='word_1_158' title='bbox 800 1779 874 1805; x_wconf 88' lang='lat' dir='ltr'>tunc</span> 
     </span>
     <span class='ocr_line' id='line_1_30' title="bbox 215 1818 874 1860; baseline 0.008 -12"><span class='ocrx_word' id='word_1_159' title='bbox 215 1818 298 1848; x_wconf 91' lang='lat' dir='ltr'>enim</span> <span class='ocrx_word' id='word_1_160' title='bbox 322 1818 495 1860; x_wconf 85' lang='lat' dir='ltr'>importune</span> <span class='ocrx_word' id='word_1_161' title='bbox 524 1819 582 1850; x_wconf 92' lang='lat' dir='ltr'>hoc</span> <span class='ocrx_word' id='word_1_162' title='bbox 611 1827 693 1852; x_wconf 76' lang='lat' dir='ltr'>esset</span> <span class='ocrx_word' id='word_1_163' title='bbox 721 1821 874 1858; x_wconf 89' lang='lat' dir='ltr'>additum,</span> 
     </span>
     <span class='ocr_line' id='line_1_31' title="bbox 214 1868 874 1901; baseline 0.006 -4"><span class='ocrx_word' id='word_1_164' title='bbox 214 1868 268 1897; x_wconf 89' lang='lat' dir='ltr'>sed</span> <span class='ocrx_word' id='word_1_165' title='bbox 306 1868 430 1898; x_wconf 85' lang='lat' dir='ltr'>omnino</span> <span class='ocrx_word' id='word_1_166' title='bbox 464 1868 501 1898; x_wconf 89' lang='lat' dir='ltr'>ad</span> <span class='ocrx_word' id='word_1_167' title='bbox 541 1875 682 1900; x_wconf 88' lang='lat' dir='ltr'>naturam</span> <span class='ocrx_word' id='word_1_168' title='bbox 719 1880 874 1901; x_wconf 84' lang='lat' dir='ltr'>anserum.</span> 
     </span>
     <span class='ocr_line' id='line_1_32' title="bbox 216 1916 527 1947; baseline 0.003 -1"><span class='ocrx_word' id='word_1_169' title='bbox 216 1916 298 1946; x_wconf 74' lang='lat' dir='ltr'>Vide</span> <span class='ocrx_word' id='word_1_170' title='bbox 315 1916 354 1946; x_wconf 86' lang='lat' dir='ltr'>ad</span> <span class='ocrx_word' id='word_1_171' title='bbox 371 1916 436 1946; x_wconf 87' lang='lat' dir='ltr'>viii.</span> <span class='ocrx_word' id='word_1_172' title='bbox 453 1917 527 1947; x_wconf 84' lang='lat'>684.</span> 
     </span>
    </p>

    <p class='ocr_par' dir='ltr' id='par_1_10' title="bbox 215 1965 876 2494">
     <span class='ocr_line' id='line_1_33' title="bbox 258 1965 875 2006; baseline 0.006 -12"><span class='ocrx_word' id='word_1_173' title='bbox 258 1966 333 1995; x_wconf 84' lang='lat'>600.</span> <span class='ocrx_word' id='word_1_174' title='bbox 362 1965 536 2006; x_wconf 73' lang='lat' dir='ltr'>Xonfera,</span> <span class='ocrx_word' id='word_1_175' title='bbox 564 1966 643 2006; x_wconf 85' lang='lat' dir='ltr'>etc.]</span> <span class='ocrx_word' id='word_1_176' title='bbox 690 1967 764 1997; x_wconf 86' lang='lat' dir='ltr'>Post</span> <span class='ocrx_word' id='word_1_177' title='bbox 794 1967 875 1998; x_wconf 86' lang='lat' dir='ltr'>hunc</span> 
     </span>
     <span class='ocr_line' id='line_1_34' title="bbox 215 2013 875 2056; baseline 0.005 -13"><span class='ocrx_word' id='word_1_178' title='bbox 215 2023 338 2043; x_wconf 87' lang='lat' dir='ltr'>versum</span> <span class='ocrx_word' id='word_1_179' title='bbox 364 2013 468 2054; x_wconf 86' lang='lat' dir='ltr'>plures</span> <span class='ocrx_word' id='word_1_180' title='bbox 495 2015 543 2054; x_wconf 90' lang='lat' dir='ltr'>(et</span> <span class='ocrx_word' id='word_1_181' title='bbox 570 2020 672 2044; x_wconf 88' lang='lat' dir='ltr'>noster</span> <span class='ocrx_word' id='word_1_182' title='bbox 700 2015 819 2056; x_wconf 85' lang='lat' dir='ltr'>Regius</span> <span class='ocrx_word' id='word_1_183' title='bbox 848 2017 875 2046; x_wconf 93' lang='lat' dir='ltr'><strong>B</strong></span> 
     </span>
     <span class='ocr_line' id='line_1_35' title="bbox 215 2061 875 2105; baseline 0.006 -13"><span class='ocrx_word' id='word_1_184' title='bbox 215 2062 311 2098; x_wconf 83' lang='lat' dir='ltr'>solus,</span> <span class='ocrx_word' id='word_1_185' title='bbox 334 2068 366 2092; x_wconf 91' lang='lat' dir='ltr'>et</span> <span class='ocrx_word' id='word_1_186' title='bbox 385 2061 465 2092; x_wconf 86' lang='lat' dir='ltr'>inter</span> <span class='ocrx_word' id='word_1_187' title='bbox 484 2062 598 2099; x_wconf 77' lang='lat' dir='ltr'>lineas)</span> <span class='ocrx_word' id='word_1_188' title='bbox 621 2064 814 2105; x_wconf 85' lang='lat' dir='ltr'>subjungunt</span> <span class='ocrx_word' id='word_1_189' title='bbox 834 2065 875 2096; x_wconf 88' lang='lat' dir='ltr'>is-</span> 
     </span>
     <span class='ocr_line' id='line_1_36' title="bbox 217 2110 874 2146; baseline 0.006 -7"><span class='ocrx_word' id='word_1_190' title='bbox 217 2116 294 2146; x_wconf 87' lang='lat' dir='ltr'>tum,</span> <span class='ocrx_word' id='word_1_191' title='bbox 327 2110 463 2141; x_wconf 77' lang='lat' dir='ltr'>Garrula</span> <span class='ocrx_word' id='word_1_192' title='bbox 495 2122 547 2141; x_wconf 79' lang='lat' dir='ltr'>nec</span> <span class='ocrx_word' id='word_1_193' title='bbox 575 2112 690 2142; x_wconf 78' lang='lat' dir='ltr'>Procne</span> <span class='ocrx_word' id='word_1_194' title='bbox 719 2116 874 2144; x_wconf 75' lang='lat' dir='ltr'>stertentia</span> 
     </span>
     <span class='ocr_line' id='line_1_37' title="bbox 215 2162 875 2199; baseline 0.008 -11"><span class='ocrx_word' id='word_1_195' title='bbox 215 2165 345 2197; x_wconf 81' lang='lat' dir='ltr'>pectora,</span> <span class='ocrx_word' id='word_1_196' title='bbox 363 2166 417 2190; x_wconf 88' lang='lat' dir='ltr'>aut</span> <span class='ocrx_word' id='word_1_197' title='bbox 431 2171 565 2199; x_wconf 82' lang='lat' dir='ltr'>corpora,</span> <span class='ocrx_word' id='word_1_198' title='bbox 583 2162 702 2192; x_wconf 74' lang='lat' dir='ltr'>mulcet.</span> <span class='ocrx_word' id='word_1_199' title='bbox 726 2162 875 2193; x_wconf 89' lang='lat' dir='ltr'>Pessime.</span> 
     </span>
     <span class='ocr_line' id='line_1_38' title="bbox 218 2207 875 2252; baseline 0.006 -15"><span class='ocrx_word' id='word_1_200' title='bbox 218 2207 319 2238; x_wconf 84' lang='lat' dir='ltr'>Recte</span> <span class='ocrx_word' id='word_1_201' title='bbox 358 2208 516 2243; x_wconf 84' lang='lat' dir='ltr'>Heinsius,</span> <span class='ocrx_word' id='word_1_202' title='bbox 544 2209 569 2238; x_wconf 89' lang='lat' dir='ltr'>si</span> <span class='ocrx_word' id='word_1_203' title='bbox 600 2209 728 2245; x_wconf 89' lang='lat' dir='ltr'>mulcet,</span> <span class='ocrx_word' id='word_1_204' title='bbox 763 2210 875 2252; x_wconf 88' lang='lat' dir='ltr'>inquit,</span> 
     </span>
     <span class='ocr_line' id='line_1_39' title="bbox 219 2256 874 2298; baseline 0.006 -12"><span class='ocrx_word' id='word_1_205' title='bbox 219 2256 338 2287; x_wconf 86' lang='lat' dir='ltr'>Procne</span> <span class='ocrx_word' id='word_1_206' title='bbox 354 2256 514 2287; x_wconf 85' lang='lat' dir='ltr'>stertentia</span> <span class='ocrx_word' id='word_1_207' title='bbox 529 2264 664 2298; x_wconf 85' lang='lat' dir='ltr'>pectora,</span> <span class='ocrx_word' id='word_1_208' title='bbox 681 2258 758 2289; x_wconf 79' lang='lat' dir='ltr'>nihil</span> <span class='ocrx_word' id='word_1_209' title='bbox 773 2269 874 2290; x_wconf 84' lang='lat' dir='ltr'>causae</span> 
     </span>
     <span class='ocr_line' id='line_1_40' title="bbox 217 2305 876 2346; baseline 0.005 -12"><span class='ocrx_word' id='word_1_210' title='bbox 217 2310 274 2339; x_wconf 86' lang='lat' dir='ltr'>est,</span> <span class='ocrx_word' id='word_1_211' title='bbox 304 2315 358 2335; x_wconf 90' lang='lat' dir='ltr'>cur</span> <span class='ocrx_word' id='word_1_212' title='bbox 388 2305 460 2335; x_wconf 89' lang='lat' dir='ltr'>hinc</span> <span class='ocrx_word' id='word_1_213' title='bbox 490 2306 663 2346; x_wconf 80' lang='lat' dir='ltr'>ablegetur.</span> <span class='ocrx_word' id='word_1_214' title='bbox 721 2307 876 2343; x_wconf 74' lang='lat' dir='ltr'>Convicia,</span> 
     </span>
     <span class='ocr_line' id='line_1_41' title="bbox 219 2354 876 2391; baseline 0.005 -9"><span class='ocrx_word' id='word_1_215' title='bbox 219 2363 322 2383; x_wconf 88' lang='lat' dir='ltr'>voces.</span> <span class='ocrx_word' id='word_1_216' title='bbox 368 2354 467 2384; x_wconf 79' lang='lat' dir='ltr'>Notat</span> <span class='ocrx_word' id='word_1_217' title='bbox 486 2355 684 2385; x_wconf 86' lang='lat' dir='ltr'>Burmannus</span> <span class='ocrx_word' id='word_1_218' title='bbox 699 2355 876 2391; x_wconf 83' lang='lat' dir='ltr'>Paulinum,</span> 
     </span>
     <span class='ocr_line' id='line_1_42' title="bbox 220 2401 875 2444; baseline 0.006 -13"><span class='ocrx_word' id='word_1_219' title='bbox 220 2401 318 2443; x_wconf 84' lang='lat' dir='ltr'>Epist.</span> <span class='ocrx_word' id='word_1_220' title='bbox 334 2402 356 2433; x_wconf 90' lang='lat' dir='ltr'>i.</span> <span class='ocrx_word' id='word_1_221' title='bbox 374 2402 412 2432; x_wconf 88' lang='lat' dir='ltr'>ad</span> <span class='ocrx_word' id='word_1_222' title='bbox 425 2402 500 2433; x_wconf 87' lang='lat' dir='ltr'>Auf.</span> <span class='ocrx_word' id='word_1_223' title='bbox 511 2403 698 2444; x_wconf 82' lang='lat' dir='ltr'>expressisse</span> <span class='ocrx_word' id='word_1_224' title='bbox 715 2403 776 2434; x_wconf 89' lang='lat' dir='ltr'>h.l.</span> <span class='ocrx_word' id='word_1_225' title='bbox 796 2405 875 2435; x_wconf 80' lang='lat' dir='ltr'>Dum</span> 
     </span>
     <span class='ocr_line' id='line_1_43' title="bbox 222 2451 856 2494; baseline 0.006 -15"><span class='ocrx_word' id='word_1_226' title='bbox 222 2451 296 2480; x_wconf 69' lang='lat' dir='ltr'>levia</span> <span class='ocrx_word' id='word_1_227' title='bbox 314 2452 448 2481; x_wconf 71' lang='lat' dir='ltr'>humana&gt;</span> <span class='ocrx_word' id='word_1_228' title='bbox 464 2454 569 2482; x_wconf 76' lang='lat' dir='ltr'>metuit</span> <span class='ocrx_word' id='word_1_229' title='bbox 585 2454 718 2482; x_wconf 59' lang='lat' dir='ltr'>conzisia</span> <span class='ocrx_word' id='word_1_230' title='bbox 735 2454 856 2494; x_wconf 66' lang='lat' dir='ltr'>linguae.</span> 
     </span>
    </p>

    <p class='ocr_par' dir='ltr' id='par_1_11' title="bbox 219 2499 878 2737">
     <span class='ocr_line' id='line_1_44' title="bbox 263 2499 878 2540; baseline 0.007 -12"><span class='ocrx_word' id='word_1_231' title='bbox 263 2499 338 2528; x_wconf 90' lang='grc'>603.</span> <span class='ocrx_word' id='word_1_232' title='bbox 353 2499 447 2529; x_wconf 54' lang='lat' dir='ltr'>Rimas</span> <span class='ocrx_word' id='word_1_233' title='bbox 458 2511 539 2540; x_wconf 70' lang='lat' dir='ltr'>aqua&gt;</span> <span class='ocrx_word' id='word_1_234' title='bbox 552 2501 687 2540; x_wconf 62' lang='lat' dir='ltr'>Lethes]</span> <span class='ocrx_word' id='word_1_235' title='bbox 715 2501 797 2537; x_wconf 85' lang='lat' dir='ltr'>Quia</span> <span class='ocrx_word' id='word_1_236' title='bbox 810 2502 878 2532; x_wconf 92' lang='lat' dir='ltr'>dor-</span> 
     </span>
     <span class='ocr_line' id='line_1_45' title="bbox 220 2546 878 2592; baseline 0.006 -16"><span class='ocrx_word' id='word_1_237' title='bbox 220 2546 350 2578; x_wconf 87' lang='lat' dir='ltr'>mientes</span> <span class='ocrx_word' id='word_1_238' title='bbox 371 2547 595 2579; x_wconf 86' lang='lat' dir='ltr'>obliviscuntur</span> <span class='ocrx_word' id='word_1_239' title='bbox 613 2559 767 2585; x_wconf 87' lang='lat' dir='ltr'>curarum,</span> <span class='ocrx_word' id='word_1_240' title='bbox 789 2561 878 2592; x_wconf 92' lang='lat' dir='ltr'>prop-</span> 
     </span>
     <span class='ocr_line' id='line_1_46' title="bbox 219 2597 877 2629; baseline 0.009 -6"><span class='ocrx_word' id='word_1_241' title='bbox 219 2602 304 2625; x_wconf 85' lang='lat' dir='ltr'>terea</span> <span class='ocrx_word' id='word_1_242' title='bbox 320 2597 401 2625; x_wconf 72' lang='lat' dir='ltr'>rivus</span> <span class='ocrx_word' id='word_1_243' title='bbox 420 2597 527 2627; x_wconf 77' lang='lat' dir='ltr'>Lethes</span> <span class='ocrx_word' id='word_1_244' title='bbox 546 2603 617 2627; x_wconf 86' lang='lat' dir='ltr'>ante</span> <span class='ocrx_word' id='word_1_245' title='bbox 639 2598 744 2628; x_wconf 80' lang='lat' dir='ltr'>Somni</span> <span class='ocrx_word' id='word_1_246' title='bbox 764 2599 877 2629; x_wconf 89' lang='lat' dir='ltr'>aulam.</span> 
     </span>
     <span class='ocr_line' id='line_1_47' title="bbox 222 2643 877 2685; baseline 0.006 -12"><span class='ocrx_word' id='word_1_247' title='bbox 222 2643 251 2672; x_wconf 93' lang='lat' dir='ltr'><strong>A</strong></span> <span class='ocrx_word' id='word_1_248' title='bbox 275 2643 467 2675; x_wconf 81' lang='lat' dir='ltr'>Callimacho</span> <span class='ocrx_word' id='word_1_249' title='bbox 492 2645 521 2675; x_wconf 92' lang='lat' dir='ltr'>h.</span> <span class='ocrx_word' id='word_1_250' title='bbox 545 2646 619 2676; x_wconf 93' lang='lat' dir='ltr'>Del.</span> <span class='ocrx_word' id='word_1_251' title='bbox 644 2657 707 2678; x_wconf 88' lang='lat' dir='ltr'>ver.</span> <span class='ocrx_word' id='word_1_252' title='bbox 722 2648 797 2677; x_wconf 83' lang='lat'>234.</span> <span class='ocrx_word' id='word_1_253' title='bbox 819 2648 877 2685; x_wconf 87' lang='grc' dir='ltr'>λη-</span> 
     </span>
     <span class='ocr_line' id='line_1_48' title="bbox 220 2692 877 2737; baseline 0.006 -16"><span class='ocrx_word' id='word_1_254' title='bbox 220 2692 316 2722; x_wconf 80' lang='grc' dir='ltr'><strong>Θαῒου</strong></span> <span class='ocrx_word' id='word_1_255' title='bbox 330 2693 449 2732; x_wconf 80' lang='grc' dir='ltr'>πτερὸν</span> <span class='ocrx_word' id='word_1_256' title='bbox 465 2693 491 2723; x_wconf 85' lang='lat' dir='ltr'>ei</span> <span class='ocrx_word' id='word_1_257' title='bbox 507 2694 659 2725; x_wconf 85' lang='lat' dir='ltr'>tribuitur.</span> <span class='ocrx_word' id='word_1_258' title='bbox 684 2695 778 2737; x_wconf 84' lang='lat' dir='ltr'>Apud</span> <span class='ocrx_word' id='word_1_259' title='bbox 792 2696 877 2735; x_wconf 65' lang='lat' dir='ltr'>Virg.</span> 
     </span>
    </p>
   </div>
   <div class='ocr_carea' id='block_1_8' title="bbox 934 1040 1598 1521">
    <p class='ocr_par' dir='ltr' id='par_1_12' title="bbox 934 1040 1598 1521">
     <span class='ocr_line' id='line_1_49' title="bbox 935 1040 1593 1084; baseline 0.002 -12"><span class='ocrx_word' id='word_1_260' title='bbox 935 1043 1011 1072; x_wconf 86' lang='lat' dir='ltr'>AEn.</span> <span class='ocrx_word' id='word_1_261' title='bbox 1026 1053 1056 1072; x_wconf 78' lang='lat' dir='ltr'>v,</span> <span class='ocrx_word' id='word_1_262' title='bbox 1074 1042 1146 1072; x_wconf 77' lang='lat'>854.</span> <span class='ocrx_word' id='word_1_263' title='bbox 1161 1042 1310 1071; x_wconf 76' lang='lat' dir='ltr'>Lelhaeam</span> <span class='ocrx_word' id='word_1_264' title='bbox 1322 1053 1428 1082; x_wconf 76' lang='lat' dir='ltr'>aquam</span> <span class='ocrx_word' id='word_1_265' title='bbox 1444 1040 1593 1084; x_wconf 78' lang='lat' dir='ltr'>inspergit</span> 
     </span>
     <span class='ocr_line' id='line_1_50' title="bbox 934 1089 1595 1131; baseline 0 -10"><span class='ocrx_word' id='word_1_266' title='bbox 934 1091 966 1121; x_wconf 89' lang='lat' dir='ltr'>in</span> <span class='ocrx_word' id='word_1_267' title='bbox 976 1090 1082 1121; x_wconf 85' lang='lat' dir='ltr'>oculos</span> <span class='ocrx_word' id='word_1_268' title='bbox 1090 1089 1241 1120; x_wconf 86' lang='lat' dir='ltr'>Palinuri.</span> <span class='ocrx_word' id='word_1_269' title='bbox 1254 1090 1324 1131; x_wconf 86' lang='lat' dir='ltr'>Ipse</span> <span class='ocrx_word' id='word_1_270' title='bbox 1334 1090 1456 1120; x_wconf 67' lang='lat' dir='ltr'>Soranus</span> <span class='ocrx_word' id='word_1_271' title='bbox 1462 1090 1595 1121; x_wconf 65' lang='lat' dir='ltr'>Lethzrus</span> 
     </span>
     <span class='ocr_line' id='line_1_51' title="bbox 937 1138 1595 1180; baseline 0 -10"><span class='ocrx_word' id='word_1_272' title='bbox 937 1140 1054 1180; x_wconf 79' lang='lat' dir='ltr'>Georg.</span> <span class='ocrx_word' id='word_1_273' title='bbox 1077 1138 1097 1168; x_wconf 87' lang='lat' dir='ltr'>i.</span> <span class='ocrx_word' id='word_1_274' title='bbox 1114 1139 1164 1168; x_wconf 88' lang='lat'>87.</span> <span class='ocrx_word' id='word_1_275' title='bbox 1210 1138 1306 1180; x_wconf 80' lang='lat' dir='ltr'>Apud</span> <span class='ocrx_word' id='word_1_276' title='bbox 1322 1139 1420 1180; x_wconf 88' lang='lat' dir='ltr'>Orph.</span> <span class='ocrx_word' id='word_1_277' title='bbox 1439 1143 1479 1170; x_wconf 91' lang='lat' dir='ltr'>H.</span> <span class='ocrx_word' id='word_1_278' title='bbox 1496 1140 1547 1170; x_wconf 85' lang='lat'>84.</span> <span class='ocrx_word' id='word_1_279' title='bbox 1564 1141 1595 1170; x_wconf 89' lang='lat'>8.</span> 
     </span>
     <span class='ocr_line' id='line_1_52' title="bbox 937 1187 1595 1219; baseline -0.002 0"><span class='ocrx_word' id='word_1_280' title='bbox 937 1190 1069 1219; x_wconf 82' lang='lat' dir='ltr'>Somnus</span> <span class='ocrx_word' id='word_1_281' title='bbox 1084 1194 1131 1218; x_wconf 88' lang='lat' dir='ltr'>est</span> <span class='ocrx_word' id='word_1_282' title='bbox 1151 1188 1245 1218; x_wconf 81' lang='lat' dir='ltr'>frater</span> <span class='ocrx_word' id='word_1_283' title='bbox 1266 1187 1389 1218; x_wconf 88' lang='lat' dir='ltr'>Lethes.</span> <span class='ocrx_word' id='word_1_284' title='bbox 1434 1188 1507 1218; x_wconf 86' lang='lat' dir='ltr'>Noli</span> <span class='ocrx_word' id='word_1_285' title='bbox 1523 1199 1595 1218; x_wconf 87' lang='lat' dir='ltr'>cum</span> 
     </span>
     <span class='ocr_line' id='line_1_53' title="bbox 940 1236 1596 1267; baseline 0 0"><span class='ocrx_word' id='word_1_286' title='bbox 940 1236 1068 1267; x_wconf 79' lang='lat' dir='ltr'>Barthio</span> <span class='ocrx_word' id='word_1_287' title='bbox 1097 1242 1129 1267; x_wconf 85' lang='lat' dir='ltr'>et</span> <span class='ocrx_word' id='word_1_288' title='bbox 1155 1237 1336 1266; x_wconf 88' lang='lat' dir='ltr'>Burmanno</span> <span class='ocrx_word' id='word_1_289' title='bbox 1369 1236 1483 1267; x_wconf 79' lang='lat' dir='ltr'>offendi</span> <span class='ocrx_word' id='word_1_290' title='bbox 1512 1240 1596 1267; x_wconf 77' lang='lat' dir='ltr'>wida</span> 
     </span>
     <span class='ocr_line' id='line_1_54' title="bbox 936 1285 1597 1326; baseline 0.002 -10"><span class='ocrx_word' id='word_1_291' title='bbox 936 1297 990 1326; x_wconf 81' lang='lat' dir='ltr'>per</span> <span class='ocrx_word' id='word_1_292' title='bbox 1004 1288 1101 1316; x_wconf 74' lang='lat' dir='ltr'>rivum</span> <span class='ocrx_word' id='word_1_293' title='bbox 1119 1287 1244 1321; x_wconf 78' lang='lat' dir='ltr'>labente,</span> <span class='ocrx_word' id='word_1_294' title='bbox 1259 1295 1332 1316; x_wconf 85' lang='lat' dir='ltr'>nam</span> <span class='ocrx_word' id='word_1_295' title='bbox 1353 1285 1409 1316; x_wconf 83' lang='lat' dir='ltr'>fert</span> <span class='ocrx_word' id='word_1_296' title='bbox 1425 1285 1482 1316; x_wconf 90' lang='lat' dir='ltr'>hoc</span> <span class='ocrx_word' id='word_1_297' title='bbox 1498 1297 1597 1317; x_wconf 87' lang='lat' dir='ltr'>sermo</span> 
     </span>
     <span class='ocr_line' id='line_1_55' title="bbox 941 1333 1597 1376; baseline 0 -11"><span class='ocrx_word' id='word_1_298' title='bbox 941 1336 1075 1365; x_wconf 85' lang='lat' dir='ltr'>Roman.</span> <span class='ocrx_word' id='word_1_299' title='bbox 1104 1335 1254 1376; x_wconf 86' lang='lat' dir='ltr'>poeticus,</span> <span class='ocrx_word' id='word_1_300' title='bbox 1291 1333 1345 1375; x_wconf 89' lang='lat' dir='ltr'>qui</span> <span class='ocrx_word' id='word_1_301' title='bbox 1382 1345 1465 1375; x_wconf 84' lang='lat' dir='ltr'>saepe</span> <span class='ocrx_word' id='word_1_302' title='bbox 1497 1337 1597 1365; x_wconf 75' lang='lat' dir='ltr'>rivum</span> 
     </span>
     <span class='ocr_line' id='line_1_56' title="bbox 940 1383 1598 1423; baseline 0.002 -10"><span class='ocrx_word' id='word_1_303' title='bbox 940 1394 1022 1422; x_wconf 82' lang='lat' dir='ltr'>aquae</span> <span class='ocrx_word' id='word_1_304' title='bbox 1045 1383 1132 1418; x_wconf 84' lang='lat' dir='ltr'>dicit,</span> <span class='ocrx_word' id='word_1_305' title='bbox 1153 1383 1205 1413; x_wconf 87' lang='lat' dir='ltr'>ubi</span> <span class='ocrx_word' id='word_1_306' title='bbox 1225 1385 1305 1422; x_wconf 78' lang='lat' dir='ltr'>ripas</span> <span class='ocrx_word' id='word_1_307' title='bbox 1331 1383 1538 1423; x_wconf 57' lang='lat' dir='ltr'>expecffimses,</span> <span class='ocrx_word' id='word_1_308' title='bbox 1563 1390 1598 1414; x_wconf 90' lang='lat' dir='ltr'>ut</span> 
     </span>
     <span class='ocr_line' id='line_1_57' title="bbox 940 1431 1596 1473; baseline 0.002 -11"><span class='ocrx_word' id='word_1_309' title='bbox 940 1432 1023 1473; x_wconf 83' lang='lat' dir='ltr'>apud</span> <span class='ocrx_word' id='word_1_310' title='bbox 1038 1432 1211 1466; x_wconf 87' lang='lat' dir='ltr'>Tibullum,</span> <span class='ocrx_word' id='word_1_311' title='bbox 1230 1432 1255 1462; x_wconf 90' lang='grc' dir='ltr'>Ι.</span> <span class='ocrx_word' id='word_1_312' title='bbox 1272 1431 1292 1461; x_wconf 90' lang='lat' dir='ltr'>i.</span> <span class='ocrx_word' id='word_1_313' title='bbox 1308 1433 1360 1461; x_wconf 85' lang='lat'>28.</span> <span class='ocrx_word' id='word_1_314' title='bbox 1384 1431 1487 1461; x_wconf 88' lang='lat' dir='ltr'>Licuit</span> <span class='ocrx_word' id='word_1_315' title='bbox 1502 1433 1596 1463; x_wconf 88' lang='lat' dir='ltr'>etiam</span> 
     </span>
     <span class='ocr_line' id='line_1_58' title="bbox 940 1479 1598 1521; baseline 0.003 -11"><span class='ocrx_word' id='word_1_316' title='bbox 940 1480 1083 1521; x_wconf 70' lang='lat' dir='ltr'>Virgilio,</span> <span class='ocrx_word' id='word_1_317' title='bbox 1098 1481 1214 1521; x_wconf 85' lang='lat' dir='ltr'>Georg.</span> <span class='ocrx_word' id='word_1_318' title='bbox 1230 1480 1262 1510; x_wconf 90' lang='lat' dir='ltr'>ii.</span> <span class='ocrx_word' id='word_1_319' title='bbox 1278 1481 1351 1510; x_wconf 82' lang='lat'>460.</span> <span class='ocrx_word' id='word_1_320' title='bbox 1367 1479 1481 1516; x_wconf 88' lang='lat' dir='ltr'>dicere,</span> <span class='ocrx_word' id='word_1_321' title='bbox 1497 1481 1598 1513; x_wconf 81' lang='lat' dir='ltr'>Tellus</span> 
     </span>
    </p>
   </div>
   <div class='ocr_carea' id='block_1_9' title="bbox 929 1528 1598 1571">
    <p class='ocr_par' dir='ltr' id='par_1_13' title="bbox 929 1528 1598 1571">
     <span class='ocr_line' id='line_1_59' title="bbox 929 1528 1598 1571; baseline 0.004 -13"><span class='ocrx_word' id='word_1_322' title='bbox 929 1529 1047 1569; x_wconf 63' lang='grc' dir='ltr'>ιᾒιηᾱὶΐ</span> <span class='ocrx_word' id='word_1_323' title='bbox 1071 1530 1158 1559; x_wconf 76' lang='lat' dir='ltr'>humo</span> <span class='ocrx_word' id='word_1_324' title='bbox 1178 1530 1300 1564; x_wconf 73' lang='lat' dir='ltr'>victum,</span> <span class='ocrx_word' id='word_1_325' title='bbox 1323 1529 1376 1559; x_wconf 84' lang='lat' dir='ltr'>ubi</span> <span class='ocrx_word' id='word_1_326' title='bbox 1401 1528 1470 1560; x_wconf 88' lang='lat' dir='ltr'>vide</span> <span class='ocrx_word' id='word_1_327' title='bbox 1493 1531 1598 1571; x_wconf 88' lang='lat' dir='ltr'>Heyn.</span> 
     </span>
    </p>
   </div>
   <div class='ocr_carea' id='block_1_10' title="bbox 941 1577 1604 2641">
    <p class='ocr_par' dir='ltr' id='par_1_14' title="bbox 941 1577 1601 2192">
     <span class='ocr_line' id='line_1_60' title="bbox 941 1577 1596 1620; baseline 0.006 -14"><span class='ocrx_word' id='word_1_328' title='bbox 941 1577 1030 1608; x_wconf 86' lang='lat' dir='ltr'>Idem</span> <span class='ocrx_word' id='word_1_329' title='bbox 1049 1578 1167 1618; x_wconf 87' lang='lat' dir='ltr'>Georg.</span> <span class='ocrx_word' id='word_1_330' title='bbox 1185 1578 1225 1607; x_wconf 89' lang='lat' dir='ltr'>iv.</span> <span class='ocrx_word' id='word_1_331' title='bbox 1243 1578 1444 1618; x_wconf 83' lang='lat' dir='ltr'>457.fugere</span> <span class='ocrx_word' id='word_1_332' title='bbox 1464 1589 1517 1618; x_wconf 81' lang='lat' dir='ltr'>per</span> <span class='ocrx_word' id='word_1_333' title='bbox 1527 1581 1596 1620; x_wconf 85' lang='lat' dir='ltr'>flu-</span> 
     </span>
     <span class='ocr_line' id='line_1_61' title="bbox 942 1625 1598 1669; baseline 0.005 -14"><span class='ocrx_word' id='word_1_334' title='bbox 942 1628 1022 1656; x_wconf 78' lang='lat' dir='ltr'>mina</span> <span class='ocrx_word' id='word_1_335' title='bbox 1033 1636 1098 1667; x_wconf 87' lang='lat' dir='ltr'>pro,</span> <span class='ocrx_word' id='word_1_336' title='bbox 1108 1626 1140 1656; x_wconf 89' lang='lat' dir='ltr'>in</span> <span class='ocrx_word' id='word_1_337' title='bbox 1156 1625 1223 1666; x_wconf 85' lang='lat' dir='ltr'>ripa</span> <span class='ocrx_word' id='word_1_338' title='bbox 1237 1625 1383 1656; x_wconf 87' lang='lat' dir='ltr'>fluminis.</span> <span class='ocrx_word' id='word_1_339' title='bbox 1409 1627 1506 1657; x_wconf 69' lang='lat' dir='ltr'>Rz‘vus</span> <span class='ocrx_word' id='word_1_340' title='bbox 1515 1638 1598 1669; x_wconf 83' lang='lat' dir='ltr'>saepe</span> 
     </span>
     <span class='ocr_line' id='line_1_62' title="bbox 941 1674 1598 1712; baseline 0.003 -7"><span class='ocrx_word' id='word_1_341' title='bbox 941 1679 989 1705; x_wconf 88' lang='lat' dir='ltr'>est</span> <span class='ocrx_word' id='word_1_342' title='bbox 1008 1675 1137 1712; x_wconf 88' lang='lat' dir='ltr'>alveus;</span> <span class='ocrx_word' id='word_1_343' title='bbox 1160 1674 1319 1710; x_wconf 86' lang='lat' dir='ltr'>Horatius,</span> <span class='ocrx_word' id='word_1_344' title='bbox 1335 1674 1382 1705; x_wconf 82' lang='grc' dir='ltr'>ΙΙ.</span> <span class='ocrx_word' id='word_1_345' title='bbox 1400 1674 1461 1706; x_wconf 90' lang='lat' dir='ltr'>Od.</span> <span class='ocrx_word' id='word_1_346' title='bbox 1482 1674 1526 1706; x_wconf 86' lang='lat' dir='ltr'>iii.</span> <span class='ocrx_word' id='word_1_347' title='bbox 1548 1677 1598 1707; x_wconf 82' lang='lat' dir='ltr'>ll.</span> 
     </span>
     <span class='ocr_line' id='line_1_63' title="bbox 944 1722 1595 1764; baseline 0.003 -12"><span class='ocrx_word' id='word_1_348' title='bbox 944 1724 1056 1752; x_wconf 72' lang='lat' dir='ltr'>laborat</span> <span class='ocrx_word' id='word_1_349' title='bbox 1078 1723 1198 1763; x_wconf 72' lang='lat' dir='ltr'>lympha</span> <span class='ocrx_word' id='word_1_350' title='bbox 1212 1722 1317 1764; x_wconf 68' lang='lat' dir='ltr'>fugax</span> <span class='ocrx_word' id='word_1_351' title='bbox 1338 1725 1488 1762; x_wconf 73' lang='lat' dir='ltr'>trepidare</span> <span class='ocrx_word' id='word_1_352' title='bbox 1506 1726 1595 1761; x_wconf 78' lang='lat' dir='ltr'>rivo,-</span> 
     </span>
     <span class='ocr_line' id='line_1_64' title="bbox 942 1771 1599 1813; baseline 0.003 -11"><span class='ocrx_word' id='word_1_353' title='bbox 942 1771 969 1802; x_wconf 89' lang='grc' dir='ltr'>Ι.</span> <span class='ocrx_word' id='word_1_354' title='bbox 983 1772 1041 1813; x_wconf 87' lang='lat' dir='ltr'>Ep.</span> <span class='ocrx_word' id='word_1_355' title='bbox 1054 1783 1084 1802; x_wconf 89' lang='lat' dir='ltr'>x.</span> <span class='ocrx_word' id='word_1_356' title='bbox 1099 1773 1153 1801; x_wconf 83' lang='lat'>21.</span> <span class='ocrx_word' id='word_1_357' title='bbox 1166 1781 1248 1812; x_wconf 82' lang='lat' dir='ltr'>aqua</span> <span class='ocrx_word' id='word_1_358' title='bbox 1261 1782 1314 1810; x_wconf 74' lang='lat' dir='ltr'>per</span> <span class='ocrx_word' id='word_1_359' title='bbox 1328 1783 1454 1811; x_wconf 76' lang='lat' dir='ltr'>pronum</span> <span class='ocrx_word' id='word_1_360' title='bbox 1470 1775 1599 1813; x_wconf 75' lang='lat' dir='ltr'>trepidat</span> 
     </span>
     <span class='ocr_line' id='line_1_65' title="bbox 943 1821 1601 1861; baseline 0.006 -12"><span class='ocrx_word' id='word_1_361' title='bbox 943 1831 1011 1850; x_wconf 76' lang='lat' dir='ltr'>cum</span> <span class='ocrx_word' id='word_1_362' title='bbox 1048 1831 1200 1850; x_wconf 79' lang='lat' dir='ltr'>murmure</span> <span class='ocrx_word' id='word_1_363' title='bbox 1243 1822 1352 1850; x_wconf 76' lang='lat' dir='ltr'>rivum.</span> <span class='ocrx_word' id='word_1_364' title='bbox 1414 1821 1601 1861; x_wconf 80' lang='lat' dir='ltr'>Crepitautes</span> 
     </span>
     <span class='ocr_line' id='line_1_66' title="bbox 944 1869 1599 1912; baseline 0.003 -13"><span class='ocrx_word' id='word_1_365' title='bbox 944 1870 1041 1909; x_wconf 73' lang='lat' dir='ltr'>lapilli</span> <span class='ocrx_word' id='word_1_366' title='bbox 1046 1893 1052 1905; x_wconf 86' lang='lat'>,</span> <span class='ocrx_word' id='word_1_367' title='bbox 1064 1879 1194 1910; x_wconf 91' lang='lat' dir='ltr'>quorum</span> <span class='ocrx_word' id='word_1_368' title='bbox 1202 1869 1325 1911; x_wconf 84' lang='lat' dir='ltr'>objectu</span> <span class='ocrx_word' id='word_1_369' title='bbox 1333 1869 1424 1900; x_wconf 80' lang='lat' dir='ltr'>undae</span> <span class='ocrx_word' id='word_1_370' title='bbox 1436 1872 1599 1912; x_wconf 86' lang='lat' dir='ltr'>crepitum,</span> 
     </span>
     <span class='ocr_line' id='line_1_67' title="bbox 942 1917 1600 1959; baseline 0.006 -12"><span class='ocrx_word' id='word_1_371' title='bbox 942 1928 1080 1948; x_wconf 88' lang='lat' dir='ltr'>murmur</span> <span class='ocrx_word' id='word_1_372' title='bbox 1104 1917 1232 1948; x_wconf 86' lang='lat' dir='ltr'>faciunt.</span> <span class='ocrx_word' id='word_1_373' title='bbox 1278 1918 1466 1959; x_wconf 88' lang='lat' dir='ltr'>Hujusmodi</span> <span class='ocrx_word' id='word_1_374' title='bbox 1495 1926 1600 1951; x_wconf 83' lang='lat' dir='ltr'>autem</span> 
     </span>
     <span class='ocr_line' id='line_1_68' title="bbox 943 1966 1600 2006; baseline 0.005 -10"><span class='ocrx_word' id='word_1_375' title='bbox 943 1977 1080 1996; x_wconf 89' lang='lat' dir='ltr'>murmur</span> <span class='ocrx_word' id='word_1_376' title='bbox 1104 1966 1254 1997; x_wconf 89' lang='lat' dir='ltr'>facillime</span> <span class='ocrx_word' id='word_1_377' title='bbox 1275 1977 1417 1997; x_wconf 86' lang='lat' dir='ltr'>somnum</span> <span class='ocrx_word' id='word_1_378' title='bbox 1443 1969 1600 2006; x_wconf 87' lang='lat' dir='ltr'>conciliat,</span> 
     </span>
     <span class='ocr_line' id='line_1_69' title="bbox 942 2014 1600 2057; baseline 0.006 -12"><span class='ocrx_word' id='word_1_379' title='bbox 942 2014 986 2045; x_wconf 84' lang='lat' dir='ltr'>iii.</span> <span class='ocrx_word' id='word_1_380' title='bbox 998 2015 1081 2045; x_wconf 86' lang='lat' dir='ltr'>Fast.</span> <span class='ocrx_word' id='word_1_381' title='bbox 1094 2016 1130 2045; x_wconf 83' lang='lat'>17</span> <span class='ocrx_word' id='word_1_382' title='bbox 1146 2027 1154 2053; x_wconf 86' lang='lat'>;</span> <span class='ocrx_word' id='word_1_383' title='bbox 1179 2015 1288 2046; x_wconf 89' lang='lat' dir='ltr'>Horat.</span> <span class='ocrx_word' id='word_1_384' title='bbox 1305 2015 1407 2057; x_wconf 90' lang='lat' dir='ltr'>Epod.</span> <span class='ocrx_word' id='word_1_385' title='bbox 1422 2016 1466 2047; x_wconf 87' lang='grc' dir='ltr'>ΙΙ.</span> <span class='ocrx_word' id='word_1_386' title='bbox 1481 2029 1532 2048; x_wconf 71' lang='lat' dir='ltr'>XV.</span> <span class='ocrx_word' id='word_1_387' title='bbox 1546 2019 1600 2050; x_wconf 76' lang='lat'>27.</span> 
     </span>
     <span class='ocr_line' id='line_1_70' title="bbox 944 2064 1600 2106; baseline 0.008 -13"><span class='ocrx_word' id='word_1_388' title='bbox 944 2064 1025 2094; x_wconf 89' lang='lat' dir='ltr'>Hinc</span> <span class='ocrx_word' id='word_1_389' title='bbox 1047 2064 1208 2105; x_wconf 65' lang='lat' dir='ltr'>somnifera</span> <span class='ocrx_word' id='word_1_390' title='bbox 1231 2065 1349 2104; x_wconf 78' lang='lat' dir='ltr'>lympha</span> <span class='ocrx_word' id='word_1_391' title='bbox 1375 2065 1457 2106; x_wconf 88' lang='lat' dir='ltr'>apud</span> <span class='ocrx_word' id='word_1_392' title='bbox 1478 2066 1600 2098; x_wconf 84' lang='lat' dir='ltr'>Silium.</span> 
     </span>
     <span class='ocr_line' id='line_1_71' title="bbox 942 2113 1600 2154; baseline 0.008 -12"><span class='ocrx_word' id='word_1_393' title='bbox 942 2113 1040 2154; x_wconf 90' lang='lat' dir='ltr'>Apud</span> <span class='ocrx_word' id='word_1_394' title='bbox 1060 2113 1194 2143; x_wconf 85' lang='lat' dir='ltr'>Statium</span> <span class='ocrx_word' id='word_1_395' title='bbox 1213 2119 1320 2143; x_wconf 89' lang='lat' dir='ltr'>contra</span> <span class='ocrx_word' id='word_1_396' title='bbox 1340 2113 1453 2145; x_wconf 86' lang='lat' dir='ltr'>fluvius</span> <span class='ocrx_word' id='word_1_397' title='bbox 1473 2115 1600 2147; x_wconf 89' lang='lat' dir='ltr'>tacitur-</span> 
     </span>
     <span class='ocr_line' id='line_1_72' title="bbox 943 2161 1143 2192; baseline 0.005 -1"><span class='ocrx_word' id='word_1_398' title='bbox 943 2171 1001 2191; x_wconf 89' lang='lat' dir='ltr'>nus</span> <span class='ocrx_word' id='word_1_399' title='bbox 1017 2161 1143 2192; x_wconf 87' lang='lat' dir='ltr'>labitur.</span> 
     </span>
    </p>

    <p class='ocr_par' dir='ltr' id='par_1_15' title="bbox 943 2210 1604 2641">
     <span class='ocr_line' id='line_1_73' title="bbox 986 2210 1601 2253; baseline 0.007 -13"><span class='ocrx_word' id='word_1_400' title='bbox 986 2210 1059 2241; x_wconf 89' lang='lat'>605.</span> <span class='ocrx_word' id='word_1_401' title='bbox 1085 2210 1253 2250; x_wconf 72' lang='lat' dir='ltr'>Papavera,</span> <span class='ocrx_word' id='word_1_402' title='bbox 1264 2212 1352 2252; x_wconf 86' lang='lat' dir='ltr'>nigra</span> <span class='ocrx_word' id='word_1_403' title='bbox 1367 2210 1527 2253; x_wconf 85' lang='lat' dir='ltr'>imprimis,</span> <span class='ocrx_word' id='word_1_404' title='bbox 1539 2213 1601 2244; x_wconf 90' lang='lat' dir='ltr'>vim</span> 
     </span>
     <span class='ocr_line' id='line_1_74' title="bbox 943 2259 1603 2304; baseline 0.009 -16"><span class='ocrx_word' id='word_1_405' title='bbox 943 2259 1059 2289; x_wconf 85' lang='lat' dir='ltr'>habent</span> <span class='ocrx_word' id='word_1_406' title='bbox 1073 2260 1277 2300; x_wconf 84' lang='lat' dir='ltr'>soporificam.</span> <span class='ocrx_word' id='word_1_407' title='bbox 1311 2260 1472 2301; x_wconf 80' lang='lat' dir='ltr'>Virgilius,</span> <span class='ocrx_word' id='word_1_408' title='bbox 1487 2262 1603 2304; x_wconf 87' lang='lat' dir='ltr'>Georg.</span> 
     </span>
     <span class='ocr_line' id='line_1_75' title="bbox 944 2307 1602 2350; baseline 0.006 -13"><span class='ocrx_word' id='word_1_409' title='bbox 944 2307 966 2337; x_wconf 91' lang='lat' dir='ltr'>i.</span> <span class='ocrx_word' id='word_1_410' title='bbox 994 2308 1045 2338; x_wconf 79' lang='lat'>78.</span> <span class='ocrx_word' id='word_1_411' title='bbox 1066 2309 1166 2338; x_wconf 59' lang='lat' dir='ltr'>lethaeo</span> <span class='ocrx_word' id='word_1_412' title='bbox 1182 2309 1307 2350; x_wconf 68' lang='lat' dir='ltr'>pevjizsa</span> <span class='ocrx_word' id='word_1_413' title='bbox 1325 2319 1473 2348; x_wconf 76' lang='lat' dir='ltr'>papavera</span> <span class='ocrx_word' id='word_1_414' title='bbox 1494 2321 1602 2347; x_wconf 82' lang='lat' dir='ltr'>somno,</span> 
     </span>
     <span class='ocr_line' id='line_1_76' title="bbox 945 2355 1600 2390; baseline 0.006 -4"><span class='ocrx_word' id='word_1_415' title='bbox 945 2355 998 2386; x_wconf 90' lang='lat' dir='ltr'>ubi</span> <span class='ocrx_word' id='word_1_416' title='bbox 1022 2355 1086 2386; x_wconf 86' lang='lat' dir='ltr'>vid.</span> <span class='ocrx_word' id='word_1_417' title='bbox 1104 2357 1235 2388; x_wconf 77' lang='lat' dir='ltr'>Martio.</span> <span class='ocrx_word' id='word_1_418' title='bbox 1258 2357 1342 2388; x_wconf 84' lang='lat' dir='ltr'>Fast.</span> <span class='ocrx_word' id='word_1_419' title='bbox 1361 2357 1402 2387; x_wconf 91' lang='lat' dir='ltr'>iv.</span> <span class='ocrx_word' id='word_1_420' title='bbox 1426 2358 1502 2388; x_wconf 88' lang='lat'>547.</span> <span class='ocrx_word' id='word_1_421' title='bbox 1526 2370 1600 2390; x_wconf 79' lang='lat' dir='ltr'>som-</span> 
     </span>
     <span class='ocr_line' id='line_1_77' title="bbox 946 2406 1602 2445; baseline 0.008 -11"><span class='ocrx_word' id='word_1_422' title='bbox 946 2407 1032 2445; x_wconf 78' lang='lat' dir='ltr'>nique</span> <span class='ocrx_word' id='word_1_423' title='bbox 1057 2416 1205 2444; x_wconf 74' lang='lat' dir='ltr'>papavera</span> <span class='ocrx_word' id='word_1_424' title='bbox 1234 2417 1338 2436; x_wconf 77' lang='lat' dir='ltr'>causas</span> <span class='ocrx_word' id='word_1_425' title='bbox 1364 2406 1428 2436; x_wconf 79' lang='lat' dir='ltr'>Dat</span> <span class='ocrx_word' id='word_1_426' title='bbox 1453 2408 1506 2437; x_wconf 79' lang='lat' dir='ltr'>tibi</span> <span class='ocrx_word' id='word_1_427' title='bbox 1534 2420 1602 2439; x_wconf 86' lang='lat' dir='ltr'>cum</span> 
     </span>
     <span class='ocr_line' id='line_1_78' title="bbox 945 2455 1602 2493; baseline 0.009 -11"><span class='ocrx_word' id='word_1_428' title='bbox 945 2455 1041 2491; x_wconf 81' lang='lat' dir='ltr'>tepido</span> <span class='ocrx_word' id='word_1_429' title='bbox 1056 2455 1131 2484; x_wconf 79' lang='lat' dir='ltr'>lacte</span> <span class='ocrx_word' id='word_1_430' title='bbox 1153 2456 1275 2485; x_wconf 81' lang='lat' dir='ltr'>bibenda</span> <span class='ocrx_word' id='word_1_431' title='bbox 1293 2466 1378 2493; x_wconf 83' lang='lat' dir='ltr'>puer.</span> <span class='ocrx_word' id='word_1_432' title='bbox 1414 2455 1498 2486; x_wconf 89' lang='lat' dir='ltr'>Hinc</span> <span class='ocrx_word' id='word_1_433' title='bbox 1513 2457 1602 2487; x_wconf 86' lang='lat' dir='ltr'>Som-</span> 
     </span>
     <span class='ocr_line' id='line_1_79' title="bbox 946 2502 1604 2545; baseline 0.006 -13"><span class='ocrx_word' id='word_1_434' title='bbox 946 2512 1004 2532; x_wconf 90' lang='lat' dir='ltr'>nus</span> <span class='ocrx_word' id='word_1_435' title='bbox 1017 2502 1203 2543; x_wconf 79' lang='lat' dir='ltr'>pingebatur</span> <span class='ocrx_word' id='word_1_436' title='bbox 1218 2513 1289 2533; x_wconf 91' lang='lat' dir='ltr'>cum</span> <span class='ocrx_word' id='word_1_437' title='bbox 1304 2513 1472 2545; x_wconf 87' lang='lat' dir='ltr'>papavere.</span> <span class='ocrx_word' id='word_1_438' title='bbox 1511 2505 1604 2536; x_wconf 88' lang='lat' dir='ltr'>Circa</span> 
     </span>
     <span class='ocr_line' id='line_1_80' title="bbox 946 2551 1603 2594; baseline 0.006 -14"><span class='ocrx_word' id='word_1_439' title='bbox 946 2557 1037 2580; x_wconf 80' lang='lat' dir='ltr'>antra</span> <span class='ocrx_word' id='word_1_440' title='bbox 1062 2551 1193 2582; x_wconf 83' lang='lat' dir='ltr'>feliciter</span> <span class='ocrx_word' id='word_1_441' title='bbox 1217 2557 1248 2582; x_wconf 89' lang='lat' dir='ltr'>et</span> <span class='ocrx_word' id='word_1_442' title='bbox 1277 2562 1335 2582; x_wconf 85' lang='lat' dir='ltr'>sua</span> <span class='ocrx_word' id='word_1_443' title='bbox 1363 2558 1469 2594; x_wconf 87' lang='lat' dir='ltr'>sponte</span> <span class='ocrx_word' id='word_1_444' title='bbox 1494 2564 1603 2594; x_wconf 89' lang='lat' dir='ltr'>prove-</span> 
     </span>
     <span class='ocr_line' id='line_1_81' title="bbox 946 2599 1601 2641; baseline 0.005 -12"><span class='ocrx_word' id='word_1_445' title='bbox 946 2599 1035 2630; x_wconf 87' lang='lat' dir='ltr'>niunt</span> <span class='ocrx_word' id='word_1_446' title='bbox 1063 2599 1207 2641; x_wconf 83' lang='lat' dir='ltr'>virgulta.</span> <span class='ocrx_word' id='word_1_447' title='bbox 1252 2601 1410 2632; x_wconf 83' lang='lat' dir='ltr'>Lucianus</span> <span class='ocrx_word' id='word_1_448' title='bbox 1438 2601 1470 2631; x_wconf 89' lang='lat' dir='ltr'>in</span> <span class='ocrx_word' id='word_1_449' title='bbox 1496 2602 1601 2633; x_wconf 84' lang='lat' dir='ltr'>Somni</span> 
     </span>
    </p>
   </div>
   <div class='ocr_carea' id='block_1_11' title="bbox 945 2647 1602 2728">
    <p class='ocr_par' dir='ltr' id='par_1_16' title="bbox 945 2647 1602 2728">
     <span class='ocr_line' id='line_1_82' title="bbox 945 2647 1602 2692; baseline 0.006 -14"><span class='ocrx_word' id='word_1_450' title='bbox 945 2647 1048 2679; x_wconf 83' lang='lat' dir='ltr'>insula</span> <span class='ocrx_word' id='word_1_451' title='bbox 1061 2648 1172 2680; x_wconf 87' lang='lat' dir='ltr'>silvam</span> <span class='ocrx_word' id='word_1_452' title='bbox 1193 2650 1279 2692; x_wconf 88' lang='lat' dir='ltr'>ponit</span> <span class='ocrx_word' id='word_1_453' title='bbox 1300 2660 1427 2691; x_wconf 87' lang='lat' dir='ltr'>procera</span> <span class='ocrx_word' id='word_1_454' title='bbox 1445 2660 1602 2692; x_wconf 81' lang='lat' dir='ltr'>papavera</span> 
     </span>
     <span class='ocr_line' id='line_1_83' title="bbox 945 2697 1123 2728; baseline 0.006 -2"><span class='ocrx_word' id='word_1_455' title='bbox 945 2697 1123 2728; x_wconf 83' lang='lat' dir='ltr'>habentem.</span> 
     </span>
    </p>
   </div>
  </div>
 </body>
</html>
