1779 3130
357 163 976 206 METAMORPHOSEON
1011 163 1130 205 LIB.
1163 164 1296 206 XIV.
1444 165 1527 205 373

146 278 409 340 Inquinat:
449 279 562 325 huic
587 278 723 325 fusos
748 278 921 325 latices
947 278 1112 326 radice
1137 278 1333 325 nocenti

147 354 374 417 Spargit3
416 362 466 402 et
484 356 748 401 obscurum
773 355 1032 401 verborum
1058 355 1267 416 ambage
1293 369 1529 401 novorum

145 429 241 477 Ter
265 431 433 477 novies
458 447 657 477 carmen
683 431 874 491 magico
901 432 1238 479 demurmurat
1262 447 1362 478 ore.

149 506 319 569 Scylla
342 507 492 562 venit,
520 507 784 568 mediaque
811 515 954 554 tenus
980 508 1309 555 descenderat
1333 507 1459 561 alvo,

147 583 312 636 Quum
339 600 426 630 sua
450 583 620 630 foedari
647 584 944 631 latrantibus
971 584 1174 646 inguina
1199 582 1430 630 monstris
1470 585 1534 629 60

147 659 368 722 Aspicit;
409 676 465 706 ac
492 660 649 723 primo
675 676 773 705 non
798 660 1006 707 credens
1032 659 1250 722 corporis
1276 659 1385 706 illas

150 734 275 782 Esse
301 735 376 781 sui
402 743 585 798 partes,
613 735 911 797 refugitque,
940 736 1211 798 abigitque,
1238 735 1484 797 timetque

151 811 252 857 Ora
271 818 498 874 proterva
516 828 696 859 canum
715 828 724 859 :
754 811 842 858 sed
863 828 986 874 quos
1008 811 1147 873 fugit,
1173 810 1374 858 attrahit
1393 826 1514 866 una;

150 886 215 933 Et
240 903 419 950 corpus
446 904 672 950 quaerens
698 887 956 943 femorum,
983 904 1298 949 crurumque,
1326 887 1534 950 pedum-

150 963 424 1010 Cerbereos
449 964 600 1010 rictus
626 979 714 1026 pro
739 964 961 1026 partibus
989 964 1174 1011 invenit
1198 963 1322 1011 illis:
1392 965 1529 1026 [que,

152 1039 362 1102 Statque
389 1056 568 1086 canum
594 1040 773 1096 rabies,
803 1041 1129 1102 subjectaque
1154 1047 1294 1101 terga
1320 1038 1534 1086 ferarum

153 1115 446 1177 Inguinibus
470 1116 672 1171 truncis,
695 1123 938 1178 uteroque
965 1123 1185 1171 extante,
1213 1123 1426 1162 coercet.
1472 1118 1532 1162 67

218 1192 374 1240 Flevit
390 1209 560 1239 amans
579 1193 826 1249 Glaucus3
852 1193 1157 1254 nimiumque
1175 1192 1416 1238 hostiliter
1436 1208 1536 1238 usae

150 1268 351 1314 Viribus
376 1270 638 1315 herbarum
664 1269 791 1331 fugit
815 1268 1064 1315 connubia
1090 1267 1279 1314 Circes.
1360 1269 1534 1328 [mum‚

154 1344 322 1407 Scylla
345 1345 455 1392 loco
481 1345 662 1392 mansit
684 1362 693 1392 :
735 1361 991 1407 quumque
1021 1350 1097 1391 est
1121 1344 1238 1390 data
1268 1343 1411 1407 copia
1437 1344 1533 1407 pri-

153 1420 210 1466 Iu
239 1420 410 1467 Circes
436 1421 603 1467 odium
630 1421 775 1467 sociis
802 1421 1030 1483 spoliavit
1057 1420 1259 1467 Ulixen.
1475 1424 1531 1467 71

151 1528 200 1562 sit,
225 1528 486 1567 portentificisque.
532 1528 614 1557 Nam
639 1528 808 1566 portentifi-

151 1588 228 1612 eum‚
245 1576 361 1607 faciens
380 1583 532 1618 portenta,
548 1582 672 1607 mutans
692 1576 723 1607 in
743 1587 810 1618 por-

153 1631 238 1655 tenta
261 1636 288 1655 s.
307 1624 402 1654 miras
426 1625 547 1661 formas,
564 1625 681 1655 dictum
706 1631 762 1661 est,
779 1630 811 1655 ut

879 1526 1009 1568 phitium
1031 1526 1150 1557 caudas
1167 1531 1253 1556 utero
1273 1526 1436 1557 commissa
1454 1528 1542 1569 lupo-

879 1576 979 1606 rum.''
1027 1576 1149 1617 Nempe
1167 1575 1239 1605 inde
1259 1576 1297 1606 ab
1314 1577 1461 1612 Homero,
1477 1577 1540 1607 od.

882 1628 926 1655 M.
943 1626 983 1655 85
999 1635 1069 1665 sqq.
1086 1626 1170 1654 varie
1185 1624 1341 1666 descripta
1358 1630 1416 1655 est.
1463 1626 1541 1655 Sen-

153 1685 182 1703 v.
205 1675 281 1703 217.
305 1674 419 1713 sasifici
450 1675 552 1704 vultus
582 1673 743 1711 Medusae3
782 1680 813 1704 et

153 1722 205 1752 vii.
229 1722 301 1752 360.
327 1723 488 1762 vulnificus
510 1734 568 1753 sus.
613 1722 717 1752 Etiam
742 1732 812 1752 mox

153 1771 313 1811 antiquam
330 1771 494 1801 lectionem
509 1771 716 1801 revocandam
731 1770 811 1801 arbi-

154 1824 226 1853 tror,
245 1820 304 1849 Hic
326 1831 435 1858 pressus
452 1821 564 1855 latices,
584 1830 678 1860 quam
697 1819 814 1850 habent

156 1868 248 1908 Regii
265 1868 400 1899 codices.
447 1869 572 1904 Radice,
589 1879 626 1898 ex
649 1868 763 1903 herbis,
779 1873 814 1898 ut

156 1917 209 1946 vii.
226 1918 300 1947 264.
345 1918 488 1958 Ambages
505 1917 599 1947 etiam
617 1917 656 1947 de
676 1916 813 1947 obscuri-

155 1971 218 1995 tate
242 1965 402 2000 sermonis,
426 1971 460 1995 ut
484 1966 567 1995 Fast.
590 1967 635 1995 iv.
652 1966 727 1996 261.
753 1977 814 1995 ‹tm-

155 2015 240 2054 Imges
253 2016 337 2043 sortis
352 2015 500 2050 obscum-5
525 2019 556 2044 et
571 2014 602 2044 iu
619 2014 720 2049 Ibide,
735 2015 811 2044 377.

156 2064 291 2103 ambages
313 2064 371 2092 oris
393 2063 518 2093 obscuri.
569 2063 626 2093 Ter
642 2065 814 2093 demurmu-

157 2118 205 2140 rat
222 2123 230 2146 ,·
256 2110 325 2140 vide
342 2111 381 2141 ad
398 2110 451 2141 vii.
466 2112 542 2141 ⁶251.

200 2160 253 2189 60.
290 2159 420 2195 Fsrduri,
450 2158 625 2194 deformari,
652 2159 816 2201 corrumpi.

158 2210 263 2250 Scylla
291 2209 450 2239 succincta
476 2209 660 2238 latrantibus
688 2210 818 2249 inguina

157 2260 306 2293 monstris,
320 2258 451 2288 canibus
473 2257 610 2293 marinis,
625 2257 718 2287 etiam
735 2258 818 2298 apud

160 2307 247 2348 Virg.
263 2307 332 2337 Ecl.
349 2306 388 2337 vi.
404 2306 454 2337 75.
469 2312 500 2336 et
515 2306 579 2337 Cir.
595 2307 636 2336 59
656 2317 725 2346 sqq.
741 2306 815 2336 item

159 2357 242 2397 apud
266 2356 414 2385 Nostrum
439 2355 492 2385 vii.
510 2356 561 2385 64.
577 2355 629 2385 ubi
653 2355 736 2385 conf.
753 2361 815 2386 not.

159 2410 190 2435 et
206 2405 323 2445 Hygin.
339 2403 370 2434 ‹l.
386 2404 409 2434 l.
456 2404 562 2444 Atque
577 2404 620 2434 ita
637 2409 766 2444 apparet
783 2404 815 2433 in

164 2454 296 2495 Lipperti
326 2453 456 2494 Dactyl.
481 2453 502 2483 i.
525 2454 577 2484 78.
596 2454 649 2483 79.
696 2452 757 2482 Sed
784 2453 816 2482 in

162 2503 331 2533 Winkelm.
354 2503 443 2532 Mon.
465 2502 548 2532 ined.
569 2513 599 2532 n.
615 2503 669 2532 37.
685 2502 814 2532 exhibe—

161 2557 219 2587 tur,
240 2551 341 2592 qualis
365 2561 382 2581 a
406 2551 494 2591 Virg.
511 2552 584 2581 AEm.
608 2549 652 2580 iii.
671 2551 744 2580 426.
762 2550 815 2580 de-

161 2600 320 2631 scribitur:
346 2604 365 2616 “
380 2598 485 2629 Prima
508 2597 640 2628 hominis
664 2599 769 2634 facies,
786 2604 817 2628 et

164 2647 294 2689 pulchro
326 2652 451 2688 pectore
477 2646 563 2687 virgo
593 2647 683 2676 Pube
712 2651 821 2676 tenus:

165 2704 319 2738 postrema
331 2696 458 2727 immani
472 2706 596 2737 corpore
612 2695 730 2736 pistrix,
744 2695 821 2725 Del-

880 1684 930 1703 sus
965 1679 1093 1703 mutatae
1131 1674 1256 1703 eosdem
1295 1675 1356 1704 fere
1390 1674 1542 1715 expressit

881 1722 1042 1763 Virgilius,
1059 1722 1124 1753 Cir.
1159 1726 1179 1738 “
1194 1722 1339 1753 Piscibus
1358 1729 1389 1753 et
1413 1723 1543 1754 canibus

880 1771 996 1801 rabidis
1033 1770 1151 1801 vallata
1193 1776 1333 1811 repente,
1371 1771 1544 1802 Horribiles

880 1819 996 1849 circum
1012 1820 1089 1849 vidit
1104 1819 1163 1849 sibi
1178 1819 1285 1850 sistere
1302 1820 1424 1850 formas.
1469 1821 1540 1851 Heu

881 1869 1001 1909 quoties
1023 1868 1133 1898 mirata
1153 1879 1247 1899 novos
1267 1868 1420 1909 expalluit
1436 1871 1538 1899 artus!

882 1918 954 1958 Ipsa
974 1928 1045 1947 suos
1061 1916 1180 1958 quoties
1196 1917 1255 1947 heu
1270 1917 1431 1957 pertimuit
1446 1918 1542 1948 latra-

883 1966 972 1996 tus!‘’
1013 1966 1305 2006 Corynsfemormn,
1320 1966 1445 1996 femora.
1480 1967 1540 1997 Ju-

883 2014 982 2044 cunde
999 2025 1131 2054 (μιαν-σιω·
1145 2019 1176 2044 et
1194 2015 1318 2044 invenit.

925 2064 976 2093 66.
1016 2063 1139 2102 Statque
1167 2063 1461 2103 caman—coercet.]
1496 2063 1541 2093 H}

883 2111 944 2141 duo
960 2122 1065 2141 versus
1088 2109 1209 2140 mendis
1232 2111 1372 2141 laborare
1393 2110 1447 2140 visi
1471 2118 1543 2142 sunt

884 2159 1025 2194 Heinsio,
1055 2158 1108 2199 qui
1139 2158 1247 2194 suasit,
1278 2159 1403 2198 Statque
1434 2172 1543 2190 canum

884 2209 975 2243 rabie,
991 2207 1021 2236 h.
1039 2217 1068 2237 e.
1086 2207 1242 2237 inferiores
1258 2213 1362 2247 partes
1377 2207 1408 2236 in
1428 2217 1543 2238 canum

885 2257 1002 2287 rabiem
1023 2262 1186 2286 mutantur
1201 2268 1207 2285 z
1233 2256 1287 2286 sed
1303 2261 1396 2297 poeta
1411 2256 1467 2286 hoc
1483 2256 1542 2286 sor-

886 2311 965 2336 tasse
981 2306 1090 2341 voluit,
1107 2310 1168 2335 stat
1188 2309 1309 2334 mutata
1329 2305 1360 2334 in
1381 2315 1476 2336 canes
1497 2316 1544 2336 ra-

883 2353 991 2392 bidos3
1017 2354 1048 2384 id
1076 2359 1110 2383 ut
1135 2353 1267 2394 graviter
1291 2353 1486 2393 exprimeret,
1512 2355 1543 2385 iu

884 2402 1028 2432 duritiem
1050 2401 1208 2443 quandam
1224 2401 1352 2431 incidit:
1379 2401 1454 2431 nihil
1470 2413 1545 2443 ergo

884 2457 1010 2482 mutem.
1035 2449 1216 2481 Lactantius
1231 2449 1262 2479 in
1276 2450 1351 2490 Arg.
1368 2456 1452 2480 tenus
1465 2453 1542 2490 pube

883 2501 1005 2530 canibus
1017 2506 1058 2530 est
1073 2499 1209 2540 efferata.
1243 2501 1373 2535 Com-cet,
1389 2500 1543 2541 complec-

884 2550 968 2580 titur.

929 2599 981 2628 71.
1007 2598 1097 2629 Sociis
1111 2599 1249 2637 spoliavit
1269 2597 1403 2637 Ulixem]
1437 2597 1544 2638 Scylla

890 2657 942 2678 sex
968 2647 1089 2688 Ulyssis
1111 2647 1214 2677 socios
1233 2657 1250 2677 e
1273 2656 1350 2677 nave
1374 2646 1544 2681 devoravit,

891 2706 1072 2736 quanquam
1103 2696 1193 2727 Circe
1223 2706 1293 2726 eum
1330 2694 1546 2729 admonuerat,
