1779 3130
207 197 290 238 298

598 195 647 234 P.
682 193 891 234 OVIDII
927 194 1205 236 NASONIS

212 311 272 358 In
296 310 541 356 volucrem
567 324 746 371 corpus
771 308 873 355 nati
901 308 1222 356 Sthenele'ida
1245 325 1441 357 versum
1504 313 1593 357 581

213 386 386 433 Mente
412 385 548 432 dolet
574 385 749 448 patria,
779 401 1067 448 saevumque
1099 402 1305 448 perosus
1331 386 1577 434 Achillem

215 463 432 509 Exercet
457 478 715 516 memores,
745 463 856 525 plus
883 479 1033 525 quam
1059 462 1282 518 civiliter,
1310 463 1423 510 iras.

210 538 426 600 Jamque
450 538 553 586 fere
578 546 736 586 tracto
760 539 856 585 duo
883 556 970 602 per
995 540 1332 602 quinquennia
1356 540 1502 595 bello,

211 615 416 662 Talibus
442 615 692 662 intonsum
713 616 981 678 compellat
1009 616 1300 678 Smynthea,
1328 616 1472 662 dictis
1496 633 1506 663 z

1505 695 1526 716 l.

215 690 259 737 O
289 691 408 737 mihi
429 692 491 738 de
515 691 677 738 fratris
703 692 847 753 longe
874 692 1151 753 gratissime
1177 692 1322 746 natis,
1502 695 1596 739 086

211 768 355 815 Irrita
381 769 465 830 qui
493 785 688 816 1116611111
714 769 923 831 posuisti
949 770 1130 816 moenia
1153 769 1330 830 Trojae,

212 844 426 907 Ecquid,
455 852 508 891 ut
533 846 621 892 has
640 846 847 907 jamjam
873 861 1072 892 casuras
1099 845 1281 908 aspicis
1307 861 1463 900 arces,

211 921 466 983 Ingemis?
504 929 589 968 aut
614 922 794 984 ecquid
821 929 895 968 tot
919 922 1238 970 defendentia
1261 937 1426 968 muros

1502 924 1597 968 589

211 997 372 1044 Millia
396 1013 526 1044 caesa
550 998 722 1045 doles?
757 998 955 1060 ecquid,
984 1014 1044 1046 ne
1069 1014 1343 1062 persequar
1366 1014 1555 1054 01111165,

211 1073 443 1120 Hectoris
468 1074 645 1120 umbra
665 1074 815 1129 subit,
834 1075 1022 1121 circum
1048 1091 1138 1122 sua
1152 1075 1400 1136 Pergama
1418 1074 1560 1121 tracti
1578 1074 1596 1120 ἲ

210 1149 376 1204 Quum
394 1157 560 1197 tamen
587 1151 669 1197 1116
694 1149 850 1205 ferox,
874 1151 1107 1214 belloque
1132 1150 1379 1198 cruentior
1403 1150 1528 1213 ipso,

208 1268 301 1304 filius,
316 1273 454 1299 mutatus
469 1267 518 1306 ·,ii.
534 1269 595 1299 367
613 1278 681 1309 sqq.
722 1267 773 1297 Sic
785 1268 869 1299 Fast.

208 1317 251 1347 iii.
279 1318 354 1348 793.
387 1317 541 1357 Lycaonia
567 1318 683 1351 Arctos,
713 1316 745 1346 in
775 1326 869 1356 quam

209 1366 352 1402 Callisto,
368 1366 520 1406 Lycaonis
535 1365 609 1402 filia,
627 1375 725 1396 versa.
764 1365 868 1405 Atque

209 1425 292 1445 nunc
321 1415 365 1445 ita
391 1415 513 1445 locutus
537 1425 603 1445 esse
628 1414 762 1449 videtur,
795 1414 868 1454 quia

208 1463 430 1505 patronymicis
459 1463 608 1504 distingui
638 1463 780 1493 solebant
808 1462 870 1493 duo

207 1511 252 1542 illi
269 1512 379 1554 Cycni.
430 1512 549 1542 ses-snm
564 1524 574 1549 ,-
592 1517 726 1542 verterat
741 1511 868 1553 quidem

208 1561 286 1602 ipse,
317 1561 371 1592 sed
406 1567 533 1592 coactus
570 1561 689 1591 saevitia
725 1560 869 1591 Achillis.

210 1611 313 1641 DIente
326 1614 442 1650 putria,
460 1616 492 1641 ut
504 1612 546 1641 xi.
558 1611 633 1641 328.
650 1617 759 1649 patruo
772 1612 869 1641 corde.

211 1659 354 1690 Memores
374 1662 435 1694 im,
450 1659 524 1700 quia
545 1659 610 1700 ipse
628 1659 794 1700 Neptunus
810 1669 864 1688 5111-

207 1709 289 1738 vitiae
304 1708 457 1738 Achilleae
474 1719 591 1738 memor
604 1720 612 1746 3
636 1708 798 1748 Virgilius,
812 1708 867 1737 AE-

207 1755 293 1787 neid.
316 1757 336 1787 i.
357 1757 386 1786 4.
408 1768 485 1786 sceva:
509 1767 661 1786 vmemorem
681 1756 812 1786 ,sunonis
835 1758 868 1786 ob

206 1807 296 1835 iram.
346 1805 471 1835 Hieran?
494 1816 576 1835 1111116
604 1811 661 1841 est,
685 1805 750 1839 alit,
772 1816 867 1846 quum

206 1854 281 1884 alibi
306 1854 368 1885 fere
390 1854 441 1890 sit,
457 1854 615 1885 effundere
636 1854 724 1889 iram,
741 1864 867 1893 poenam

205 1914 337 1938 Sumere,
362 1909 396 1933 ut
426 1915 557 1934 exercere
580 1905 745 1938 victorium,
768 1905 867 1933 inimi-

207 1954 303 1988 citias,
319 1957 380 1982 etc.
428 1953 504 1982 Plus
523 1964 608 1992 quam
631 1953 771 1987 civiliter,
782 1951 867 1992 justo

207 2001 343 2042 gravius,
365 2000 589 2038 immoderate;
612 2000 676 2030 ΙΙΙ.
697 1999 788 2030 Trist.
804 2000 867 2031 viii.

206 2050 259 2080 41.
282 2049 445 2090 Augustus
466 2049 600 2080 offensas
624 2059 694 2079 suas
716 2059 777 2079 non
797 2048 863 2079 vin-

207 2097 292 2128 dicat
307 2108 392 2133 ense,
408 2097 463 2128 sed
487 2099 552 2128 odio
571 2099 703 2129 civiliter
718 2099 819 2128 utitur
835 2098 866 2128 in

207 2146 373 2178 Ovidium.
414 2147 520 2177 Civilis
534 2147 615 2178 enim
637 2153 681 2177 est
703 2147 739 2184 is,
755 2148 807 2188 qui
823 2147 867 2178 ita

204 2195 280 2236 agit,
306 2201 341 2226 ut
366 2201 498 2226 caeteros
524 2206 651 2237 quoque
682 2196 765 2227 cives
788 2207 865 2233 esse,

205 2244 383 2286 aequalique
403 2245 473 2286 jure
497 2244 543 2275 1111
568 2243 742 2276 meminisse
759 2244 865 2276 videa-

206 2300 269 2325 tur.

247 2344 323 2374 584.
343 2342 485 2373 Tractum
508 2343 615 2373 bellum
641 2341 758 2373 centies
782 2343 864 2384 apud

202 2391 381 2423 historicos:
409 2393 576 2422 trahuntur
597 2391 691 2427 enim,
715 2401 784 2432 quae
807 2391 861 2422 diu

203 2441 328 2472 durant.
352 2441 466 2483 Apollo
477 2441 654 2481 Smyntheus
667 2450 738 2471 cum
750 2439 781 2470 in
793 2440 862 2470 aliis

202 2490 287 2520 Asiae
304 2490 390 2525 locis,
403 2496 469 2520 tum
481 2490 512 2520 in
528 2489 629 2520 insula
639 2488 766 2519 Tenedo
779 2488 859 2519 cole-

202 2539 315 2576 batur3
338 2539 409 2569 vide
433 2539 613 2574 Homerum,
627 2539 666 2569 Il.
683 2542 724 2569 A.
741 2539 793 2569 39.
808 2538 861 2568 ubi

202 2587 344 2618 Eustath.
360 2594 391 2618 et
412 2588 570 2618 Pseudod.
586 2598 656 2618 eum
676 2587 719 2618 sic
741 2587 860 2617 dictum

201 2636 328 2667 tradunt
349 2647 366 2667 a
389 2637 552 2678 SmynthO,
569 2637 683 2678 oppido
701 2636 732 2666 in
748 2636 860 2666 finibus

200 2685 416 2726 Trojanorum.
463 2686 546 2716 Usus
574 2684 668 2726 igitur
690 2695 772 2715 nunc
800 2684 858 2715 hoe

201 2733 324 2765 nomine
336 2739 392 2771 est,
406 2734 480 2775 quia
494 2745 543 2765 res
558 2733 598 2765 ad
608 2734 731 2775 Trojam
746 2732 858 2774 agitur.

980 1269 1055 1299 586.
1086 1269 1111 1298 O
1137 1269 1208 1298 mihi
1233 1270 1268 1298 de
1285 1268 1414 1308 fratris,
1439 1272 1500 1298 etc.
1527 1273 1596 1309 post

935 1317 1170 1347 blandissimam
1184 1316 1454 1358 compellationem
1466 1316 1596 1347 observa

937 1371 1045 1401 artem,
1070 1377 1131 1407 qua
1158 1365 1276 1397 irritare
1304 1370 1432 1396 conatur
1456 1365 1595 1396 animum

936 1414 1108 1456 Apollinis:
1132 1414 1202 1455 quis
1217 1414 1299 1445 enim
1314 1425 1376 1444 non
1391 1414 1506 1450 doleat,
1521 1424 1594 1455 ope-

937 1473 1001 1493 ram
1024 1473 1110 1494 suam
1133 1463 1196 1493 fieri
1219 1465 1337 1493 irritam
1360 1463 1448 1493 unius
1464 1462 1596 1493 hominis

936 1511 1076 1542 saevitial
1101 1512 1239 1541 Hectoris
1260 1518 1363 1542 autem
1381 1511 1594 1543 crudelissime

935 1561 1058 1590 tractati
1076 1571 1181 1591 casum
1197 1559 1355 1601 aegerrime
1371 1559 1444 1590 tulit
1459 1560 1594 1602 Apollo;

936 1609 1101 1645 Homerus,
1116 1609 1155 1640 Il.
1171 1613 1208 1640 Ω.
1225 1610 1265 1640 33
1280 1620 1349 1651 sqq.
1391 1610 1472 1640 Eum
1489 1620 1560 1640 vero
1576 1620 1595 1641 a

936 1658 1085 1699 Neptuno
1109 1668 1290 1699 persuasum
1309 1668 1386 1694 esse,
1407 1663 1442 1688 ut
1464 1663 1594 1689 mortem

935 1707 1058 1738 afferret
1095 1707 1224 1743 Achilli,
1254 1707 1380 1737 novavit
1406 1707 1532 1744 Noster,
1559 1713 1594 1738 ut

934 1756 1016 1786 lianc
1046 1756 1182 1786 fabulam
1221 1756 1382 1786 commode
1417 1762 1594 1788 annecteret

935 1805 1080 1846 superiori
1097 1817 1103 1841 ;
1129 1815 1200 1835 nam
1221 1804 1304 1846 apud
1320 1805 1489 1835 Homerum
1512 1816 1592 1836 sern-

936 1864 990 1895 per
1014 1864 1032 1884 a
1055 1853 1257 1894 Trojanorum
1281 1853 1421 1894 partibus
1441 1859 1513 1889 stat,
1537 1864 1594 1885 sua

935 1908 1055 1943 sponte,
1072 1908 1103 1933 et
1118 1902 1235 1932 Achilli
1260 1902 1410 1944 imprimis
1429 1902 1592 1942 irascitur;

936 1951 1098 1986 Homerus,
1111 1950 1142 1981 d.
1153 1951 1175 1981 1.
1198 1951 1309 1991 Itaque
1322 1956 1354 1981 et
1365 1950 1475 1992 reliqui
1491 1957 1590 1993 poetae

934 1998 973 2029 de
1005 1999 1155 2041 Neptuno
1191 1999 1295 2030 silent.
1342 1999 1440 2029 Irrita
1472 2002 1590 2036 moenia,

934 2049 1008 2090 quia
1034 2049 1121 2079 labor
1142 2048 1298 2080 moenibus
1317 2049 1448 2090 jamjam
1473 2049 1591 2080 casuris

934 2096 1091 2139 impensus
1115 2098 1217 2128 irritus
1240 2098 1345 2128 fiebat.
1393 2098 1513 2128 Circum
1535 2110 1591 2129 sua

936 2147 1095 2187 Pergama.
1132 2147 1181 2177 Sic
1212 2157 1229 2178 6
1261 2146 1425 2177 novatione
1454 2146 1587 2188 tragico-

934 2206 1012 2231 rum,
1041 2195 1134 2226 etiam
1163 2195 1320 2236 Euripidis
1346 2195 1498 2226 Androm.
1530 2197 1588 2226 107

933 2254 957 2273 5.
986 2249 1017 2274 61
1046 2244 1119 2275 111116
1148 2244 1282 2285 Virgilii,
1312 2243 1439 2275 AEneid.
1467 2245 1488 2275 i.
1515 2245 1590 2276 483.

931 2292 993 2323 Sed
1019 2294 1191 2324 secundum
1213 2294 1395 2330 Homerum,
1419 2294 1460 2324 ΙΙ.
1485 2297 1525 2326 Ω.
1548 2297 1588 2326 15

931 2352 979 2382 sq.
1004 2342 1119 2373 Hector
1143 2354 1159 2373 6
1183 2353 1272 2373 6111111
1296 2342 1410 2383 ligatus
1435 2348 1466 2373 et
1485 2343 1588 2384 capite

928 2390 1046 2431 pulveri
1073 2390 1257 2421 incumbens
1283 2396 1398 2421 tractus
1427 2396 1474 2421 est
1503 2391 1588 2422 circa

929 2438 1064 2469 Patrocli
1092 2439 1279 2480 sepulcrum.
1304 2439 1342 2470 11.
1367 2442 1408 2470 X.
1433 2439 1496 2469 395
1516 2449 1586 2480 sqq.

929 2487 982 2517 ubi
1004 2487 1070 2518 liaee
1096 2487 1230 2518 Achillis
1254 2487 1423 2518 crudelitas
1444 2487 1586 2528 pluribus

928 2536 1121 2573 describitur,
1136 2537 1222 2567 locus
1242 2542 1500 2567 commemoratur
1514 2536 1584 2566 nul-

926 2585 985 2616 lus.

969 2636 1042 2664 592.
1081 2634 1242 2669 Cruentus,
1279 2633 1411 2675 cupidus
1457 2633 1583 2664 cruoris.

930 2683 1010 2713 Vivit
1038 2683 1160 2720 ιιιί]ιιιο,·
1195 2689 1326 2723 quatuor
1362 2684 1441 2713 vivut
1470 2683 1582 2713 adhuc.

928 2732 1105 2771 Populator,
1132 2737 1165 2762 ut
1188 2731 1252 2764 xiii.
1271 2733 1347 2763 655.
1375 2731 1467 2771 Trqjae
1486 2742 1579 2771 popu-
