1779 3130
245 188 330 230 198

632 187 683 227 Ρ.
715 184 929 227 OVIDII
961 185 1242 227 NASONIS

312 302 382 349 II.
412 301 459 348 N
464 315 526 347 on
544 300 746 362 impune
770 306 937 346 tamen
962 299 1125 346 scelus
1145 299 1239 346 hoc
1262 299 1379 346 sinit
1397 315 1507 347 esse
1530 299 1626 363 Ly-

244 379 544 440 Amissoque
568 377 742 423 dolens
768 391 1018 422 sacrorum
1042 383 1154 424 vate
1180 392 1396 431 suorum,

1469 379 1593 438 [aeus
1611 395 1622 433 ;

244 455 475 501 Protinus
500 453 549 499 in
575 452 708 498 silvis
733 459 915 498 matres
943 451 1195 499 Edonidas
1221 469 1409 509 omnes,

246 531 370 584 Quae
394 529 556 577 fecere
581 528 736 583 nefas,
764 536 893 575 torta
920 529 1085 576 radice
1111 530 1297 591 ligavit.

1512 530 1627 590 [est,

245 605 444 669 Quippe
463 606 648 669 pedum
667 605 866 667 digitos,
889 605 938 652 in
960 613 1201 668 quantum
1222 621 1436 667 quaeque
1455 612 1630 651 secuta

243 682 444 738 Traxit3
486 689 537 729 et
560 682 610 728 in
636 682 844 728 solidam
869 683 1082 729 detrusit
1106 682 1334 729 acumine
1358 689 1568 728 terram:

246 758 418 822 thue
439 775 583 805 suum
602 758 813 821 laqueis,
836 775 961 822 quos
983 760 1192 806 callidus
1212 757 1405 805 abdidit
1424 774 1625 821 aucepS,

285 873 423 903 67—84.
439 872 564 903 Bacchae
577 883 646 913 quae
661 872 822 914 Orpheum
838 872 900 904 dis-

241 927 430 963 cerpserant,
445 925 605 951 mutantur
619 920 651 951 in
667 921 804 951 arbores.

285 970 337 1000 68.
371 969 531 999 Sacrorum
565 976 633 999 vate
666 980 798 1005 snorum,
828 969 902 1010 quia

243 1017 341 1058 Orgia
355 1017 532 1048 instituerat
547 1023 578 1047 et
591 1017 730 1047 versibus
743 1018 804 1048 suis
817 1027 901 1047 com-

242 1067 454 1097 mendaverat.
481 1066 590 1101 Edoni,
606 1065 748 1096 Thraciae
765 1065 901 1106 populus

239 1115 284 1145 sic
300 1115 402 1145 dictus
417 1115 455 1145 ab
468 1114 587 1150 Edono,
602 1113 772 1155 Mygdonis
789 1113 896 1144 fratre:

240 1164 311 1195 vide
327 1164 530 1205 Stephanum.
543 1164 701 1199 Horatius,
715 1163 759 1193 II.
773 1163 835 1193 Od.
846 1163 898 1193 vii.

241 1214 293 1244 26.
310 1225 368 1243 non
393 1225 444 1255 ego
466 1215 568 1243 sanias
592 1213 752 1243 bacchabor
777 1212 899 1243 Edonis.

243 1263 342 1293 Edoni
363 1262 456 1293 etiam
475 1267 597 1292 montes
613 1261 765 1296 Thraciae,
780 1261 810 1291 in
831 1262 900 1302 qui-

239 1312 297 1342 bus
305 1311 424 1341 Bacchi
436 1310 520 1351 orgia
529 1309 684 1351 praecipue
697 1310 899 1340 celebraban-

242 1366 309 1395 tur;
334 1359 428 1390 Trist.
444 1359 487 1389 iv.
507 1360 542 1389 l:
566 1359 639 1389 hinc
664 1358 810 1389 Bacchus
833 1360 898 1400 ipse

242 1409 364 1439 Edonus
379 1408 409 1438 in
423 1407 558 1438 Remed.
572 1408 634 1438 593
648 1420 654 1437 ι
672 1407 744 1437 vide
761 1407 899 1437 Bentlei-

239 1468 292 1487 um
321 1456 361 1487 ad
390 1455 566 1491 Horatium,
593 1456 658 1486 III.
686 1456 748 1486 Od.
773 1467 845 1486 XXV.
869 1457 898 1486 8.

240 1506 377 1547 Ligarii,
400 1504 543 1539 firmavit,
563 1509 597 1534 ut
620 1504 772 1534 haererent
795 1503 899 1534 radice

238 1554 343 1596 pedes.
392 1553 481 1584 Torta
495 1565 505 1590 ,·
522 1564 552 1583 x.
565 1554 640 1583 490.
657 1554 771 1593 obliqua
790 1555 897 1590 radix,-

238 1615 309 1634 mox
332 1605 426 1634 lenta.

281 1653 332 1683 71.
351 1653 466 1692 Quippe
475 1654 582 1691 pedum
593 1653 710 1692 digitos,
724 1651 800 1691 etc.]
818 1652 898 1682 Nes-

238 1702 341 1733 ciebat
352 1702 529 1732 Glareanus
543 1707 646 1730 utrum
659 1702 751 1729 trarit
767 1699 804 1730 de
817 1702 898 1731 Bac-

238 1751 296 1782 cho
313 1749 511 1791 capiendum,
527 1759 567 1779 an
583 1749 622 1779 de
642 1748 772 1788 singulis
787 1748 897 1779 mulie-

237 1799 332 1829 ribus.
378 1798 505 1828 Fatetur
525 1796 632 1832 etiam‚
650 1807 682 1827 se
702 1807 763 1826 non
782 1797 896 1827 intelli-

237 1859 308 1889 gere
325 1848 429 1882 verba,
448 1848 477 1876 in
495 1853 640 1885 quantum
657 1857 776 1885 quaque
796 1853 896 1876 secuta

236 1903 287 1928 est.
334 1897 446 1936 Neque
463 1895 590 1925 Safftius
609 1895 717 1924 horum
734 1895 895 1925 verborum

237 1956 361 1976 sensum
388 1950 549 1975 assecutus
577 1950 640 1978 est;
668 1942 761 1973 vertit
791 1943 872 1973 enirn
887 1956 892 1973 :

238 1995 283 2024 Er
294 1995 498 2034 ret-laengerte
511 1994 558 2022 die
571 1992 686 2022 :aehen
700 1992 780 2021 ihrer
793 1992 894 2028 Frisse,

237 2045 333 2073 womit
348 2043 490 2081 einejede
506 2042 564 2070 ihm
583 2041 698 2082 gqfolgt
718 2051 789 2070 war.
834 2041 893 2071 Po-

236 2098 297 2123 test
333 2097 437 2121 tamen
474 2100 582 2120 sensus
619 2088 710 2119 facile
746 2089 894 2130 expediri.

237 2141 359 2181 Nempe
375 2139 428 2180 qui
442 2138 587 2168 mulieres
598 2137 668 2167 illas
683 2140 800 2179 ligarit,
812 2137 893 2167 idem

236 2189 331 2219 etiam
345 2198 451 2218 earum
466 2187 579 2227 digitos
590 2188 683 2216 traait
695 2193 726 2216 et
737 2186 769 2216 in
781 2192 892 2216 terram

236 2236 384 2272 detrusit;
411 2237 515 2276 quippe
534 2235 615 2265 enim
639 2235 733 2265 habet
754 2235 815 2264 vim
839 2244 891 2264 ex-

235 2284 385 2327 plicandi.
432 2284 544 2324 Neque
563 2284 680 2313 trahere
696 2283 745 2313 hic
767 2291 811 2312 est
827 2283 892 2312 lou-

234 2335 334 2374 giores
357 2332 496 2367 reddere,
518 2342 697 2372 quanquam
720 2331 751 2361 id
777 2331 893 2361 factum

235 2393 301 2412 esse
317 2392 336 2412 a
351 2381 478 2412 Baccho
494 2391 542 2410 res
556 2380 624 2421 ipsa
645 2380 735 2410 docet
749 2391 756 2417 ;
780 2379 833 2409 sed
850 2379 895 2410 vis

234 2431 336 2472 potius
369 2430 462 2471 hujus
492 2429 577 2459 vocis
615 2429 801 2463 declaratur,
832 2439 894 2469 qua

235 2480 379 2510 Bacchus
403 2478 499 2520 pedes
522 2477 647 2508 retinuit
670 2483 701 2508 et
725 2477 756 2506 in
783 2483 891 2507 terram

234 2528 383 2558 detrusit:
416 2530 447 2557 in
483 2533 629 2567 quantam
664 2525 799 2567 denique
835 2531 891 2562 est,

234 2583 400 2616 quatenus.
426 2577 589 2616 Quotquot
604 2581 719 2605 secutae
736 2581 820 2609 sunt,
839 2584 892 2604 eas

234 2634 341 2654 omnes
356 2623 500 2654 mutavit.
546 2622 774 2653 Auctoritatem
787 2624 844 2654 τοῦ
860 2624 891 2652 in

234 2679 392 2711 qnantum,
423 2682 516 2712 quam
555 2671 628 2701 olim
666 2671 890 2713 impugnabant

235 2720 449 2756 Grammatici,
462 2726 564 2752 tuetur
576 2721 775 2751 Burmannus
788 2730 890 2750 exem-

967 873 1027 915 plis
1055 871 1184 908 velleii,
1215 871 1297 913 apud
1335 881 1427 913 quem
1465 870 1628 912 aliquoties

966 921 1045 952 illud
1079 921 1222 957 occurrit,
1250 931 1432 962 quanquam
1468 930 1530 950 non
1566 930 1628 950 uno

968 981 1070 1001 sensu.
1116 969 1178 1000 Sed
1203 976 1273 1000 ante
1299 969 1449 1000 Ovidium
1472 969 1628 999 neminem

967 1019 1012 1049 ita
1027 1020 1165 1049 locutum
1184 1029 1260 1054 esse,
1277 1024 1348 1059 post
1369 1018 1445 1048 alios
1467 1017 1629 1048 contendit

967 1067 1176 1101 Sclfflachius,
1192 1067 1296 1097 confer
1311 1067 1352 1097 iv.
1365 1068 1448 1104 542;
1473 1072 1538 1096 turn
1554 1065 1627 1096 inde

968 1127 985 1146 a
1000 1126 1060 1146 ver.
1072 1117 1145 1146 550.
1161 1114 1275 1145 similia
1291 1115 1338 1145 his
1353 1114 1464 1145 nostris
1479 1115 1626 1156 phantas-

967 1170 1051 1195 mata
1066 1170 1250 1204 sequuntur.

1010 1214 1060 1244 73.
1079 1213 1177 1252 thue
1187 1212 1404 1251 suamlaqueis,
1416 1211 1494 1251 etc.]
1519 1211 1627 1248 Quum

965 1263 1079 1304 saepius
1102 1262 1217 1292 Noster
1240 1260 1426 1291 mutationes
1450 1261 1481 1290 in
1505 1260 1628 1290 arbores

966 1310 1191 1352 descripsisset,
1214 1309 1265 1340 hic
1290 1309 1443 1340 exhausta
1469 1308 1563 1338 fuisse
1581 1307 1627 1338 vi-

966 1359 1057 1390 detur
1071 1359 1187 1400 ingenii
1204 1358 1304 1400 copia.
1329 1358 1417 1388 Bene
1433 1357 1526 1399 igitur
1541 1357 1626 1392 fecit,

967 1408 1052 1449 quod
1064 1407 1298 1438 similitudinem
1314 1406 1461 1447 aspersit3
1478 1416 1541 1447 qua
1553 1406 1626 1436 sub-

966 1457 1031 1488 lata
1048 1468 1107 1487 non
1123 1457 1256 1487 multum
1273 1454 1553 1485 commendationis
1569 1455 1625 1485 ha-

967 1505 1019 1535 bet
1035 1505 1102 1536 haec
1119 1505 1236 1535 sabula.
1263 1504 1414 1538 Callidus,
1431 1504 1505 1544 quia
1520 1506 1628 1534 abditis

966 1553 1087 1595 laqueis
1103 1565 1176 1585 aves
1192 1553 1283 1589 fallit,
1297 1553 1425 1595 decipit,
1437 1559 1499 1583 etc.
1513 1552 1627 1594 quibus

966 1603 1028 1633 fere
1041 1603 1142 1633 verbis
1155 1608 1284 1632 utuntur
1295 1608 1393 1643 poetae
1409 1602 1447 1632 de
1462 1612 1584 1643 aucupe
1596 1608 1627 1632 et

965 1651 1129 1692 piscatore.
1176 1651 1364 1680 Committere
1387 1660 1470 1680 nunc
1493 1650 1532 1680 de
1554 1661 1624 1686 ave,

965 1710 1035 1740 quae
1061 1699 1240 1742 imprudens
1263 1704 1294 1729 et
1320 1699 1417 1729 inscia
1439 1699 1471 1729 in
1497 1699 1626 1740 laqueos

965 1748 1085 1778 incidit.
1132 1748 1296 1787 Trepidans
1326 1754 1416 1779 motu.
1463 1748 1626 1779 Barberin.

965 1799 1115 1836 trepidas:
1139 1807 1231 1838 supra
1255 1796 1295 1826 ad
1318 1795 1363 1827 iii.
1381 1797 1454 1827 125.
1478 1796 1626 1827 Heinsius

963 1851 1126 1876 monuerat
1139 1845 1337 1876 scribendum
1353 1847 1467 1885 trepido
1477 1847 1624 1876 substrin-

961 1897 1008 1935 git
1032 1895 1155 1924 vincula
1179 1900 1279 1930 motu,·
1306 1894 1351 1924 sic
1374 1895 1537 1924 substricta
1560 1896 1625 1932 ilia,

963 1945 1122 1973 substricta
1138 1954 1230 1973 crura
1247 1944 1318 1972 alibi
1334 1943 1492 1983 leguntur.
1533 1943 1622 1973 Idem

963 1991 1020 2022 hoc
1045 1992 1113 2021 loco
1142 1991 1269 2033 conjicit
1299 1993 1451 2030 trepidans
1479 1993 1626 2032 astringit

962 2042 1083 2071 vincula
1114 2048 1219 2075 motus,
1247 2046 1300 2071 aut
1332 2042 1500 2079 trepidante
1532 2048 1624 2071 motu.

962 2090 1111 2120 Cantabr.
1126 2095 1157 2120 et
1173 2089 1259 2120 Junii
1284 2091 1395 2119 vimina
1419 2099 1474 2131 pro
1500 2092 1623 2120 vincula

962 2137 1088 2172 habent,
1100 2148 1168 2178 quae
1182 2138 1381 2168 Burmannus
1394 2137 1432 2168 de
1446 2137 1568 2178 laqueis
1583 2149 1620 2169 ex

961 2186 1075 2216 vimine
1092 2186 1181 2216 factis
1198 2186 1384 2227 accipiebat.
1414 2186 1506 2222 Quod
1523 2187 1621 2216 Hein-

961 2235 1024 2265 sius
1050 2236 1233 2276 coujecerat‚
1259 2237 1428 2274 trepidante
1455 2242 1534 2264 motu
1561 2245 1622 2266 non

961 2295 1083 2324 prorsus
1106 2284 1262 2325 improbo:
1297 2286 1447 2323 trepidans
1470 2291 1564 2314 motus
1587 2290 1622 2315 ut

962 2332 982 2361 i.
1007 2334 1080 2363 506.
1103 2339 1134 2363 et
1166 2344 1193 2362 ν.
1219 2334 1293 2363 605.
1324 2334 1479 2372 trepidans
1507 2344 1620 2372 penna.

962 2379 1053 2420 Regii
1077 2380 1169 2411 nostri
1195 2380 1311 2411 habent
1333 2383 1484 2420 trepidans
1509 2384 1621 2411 astrin-

960 2430 1005 2469 git
1024 2430 1143 2460 vincula
1160 2437 1250 2460 mota.
1280 2430 1460 2471 Plangitur‚
1476 2431 1619 2460 verberat

960 2487 991 2506 se
1008 2477 1074 2507 alis.
1120 2477 1274 2508 Caeterum
1295 2477 1454 2508 commode
1471 2478 1620 2508 Heinsius

960 2525 1069 2555 laudat
1089 2526 1240 2556 Senecam
1267 2525 1306 2556 de
1332 2526 1394 2561 Ira,
1419 2525 1463 2556 iii.
1483 2527 1540 2556 16:
1567 2526 1617 2556 Sic

960 2574 1074 2614 laqueos
1085 2574 1174 2615 fera,
1194 2576 1265 2604 dum
1279 2576 1394 2613 jactat,
1409 2575 1563 2615 astringit,
1577 2575 1618 2603 sic

958 2633 1024 2652 aves
1032 2625 1141 2653 viscum
1150 2646 1156 2657 ,
1169 2624 1239 2653 dnm
1254 2625 1437 2661 trepidantes
1448 2625 1618 2658 effutiunt,

957 2672 1067 2710 plumis
1082 2672 1215 2702 omnibus
1231 2671 1371 2701 illinunt.
