1779 3130
249 179 332 218 448
635 177 684 216 P.
720 174 931 216 OVIDII
966 175 1242 218 NASONIS

249 291 377 337 Vina
401 290 541 352 fugit,
569 290 853 352 gaudetque
879 290 1025 337 meris
1052 291 1322 337 abstemius
1348 290 1521 345 undis;

252 368 352 413 Seu
376 366 447 412 vis
474 372 552 412 est
576 366 625 412 in
653 382 783 429 aqua
808 366 967 413 calido
994 367 1236 414 contraria
1260 367 1388 422 vino,
1529 367 1623 412 324

249 443 378 497 Sive,
403 443 537 505 quod
562 442 805 504 indigenae
831 450 1125 497 memorant,
1145 442 1441 489 Amithaone
1463 448 1623 494 natus,

246 518 492 565 Proetidas
509 518 741 565 attonitas
764 525 1030 581 postquam
1050 534 1138 581 per
1153 534 1351 565 carmen
1372 525 1421 565 et
1445 518 1622 565 herbas

248 594 443 658 Eripuit
466 594 620 650 furiis,
648 595 938 658 purgamina
962 596 1140 642 mentis
1166 595 1215 641 in
1240 595 1347 642 illas

248 671 390 718 Misit
414 687 596 733 aquas:
626 672 895 734 odiumque
920 672 1040 718 meri
1066 672 1339 735 permansit
1363 671 1412 717 in
1436 671 1599 717 undis.

248 747 379 794 Huic
405 747 514 794 fluit
533 747 712 794 effectu
738 747 906 810 dispar
932 747 1228 810 Lyncestius
1255 747 1441 800 amnis;

247 824 409 878 Quem
439 824 726 886 quicunque
751 839 924 886 parum
950 824 1201 871 moderato
1229 831 1432 886 gutture
1456 823 1622 878 traxit,

246 900 395 947 Haud
411 901 553 947 aliter
568 900 763 955 titubat,
778 916 928 962 quam
945 901 984 946 si
1002 916 1136 947 mera
1149 900 1262 947 vina
1276 900 1500 947 bibisset.
1527 902 1619 945 331

246 976 337 1023 Est
361 978 498 1023 lacus
523 976 767 1031 Arcadiae,
796 976 1038 1024 Pheneon
1061 976 1232 1023 dixere
1258 976 1461 1039 priores,

243 1053 502 1115 Ambiguis
528 1060 789 1116 suspectus
812 1053 971 1116 aquis,
999 1069 1121 1116 quas
1146 1060 1291 1100 nocte
1316 1053 1488 1100 timeto
1511 1070 1521 1107 ;

245 1130 406 1177 Nocte
433 1135 614 1176 nocent
637 1136 767 1192 potae
787 1146 795 1176 :

838 1130 942 1177 sine
968 1146 1099 1177 noxa
1122 1130 1232 1177 luce
1257 1129 1508 1176 bibuntur.

248 1207 331 1254 Sic
358 1206 495 1261 alias,
523 1205 746 1268 aliasque
771 1206 908 1252 lacus
935 1213 986 1253 et
1010 1207 1213 1254 flumina
1236 1207 1362 1254 vires
1525 1208 1587 1252 33

1594 1208 1622 1252 5

245 1283 578 1346 Concipiunt:
613 1289 913 1345 tempusque
938 1282 1044 1339 fuit,
1074 1299 1171 1346 quo
1197 1283 1330 1330 navit
1355 1282 1403 1329 in
1429 1283 1588 1337 undis

243 1359 387 1406 Nunc
413 1359 554 1406 sedet
576 1358 784 1421 Ortygie
803 1376 811 1405 ε

244 1492 327 1522 tibus
339 1490 386 1526 iis,
403 1501 478 1532 quos
494 1490 663 1521 diximus.''
689 1489 777 1521 Conf.
792 1490 899 1520 Vitru-

247 1540 327 1573 vius,
353 1539 419 1570 viii.
442 1540 482 1576 33
507 1540 612 1569 Sotion
634 1539 666 1569 in
693 1538 900 1569 Paradoxolo-

246 1588 385 1628 gomenis
414 1588 452 1618 de
478 1587 685 1623 Fluminibus,
706 1594 737 1618 et
762 1588 900 1628 Etymol.

248 1638 294 1667 M.
311 1637 342 1668 in
361 1638 548 1677 Κλιτόριον.

287 1688 360 1717 325.
392 1687 547 1721 Proecides,
574 1685 669 1716 Proeti
700 1686 754 1724 (de
782 1696 843 1726 quo
868 1697 899 1715 v.

244 1736 337 1775 236.)
354 1735 436 1771 filiae,
453 1735 599 1776 Lysippe‚
615 1734 744 1776 Iphinoe
768 1740 799 1764 et
815 1734 899 1776 Iphi-

243 1795 364 1820 anassa,
394 1786 539 1819 attonitae,
573 1784 698 1814 infamia
741 1789 900 1825 correptae,

246 1845 341 1875 quum
378 1844 432 1875 per
465 1833 649 1874 Argivorum
681 1833 901 1874 Arcadumque

245 1883 321 1913 fines
341 1882 394 1912 diu
411 1883 575 1916 errassent,
594 1892 612 1912 a
629 1882 801 1922 Melampo,
817 1883 899 1911 Ami-

246 1933 360 1961 thaonis
375 1931 448 1967 filio,
466 1936 547 1966 vate,
569 1936 684 1961 sanatae
705 1936 776 1960 sunt
794 1932 897 1965 herbis,

243 1981 378 2011 elleboro
398 1979 547 2021 imprimis
566 1979 637 2010 inde
649 1979 898 2020 Melampodium

244 2030 346 2067 dieto;
372 2029 591 2070 Apollodorus,
603 2028 647 2058 II.
664 2028 694 2058 ii.
707 2029 726 2058 2
740 2040 746 2065 ;
768 2028 898 2064 Plinius,

243 2090 315 2109 xxv.
331 2080 383 2109 21.
421 2078 469 2108 De
493 2077 608 2118 templo
630 2077 661 2107 in
683 2078 749 2118 ejus
768 2077 811 2107 rei
834 2088 896 2108 me-

245 2127 371 2157 moriam
396 2127 444 2157 vel
472 2125 599 2161 Junoni,
624 2126 674 2156 vel
701 2125 826 2161 Dianae,
849 2126 897 2156 vel

244 2175 360 2207 Gratiis
375 2175 474 2217 posito
488 2174 558 2205 vide
573 2174 774 2210 Pausaniam,
791 2174 822 2205 ii.
841 2176 878 2204 12
892 2187 899 2213 3

243 2224 435 2264 Hesychium
448 2223 480 2253 in
493 2223 676 2264 Ἀκμουχεῖ.

286 2274 359 2303 329.
377 2274 552 2313 Lyncestius
577 2274 673 2302 amnis
693 2272 733 2302 ad
753 2272 900 2314 oppidum

251 2323 384 2362 Lyncum
407 2321 439 2352 in
456 2321 560 2363 Epir0‚
575 2321 664 2362 cujus
684 2321 793 2352 incolae
816 2322 900 2362 Lyn-

243 2378 348 2407 cestae5
374 2370 506 2405 Plinius,
527 2370 560 2400 ii.
587 2371 666 2400 103:
698 2374 718 2386 “
741 2369 901 2411 Lyncestis

243 2431 335 2461 aqua,
352 2431 421 2461 quae
438 2425 564 2450 vocatur
577 2418 710 2454 acidula,
727 2419 790 2448 vini
811 2419 901 2449 modo

248 2470 447 2499 tremulentos
460 2468 595 2499 reddit.”
627 2468 717 2498 Conf.
728 2467 900 2503 Vitruvius,

250 2517 312 2548 viii.
335 2519 377 2555 3;
415 2517 608 2552 Aristoteles,
636 2517 771 2548 Meteor.
800 2516 832 2547 ii.
861 2518 899 2555 33

247 2566 351 2596 Sotion
374 2566 404 2596 in
430 2565 619 2596 Paradoxol.
644 2564 682 2595 de
705 2565 806 2595 Flum.
826 2575 899 2606 pag.

247 2615 307 2644 125
322 2625 329 2650 ;
344 2613 554 2644 Tertullianus
570 2613 608 2643 de
624 2613 748 2648 Anima,
765 2623 834 2655 cap.
848 2614 900 2644 50.

286 2662 360 2692 332.
384 2662 513 2691 Pheneos
529 2661 601 2691 urbs
617 2661 773 2697 Arcadiae,
790 2668 900 2703 postea

248 2709 394 2739 Kimmeris
423 2709 517 2739 dicta.
565 2709 601 2739 In
631 2709 745 2739 vicinia
770 2710 836 2749 ejus
861 2720 898 2740 ex

853 1359 1016 1406 timuit
1040 1359 1360 1406 concursibus
1385 1358 1519 1421 Argo

968 1497 1124 1534 praerupta
1158 1502 1232 1533 rupe
1271 1501 1363 1532 aqua,
1393 1490 1512 1521 Graecis
1541 1488 1622 1530 ὕδωρ

969 1542 1095 1583 Στυγὸς
1120 1541 1215 1575 dicta,
1236 1541 1381 1581 guttatim
1408 1538 1534 1569 decidit.
1580 1539 1625 1569 Ea

969 1590 1060 1620 certis
1084 1589 1274 1631 temporibus
1297 1594 1426 1618 mortem
1445 1587 1535 1618 affert
1560 1593 1624 1617 tam

970 1637 1145 1669 hominibus
1170 1648 1263 1692 quarn
1286 1636 1401 1678 pecori,
1423 1646 1497 1666 vasa
1523 1635 1626 1676 cujus-

967 1698 1122 1728 cunque&
1106 1688 1226 1718 ceneris
1245 1686 1367 1727 frangit,
1383 1685 1510 1716 metalla
1524 1684 1627 1720 solvit,

967 1743 1027 1767 etc.
1043 1736 1112 1766 vide
1128 1734 1330 1770 Pausaniam,
1345 1734 1462 1765 Arcad.
1477 1744 1549 1775 pag.
1562 1734 1625 1764 634

967 1796 1015 1826 sq.
1048 1785 1148 1815 Nocte
1172 1794 1241 1814 earn
1264 1794 1330 1813 esse
1354 1782 1488 1818 noxiam,
1513 1782 1550 1812 de
1574 1782 1624 1812 die

967 1834 1134 1869 innoxiam,
1161 1833 1315 1864 nerninem
1344 1838 1453 1874 praeter
1474 1833 1623 1862 Nostrum

967 1883 1147 1924 prodidisse,
1160 1890 1264 1913 monet
1276 1882 1434 1912 Heinsius.
1460 1883 1623 1923 Ambigua‘,

967 1943 1037 1963 mox
1053 1932 1192 1967 letiferae,
1212 1942 1282 1962 mox
1298 1931 1442 1961 innoxiae.

1008 1981 1083 2011 337.
1117 1981 1157 2010 λι
1151 1992 1208 2010 unc
1236 1981 1314 2010 sedet
1341 1980 1439 2020 Ortyg
1423 1980 1494 2020 fria]
1522 1979 1621 2010 Delus

966 2030 1147 2071 intelligitur
1159 2040 1227 2071 quae
1244 2029 1352 2059 eadem
1366 2034 1396 2058 et
1409 2029 1444 2057 01
1445 2031 1535 2070 tugie
1547 2039 1622 2058 non-

966 2079 1059 2108 nullis
1087 2078 1167 2108 dicta
1195 2084 1261 2116 est3
1286 2078 1356 2108 vide
1383 2077 1553 2118 Spanhem.
1582 2077 1621 2108 ad

966 2127 1275 2168 Callimachihymn.
1291 2126 1383 2167 Apol.
1394 2128 1446 2157 58.
1472 2127 1530 2161 Ea,
1548 2126 1621 2156 olim

967 2186 1072 2206 errans
1088 2181 1119 2206 et
1135 2181 1254 2211 natans,
1274 2180 1342 2217 post
1358 2181 1479 2216 partum
1494 2175 1620 2205 Latonae

967 2224 1133 2255 immobilis
1156 2224 1239 2255 facta
1262 2229 1331 2261 est3
1356 2223 1426 2253 vide
1447 2223 1562 2265 Spanh.
1581 2223 1621 2253 ad

967 2273 1154 2304 Callimachi
1181 2272 1288 2314 hymn.
1320 2272 1393 2302 Del.
1413 2272 1486 2302 273.
1533 2272 1620 2312 Sym-

966 2323 1103 2363 plegades
1117 2322 1236 2357 insulae,
1254 2328 1335 2356 sunt,
1353 2331 1421 2362 quae
1439 2327 1470 2351 et
1486 2321 1621 2361 Cyaneae

967 2370 1122 2406 dicuntur,
1156 2376 1261 2401 contra
1296 2369 1490 2410 Bosphorum
1522 2369 1620 2399 Thra-

968 2418 1061 2454 cium,
1082 2429 1150 2460 quae
1178 2429 1195 2449 a
1221 2418 1319 2460 poetis
1338 2418 1410 2448 olirn
1436 2417 1622 2448 concurrisse

968 2467 1137 2508 finguntur,
1169 2467 1327 2508 quoniam,
1357 2472 1390 2497 ut
1420 2467 1462 2497 ait
1491 2466 1622 2501 Plinius,

968 2525 1064 2556 parvo
1085 2515 1225 2546 discretae
1247 2514 1409 2546 intervallo
1432 2526 1469 2545 ex
1493 2514 1623 2544 adverso

968 2564 1152 2595 intrantibus
1196 2565 1326 2605 geminae
1364 2574 1430 2595 esse
1468 2563 1623 2598 videntur¹

967 2611 1191 2653 paululumque
1214 2612 1335 2642 deflexa
1358 2611 1424 2642 acie
1447 2610 1623 2642 coeuntium

967 2660 1102 2701 speciem
1132 2661 1322 2702 praebebant.
1366 2660 1480 2691 Confer
1508 2659 1546 2689 ad
1573 2659 1624 2688 vii.

968 2709 1018 2739 62.
1032 2715 1146 2739 notam.
