1779 3130
376 156 992 198 METAMORPHOSEON
1026 157 1143 197 LIB.
1178 157 1270 198 IX.
1422 158 1508 199 107

128 269 217 317 Ille
241 270 443 331 quidem
468 278 543 316 est
567 271 724 317 oculis
751 270 975 332 quamvis
1001 270 1243 317 formosus
1263 271 1473 333 iniquis3

125 345 190 391 Et
209 346 388 407 placet,
412 354 462 392 et
478 361 696 408 possum,
717 346 757 391 si
783 362 878 392 non
905 346 968 391 sit
994 346 1157 400 frater,
1186 362 1376 402 amare3
1405 349 1502 392 476

128 420 193 467 Et
216 437 294 468 me
320 422 499 482 dignus
525 428 655 467 erat:
696 437 863 467 verum
891 429 1036 467 nocet
1061 438 1171 468 esse
1197 438 1429 468 sororem.

126 497 407 543 Dummodo
432 498 529 543 tale
554 496 672 542 nihil
693 497 898 558 vigilans
924 498 1234 544 committere
1259 505 1474 553 tentem;

122 573 266 635 Saepe
288 572 404 619 licet
429 572 575 618 simili
597 573 768 619 redeat
793 574 883 619 sub
905 573 1119 634 imagine
1145 590 1364 620 somnus.

119 648 283 695 Testis
303 649 443 695 abest
462 665 649 703 somno,
664 665 754 695 nec
773 650 915 696 abest
930 649 1119 695 imitata
1132 650 1377 712 voluptas,
1404 652 1501 695 480

117 723 215 770 Pro
239 724 425 779 Venus,
453 732 504 771 et
528 733 698 772 tenera
721 726 920 772 volucer
949 741 1062 772 cum
1088 733 1245 773 matre
1272 724 1497 787 Cupido!

120 800 317 846 Gaudia
343 807 529 862 quanta
553 801 664 847 tuli!
693 817 842 863 quam
868 817 946 848 me
972 801 1235 848 manifesta
1258 801 1409 847 libido

119 875 366 936 Contigit!
397 883 451 922 ut
470 877 603 938 Jacui
630 877 746 923 totis
772 878 987 923 resoluta
1012 877 1262 924 medullis!

119 950 189 997 Ut
213 951 498 998 meminisse
518 952 683 1013 juvat!
712 952 934 1013 quamvis
960 952 1121 998 brevis
1147 952 1231 998 illa
1253 952 1498 1014 voluptas,

119 1026 336 1088 Noxque
358 1027 449 1073 fuit
469 1043 712 1089 praeceps,
736 1035 785 1074 et
800 1027 975 1089 coeptis
996 1027 1160 1074 invida
1179 1027 1374 1073 nostris.
1402 1029 1498 1072 485

117 1102 161 1147 O
188 1118 296 1164 ego,
324 1103 365 1148 si
390 1102 538 1149 liceat
563 1110 751 1150 mutato
777 1103 973 1150 nomine
991 1103 1151 1165 jungi,

116 1178 278 1232 Quam
290 1179 433 1233 bene,
453 1179 642 1233 Caune,
656 1186 742 1226 tuo
753 1187 973 1242 poteram
987 1195 1138 1226 nurus
1154 1194 1263 1225 esse
1280 1177 1470 1241 parenti
1488 1177 1498 1222 l

116 1253 278 1308 Quam
294 1256 435 1309 bene,
452 1254 640 1311 Caune,
656 1271 765 1302 meo
778 1262 974 1318 poteras
990 1271 1141 1317 gener
1153 1270 1262 1301 esse
1278 1251 1469 1316 parenti
1488 1252 1497 1297 ἒ

117 1329 315 1385 Omnia,
345 1331 409 1377 Di
433 1330 669 1386 facerent,
698 1339 868 1379 essent
892 1331 1174 1379 communia
1198 1330 1357 1385 nobis,

118 1406 301 1454 Praeter
326 1423 471 1454 avos:
511 1415 565 1454 tu
591 1423 670 1454 me
694 1409 873 1456 vellem
899 1408 1182 1471 generosior
1207 1422 1360 1454 esses,
1400 1408 1499 1452 490

115 1481 298 1529 Nescio
324 1499 474 1545 quam
499 1482 649 1530 facies
674 1483 838 1546 igitur,
867 1484 1212 1548 pulcherrime,
1241 1489 1477 1528 matrem:

155 1646 228 1676 475.
260 1643 317 1674 Ille
344 1646 461 1684 quidem
485 1651 525 1674 est
555 1646 661 1680 oculis,
687 1646 766 1685 etc.]

113 1692 215 1724 Etiam
245 1693 360 1723 inimici
390 1693 518 1723 formam
548 1693 614 1734 ejus
643 1693 771 1724 laudare

112 1742 245 1779 debent;
271 1752 307 1772 ne
322 1742 399 1772 livor
415 1741 542 1782 quidem
558 1742 685 1772 formam
706 1742 772 1783 ejus

113 1800 238 1831 carpere
259 1790 364 1830 possit.
413 1791 554 1823 Quamvis
572 1796 603 1819 et
615 1791 772 1829 quamlibet

111 1838 269 1878 eleganter
285 1837 332 1868 sic
347 1844 518 1878 ponuntur:
536 1840 668 1878 quamvis
679 1840 773 1878 iniqui

116 1886 189 1922 sint,
206 1892 310 1916 tamen
322 1886 515 1927 iisformosus
530 1885 685 1924 videatur3
700 1887 772 1917 Liv.

110 1935 130 1965 i.
149 1936 178 1965 4.
191 1945 269 1974 posse
284 1936 414 1974 quamvis
429 1935 575 1975 languida
592 1936 684 1975 mergi
696 1946 771 1974 aqua

114 1983 260 2025 irfizntes.
306 1983 403 2013 Amat
417 1983 532 2012 Noster
547 1982 578 2012 in
594 1982 700 2024 primis
713 1983 771 2013 hoe

110 2031 258 2073 loquendi
281 2041 391 2072 genus.
438 2030 521 2061 Vide
544 2030 710 2061 Heinsium
732 2031 771 2061 ad

113 2080 243 2111 Heroid.
260 2080 301 2109 vi.
321 2080 393 2109 140.

154 2130 227 2159 479.
252 2129 348 2158 Simili
371 2130 424 2158 sub
448 2130 598 2169 imagine5
624 2139 694 2159 cum
717 2129 771 2159 tali

110 2177 238 2207 somnio.
276 2176 401 2206 Imitata
422 2177 572 2214 voluptas;
596 2176 617 2206 i.
633 2187 670 2206 ex
687 2177 722 2207 P.
738 2177 770 2207 ii.

110 2226 161 2255 45.
177 2225 296 2255 Somnia
316 2236 359 2255 me
380 2232 494 2255 terrent
516 2236 596 2255 ‘veros
619 2227 769 2256 imitantia

113 2285 210 2304 casus.
259 2275 345 2304 Abest
358 2284 464 2309 sonmo,
481 2274 568 2303 abest
583 2275 621 2304 ab
639 2274 685 2310 iis,
700 2285 769 2315 quae

113 2321 200 2352 nobis
215 2321 363 2351 eveniunt
378 2321 409 2350 in
425 2331 544 2351 somno.

151 2371 226 2399 481.
254 2369 366 2399 Tenem
382 2376 413 2399 et
428 2370 601 2410 puellarum
616 2376 647 2400 et
663 2372 768 2401 Vene-

109 2418 149 2449 ris
174 2417 347 2459 epitheton.
396 2418 519 2448 Gaudia
540 2419 655 2460 passim
678 2419 716 2449 de
739 2429 770 2448 re

109 2477 265 2505 venerea3
287 2468 402 2507 gaudia
418 2468 520 2508 ferre,
536 2474 570 2498 ut
583 2468 675 2508 ferre
694 2479 769 2506 prae-

112 2517 216 2550 mium,
232 2525 351 2551 munus,
366 2514 397 2544 id
413 2521 472 2551 est,
491 2515 643 2556 accipere.
690 2515 770 2546 Vide

113 2564 254 2594 Lambin.
280 2563 320 2593 ad
350 2564 460 2595 Horat.
488 2564 531 2594 iv.
557 2564 619 2595 Od.
644 2566 674 2595 8.
722 2564 772 2593 Me

112 2614 238 2653 contigit
265 2611 388 2647 melius,
410 2622 505 2652 quam
531 2612 608 2641 mihi
632 2610 771 2651 contigit.

116 2659 204 2700 Epic.
221 2660 260 2690 ad
274 2659 344 2690 Liv.
360 2661 391 2691 9.
406 2661 503 2690 luctus
523 2662 650 2700 contigit
664 2670 771 2690 omnes.

839 1647 992 1681 Resoluta,
1006 1644 1144 1675 libidinis
1161 1655 1262 1680 sensu,
1277 1655 1314 1674 ex
1332 1648 1498 1685 praecepto,

838 1695 920 1735 quod
940 1695 1005 1735 ipse
1027 1700 1119 1735 poeta
1140 1693 1227 1723 dedit
1243 1693 1312 1722 Art.
1331 1693 1438 1722 Amat.
1453 1692 1497 1723 iii.

840 1745 920 1774 793:
947 1744 1065 1773 Sentiat
1078 1754 1109 1773 er
1128 1744 1191 1772 imis
1212 1742 1351 1772 Venerem
1370 1742 1499 1771 resoluta.

839 1794 976 1822 medullis
990 1792 1126 1822 Femina.
1170 1790 1282 1821 Confer
1295 1790 1370 1820 ibid.
1381 1790 1413 1820 ii.
1425 1790 1500 1820 683.

840 1841 944 1871 Etiam
963 1843 1057 1879 juvat
1084 1839 1209 1869 solenne
1233 1839 1271 1868 de
1296 1838 1420 1878 gaudiis
1444 1848 1499 1868 ve-

841 1889 952 1924 nereis,
982 1888 1053 1918 vide
1083 1889 1190 1918 Burm.
1221 1886 1260 1916 ad
1290 1886 1418 1917 Heroid.
1446 1897 1497 1916 Χν.

844 1938 914 1967 134.

884 1986 957 2015 488.
984 1985 1081 2018 Quam
1097 1985 1177 2018 bene,
1196 1983 1311 2017 Cattae,
1328 1992 1401 2016 meo,
1418 1981 1496 2022 etc.]

841 2033 979 2071 Quidam
1000 2032 1083 2062 hunc
1105 2042 1228 2062 versum
1252 2029 1421 2068 omittunt3
1444 2030 1498 2060 sed

839 2082 948 2112 similis
963 2079 1106 2122 repetitio
1128 2090 1231 2110 versus
1251 2078 1455 2120 praecedentis
1470 2084 1501 2110 et

840 2131 914 2161 alibi
930 2129 1074 2165 occurrit,
1089 2135 1122 2159 ut
1138 2128 1159 2159 i.
1177 2130 1262 2166 3253
1286 2127 1326 2158 vi.
1346 2129 1396 2158 16.

882 2180 956 2209 490.
983 2179 1050 2213 Avi,
1086 2187 1166 2207 nunc
1201 2176 1325 2206 omnino
1354 2176 1496 2217 majores,

837 2238 946 2268 genus.
978 2226 1060 2256 Hinc
1077 2225 1175 2261 addit,
1191 2225 1236 2254 Tu
1250 2236 1292 2255 me
1308 2226 1420 2260 vellem,
1436 2230 1497 2255 etc.

839 2276 906 2306 Hoc
927 2280 1014 2316 optat
1035 2274 1156 2315 Byblis,
1179 2273 1251 2314 quia
1272 2279 1346 2303 tunc
1370 2273 1497 2303 Caunus

838 2323 877 2353 ad
889 2329 1028 2364 stuprum
1040 2323 1105 2352 sine
1117 2327 1202 2352 metu
1215 2322 1344 2361 repulsae
1357 2321 1496 2352 ferretur.

838 2372 956 2401 Burni.
977 2371 1098 2411 Tanaq.
1115 2371 1214 2400 Faber
1226 2370 1292 2399 haec
1304 2379 1497 2410 concoquere

839 2430 898 2450 non
924 2425 1066 2460 poterat:
1102 2418 1254 2449 suadebat
1278 2418 1370 2458 igitur
1394 2419 1498 2448 saltem

827 2469 973 2510 jacerent
999 2469 1127 2498 atienior
1149 2478 1229 2497 esses.
1278 2466 1390 2501 Unum,
1414 2466 1497 2506 quod

839 2517 931 2548 frater
953 2527 996 2552 es,
1022 2517 1157 2546 habemns
1182 2525 1200 2545 a
1220 2515 1354 2551 Natura,
1383 2515 1437 2545 sed
1462 2514 1496 2544 id

839 2567 940 2606 ipsum
969 2566 1056 2595 obest.
1108 2565 1179 2594 Non
1209 2563 1302 2604 igitur
1336 2568 1414 2599 erat,
1442 2573 1498 2594 cur

841 2613 950 2643 Ileins.
977 2612 1058 2642 hunc
1083 2613 1186 2642 locum
1214 2610 1420 2641 adulterinum
1446 2611 1495 2652 ju-

841 2660 968 2695 dicaret,
983 2667 1037 2690 aut
1052 2659 1241 2695 emendaret,
1256 2670 1329 2689 una.
