1779 3130
216 184 303 226 374

591 181 641 222 P.
677 179 889 221 OVIDII
924 179 1203 221 NASONIS

218 299 341 346 Mox
367 296 541 344 eadem
566 294 784 342 Teucras
804 294 963 341 fuerat
983 310 1203 341 mersura
1223 294 1430 349 carinas,
1487 295 1598 356 [tat‚

218 376 284 423 Ni
305 374 439 438 prius
465 373 515 418 in
534 372 811 435 scopulum,
835 373 920 434 qui
939 388 1068 418 nunc
1091 387 1292 433 quoque
1314 385 1494 417 saxeus
1514 385 1599 415 ex-

217 450 586 498 Transformata
602 450 748 496 foret:
775 449 1035 511 scopulum
1056 463 1255 510 quoque
1276 446 1440 492 navita
1458 446 1596 491 vitat.

283 527 352 573 ΙΙ.
374 526 517 573 Hanc
536 526 621 572 ubi
637 526 862 588 Trojanae
877 526 1041 581 remis,
1061 525 1355 586 avidamque
1373 523 1598 584 Charyb-

218 603 422 651 Evicere
444 610 590 657 rateS‚
610 618 764 664 quum
779 603 885 664 jam
905 618 1059 665 prope
1079 602 1196 647 litus
1216 601 1450 647 adessent
1492 599 1598 661 [din

214 680 507 734 Ausonium,
537 679 751 742 Libycas
776 686 924 725 vento
951 678 1229 725 referuntur
1254 677 1316 724 ad
1342 692 1468 723 oras,
1537 678 1597 721 77

216 757 421 820 Excipit
444 755 635 803 AEnean
660 755 761 802 illic
787 756 1052 818 animoque
1078 755 1343 816 domoque,

217 834 332 881 Non
357 834 486 880 bene
511 833 772 879 discidium
800 832 1007 895 Phrygii
1033 833 1192 878 latura
1215 829 1394 885 mariti,

219 910 447 957 Sidonis:
488 909 640 970 inque
664 924 790 972 pyra
815 909 940 955 sacri
967 909 1059 954 sub
1084 907 1299 968 imagine
1324 905 1457 952 facta
1538 907 1600 951 80

215 986 450 1033 Incubuit
472 985 614 1039 ferro,
642 985 955 1048 deceptaque
981 983 1168 1047 decipit
1192 999 1380 1030 omnes.
1601 982 1619 998 Υ

214 1063 409 1110 Rursus
435 1077 652 1109 arenosae
676 1060 870 1123 fugiens
896 1076 1022 1107 nova
1046 1059 1228 1107 moenia
1251 1066 1407 1114 terrae,

214 1207 249 1233 ut
267 1201 326 1232 sibi
344 1206 468 1231 caveret
490 1200 528 1230 ab
549 1199 606 1230 hoc
628 1205 782 1236 monstr03
808 1200 872 1229 Ho-

214 1261 288 1281 mer.
315 1249 376 1280 Od.
402 1253 446 1280 M.
470 1249 630 1279 85-100,
653 1254 684 1278 et
707 1249 769 1278 245
794 1259 872 1288 sqq3

215 1300 303 1340 Virg.
325 1298 389 1329 Cir.
405 1299 456 1329 57.
501 1297 563 1328 Sed
586 1298 714 1333 AEneaS,
738 1299 873 1328 monitus

213 1349 252 1380 ab
282 1348 417 1383 Heleno,
444 1347 524 1387 sugit
551 1351 718 1388 conspecta
743 1346 869 1387 Sc)·lla;

215 1397 304 1438 Yirg.
321 1398 396 1427 AEn.
412 1395 455 1426 iii.
472 1396 546 1426 684.

252 1445 412 1476 75—153.
428 1445 567 1483 Ceu-copes
578 1450 605 1473 et
619 1443 764 1483 Sibylla]
783 1442 872 1472 Pres-

215 1505 247 1525 so
262 1493 341 1536 pede
358 1492 525 1534 Virgilium
548 1491 697 1533 sequitur,
714 1492 768 1522 sed
785 1491 873 1522 fabu-

214 1545 260 1574 las
285 1543 324 1573 de
354 1542 545 1582 Cercopibus
574 1548 604 1572 et
632 1541 759 1582 Sibyllae
788 1540 873 1571 viva-

213 1591 308 1622 citate
346 1589 472 1620 aliunde
511 1589 649 1620 inseruit.
696 1589 786 1619 Hanc
824 1590 873 1619 uhi

216 1640 362 1679 Trry‘anae,
375 1644 438 1669 etc.
472 1637 569 1668 Redit
584 1637 692 1674 oratio,
706 1637 789 1668 unde
806 1637 872 1668 xiii.

214 1689 286 1719 730.
304 1687 441 1728 digressa
456 1693 532 1717 erat.
569 1685 723 1716 Reditum
737 1696 872 1716 commo-

212 1737 287 1768 dum
303 1747 366 1766 ver.
382 1736 433 1766 72.
452 1735 571 1765 Teucrae
592 1738 702 1765 carinae
723 1735 873 1776 praebent.

212 1787 351 1819 Avidum,
389 1784 463 1825 quia
497 1784 641 1814 absorbet
678 1794 872 1824 quaecunque

213 1834 473 1876 appropinquant.
496 1833 664 1868 Iit-incunt,
677 1838 731 1862 aut
745 1832 873 1863 vincunt

211 1884 361 1926 pericula,
391 1882 443 1923 qui
475 1892 513 1912 ea
541 1882 713 1922 effugiunt:
744 1892 870 1918 evasere,

213 1932 295 1974 quod
320 1931 415 1962 habet
438 1942 517 1961 unus
540 1930 659 1961 Sixian.
674 1931 744 1961 MS.
766 1937 812 1960 est
834 1941 871 1962 ex

212 1980 483 2022 interpretatione;
507 1979 600 2009 etiam
624 1991 675 2009 xv.
693 1980 764 2009 706.
788 1982 869 2009 evin-

212 2041 276 2060 cere
299 2030 444 2070 fretum;
474 2028 544 2058 vide
580 2028 795 2057 Burmannum
831 2028 869 2058 ad

212 2079 318 2109 Valet.
335 2078 438 2107 Flacc.
453 2076 498 2106 iii.
515 2077 588 2106 482.

256 2127 307 2157 77.
345 2126 472 2165 Libycas
502 2124 680 2165 referuntur
708 2127 747 2155 ad
773 2126 866 2165 oras]

212 2176 264 2207 Cf.
289 2174 400 2214 virgil.
416 2175 491 2204 AEu.
515 2173 559 2203 iii.
581 2174 641 2203 687
664 2184 735 2214 sqq.
781 2174 870 2204 Litus

211 2226 318 2264 legunt
332 2222 445 2253 Sicilia:
465 2222 599 2252 australe
618 2228 648 2252 et
663 2221 868 2257 occidentale,

212 2273 252 2304 ad
276 2272 470 2312 Drepanum,
486 2281 578 2311 supra
601 2270 775 2311 Lilybaeum
798 2281 868 2311 pro-

211 2321 406 2356 montorium,
424 2321 544 2351 faciunt
567 2330 740 2356 escensum‚
763 2319 868 2361 ibique

212 2371 337 2401 moritur
352 2369 519 2400 Anchises.
551 2370 633 2400 Vere
649 2369 722 2399 anni
736 2379 868 2410 sequen-

211 2420 250 2450 tis
268 2417 376 2450 classis
398 2428 414 2448 e
432 2417 539 2448 Sicilia
558 2417 650 2447 solvit
665 2428 768 2448 versus
783 2417 869 2447 Lati-

211 2478 262 2498 um
276 2479 283 2504 3
301 2466 356 2497 sed
373 2470 556 2507 tempestate
573 2466 611 2495 ab
627 2465 722 2496 AEolo
737 2466 869 2497 Junonis

211 2516 354 2558 precibus
382 2514 518 2545 excitata
547 2515 640 2554 (ΖΕΒ.
666 2514 685 2544 i.
711 2515 751 2544 34
778 2515 867 2555 sqq.)

211 2575 306 2595 naves
325 2574 432 2594 omnes
448 2564 574 2604 Libycas
589 2565 627 2593 ad
649 2574 714 2593 orus
731 2564 868 2604 rej'erun-

212 2622 274 2649 tur,
290 2613 343 2643 sed
360 2612 488 2643 diversis
502 2612 652 2654 partibus,
664 2614 782 2643 AEneas
798 2613 866 2653 qui·

211 2663 282 2694 dem
316 2672 385 2692 cum
418 2668 537 2702 septem
572 2661 704 2692 navibus
736 2671 783 2697 eo,
815 2661 866 2691 ubi

210 2721 290 2743 nunc
313 2709 487 2740 Tunitauus
510 2709 606 2741 sinus.
651 2710 801 2751 Egressus
827 2709 865 2740 de

941 1198 1019 1229 colle
1034 1197 1259 1238 Carthaginem
1271 1197 1442 1238 subjectam
1455 1195 1601 1238 prospicit

942 1248 1022 1286 (ver.
1035 1246 1126 1285 418.)
1140 1252 1170 1276 et
1186 1257 1281 1288 quum
1295 1245 1327 1275 in
1339 1244 1472 1277 Junonis
1483 1245 1600 1286 templo

940 1295 1060 1336 singula
1081 1296 1237 1330 lustraret,
1253 1305 1288 1324 eo
1310 1294 1435 1324 incessit
1452 1293 1536 1323 Dido
1552 1293 1599 1323 Si-

940 1346 1035 1380 donis,
1054 1355 1122 1385 quae
1141 1345 1274 1374 ,Eneam
1289 1346 1443 1383 animoque
1463 1345 1600 1382 domoque

939 1396 1047 1433 eicipit
1063 1393 1122 1433 (ix.
1138 1394 1210 1423 279.
1227 1393 1356 1422 thalamo
1379 1393 1532 1431 animoque
1555 1402 1600 1420 re-

939 1442 1064 1481 ώρει-8,)
1080 1441 1113 1471 h.
1130 1452 1157 1472 e.
1172 1441 1272 1483 ipsum
1288 1441 1319 1470 in
1335 1441 1419 1481 regia
1437 1445 1521 1470 tecta.
1541 1439 1599 1469 du·

941 1491 996 1525 cit,
1011 1490 1176 1521 comitibus
1192 1500 1303 1530 pecora
1315 1489 1482 1529 vinumque
1495 1487 1600 1523 mittit,

939 1539 1067 1581 epulum
1097 1538 1220 1569 instruit
1249 1537 1509 1573 laudatissimum,
1536 1544 1599 1568 etc.

942 1588 1068 1619 sEneid.
1084 1588 1108 1618 i.
1123 1588 1185 1619 630
1200 1598 1269 1628 sqq.
1307 1586 1384 1616 Mox
1400 1592 1539 1627 correpta
1554 1586 1601 1616 in·

939 1647 1013 1667 sano
1025 1638 1134 1667 AEneae
1149 1646 1264 1671 amore,
1277 1635 1317 1666 ad
1328 1635 1451 1676 nuptias
1462 1635 1600 1665 animum

939 1685 1074 1716 intendit
1089 1698 1096 1723 3
1122 1687 1197 1716 AEn.
1212 1686 1254 1716 iv.
1270 1686 1337 1715 init.
1361 1684 1453 1721 Quod
1470 1695 1566 1725 quum
1583 1695 1601 1715 a

941 1735 1099 1765 Mercurio
1128 1734 1256 1764 edoctus
1285 1739 1364 1764 esset
1389 1734 1519 1769 :Eneas‚
1543 1744 1600 1764 nec

940 1783 1082 1825 precibus
1099 1794 1156 1814 nec
1172 1783 1308 1813 lacrimis
1324 1782 1457 1812 Didonis
1474 1782 1599 1812 retineri

940 1832 1051 1874 potuit,
1068 1832 1144 1873 quin
1160 1832 1278 1862 abitum
1293 1837 1427 1873 pararet,
1443 1836 1598 1871 noctuque

941 1882 1114 1921 aufugeret.
1145 1881 1214 1910 Hoc
1230 1886 1278 1910 est
1292 1881 1451 1910 discidium
1469 1880 1600 1920 Phrygii

940 1931 1056 1965 mariti,
1075 1929 1155 1970 quod
1174 1928 1256 1959 Dido
1273 1940 1330 1958 non
1347 1930 1415 1959 hene
1432 1929 1510 1968 (non
1532 1928 1598 1958 sine

939 1989 1060 2008 summo
1089 1978 1201 2013 furore,
1231 1989 1286 2019 per
1314 1977 1487 2015 λιτότητα)
1517 1977 1599 2007 tulit.

939 2028 1056 2057 Furens
1079 2026 1171 2067 igitur
1194 2027 1297 2057 dolore
1320 2038 1436 2066 pyram,
1459 2026 1598 2056 scrobem

938 2081 1148 2116 superstructa
1170 2076 1322 2116 lignorum
1346 2075 1437 2110 mole,
1455 2075 1527 2104 facit
1545 2077 1600 2105 sub

939 2126 1067 2165 imagine
1089 2127 1178 2160 sacri,
1194 2125 1344 2155 simulans
1366 2134 1455 2154 sacra
1477 2125 1600 2165 magica

938 2172 1090 2211 Hecatae3
1118 2173 1172 2203 sed
1197 2183 1292 2214 quum
1321 2172 1388 2203 sola
1410 2179 1500 2208 esset,
1524 2183 1597 2203 con-

937 2221 1060 2252 scendit
1074 2232 1193 2263 pyram,
1209 2223 1515 2262 incumbitqueserro.
1539 2222 1599 2252 At-

937 2282 998 2311 que
1013 2272 1057 2301 ita
1070 2273 1191 2310 decepta
1207 2271 1246 2301 ab
1263 2272 1367 2301 Ainea
1381 2273 1490 2310 decipit
1505 2283 1600 2302 omnes

937 2320 1041 2357 (lusus
1075 2330 1135 2350 non
1169 2330 1354 2361 magnopere
1391 2320 1598 2361 probandus,)

937 2369 1059 2399 Barcen
1082 2368 1245 2404 nutricem,
1261 2369 1387 2399 Annam
1411 2380 1543 2399 sororem
1567 2377 1598 2400 et

936 2417 1079 2453 famulas,
1104 2424 1248 2458 putantes
1272 2428 1341 2448 vere
1365 2428 1453 2449 sacra
1475 2419 1598 2459 parari3

937 2467 1012 2495 [En.
1027 2465 1068 2495 iv.
1084 2467 1146 2496 504
1164 2477 1234 2507 sqq.
1249 2473 1280 2497 et
1295 2468 1357 2497 632
1377 2477 1444 2507 sqq.
1491 2467 1593 2498 Caete-

936 2525 1003 2544 rum
1019 2525 1073 2556 pro
1086 2526 1163 2555 pyra
1183 2517 1262 2545 sacri
1279 2517 1331 2546 sub
1354 2517 1592 2556 imaginefacta,

935 2573 1015 2593 unus
1037 2563 1200 2594 Leidensis
1224 2563 1413 2604 habetficti,
1438 2565 1521 2604 quod
1545 2575 1593 2595 re-

935 2611 1051 2642 feratur
1067 2612 1106 2641 ad
1123 2614 1211 2642 sacri.

978 2662 1032 2690 82.
1058 2661 1143 2690 Nova
1167 2663 1284 2697 moenia,
1308 2662 1427 2697 urbem,
1447 2672 1515 2702 quae
1539 2660 1593 2691 illo

934 2709 999 2750 ipso
1023 2715 1157 2750 tempore
1181 2709 1381 2741 condebatur.
1426 2710 1476 2740 Ab
1494 2712 1592 2740 arenis
