1779 3130
247 200 305 240 34
645 196 693 235 P.
729 192 940 235 OVIDII
975 191 1254 232 NASONIS

253 313 420 366 Quum
445 310 579 357 videt
604 308 854 356 extinctos
878 306 1053 353 fratres
1081 305 1278 351 Althaea
1302 302 1497 350 referri:

254 389 394 443 Quae,
419 388 655 450 plangore
681 385 813 439 dato,
842 383 1032 428 moestis
1055 381 1324 427 ululatibus
1350 380 1524 426 urbem

253 465 452 527 Implet,
481 470 531 510 et
549 469 746 508 auratas
772 460 979 506 mutavit
1004 458 1223 504 vestibus
1251 457 1385 503 atris.
1540 457 1638 500 448

254 540 322 586 At
347 539 491 585 simul
517 545 595 584 est
619 544 792 583 auctor
816 535 952 582 necis
979 534 1165 589 editus3
1204 532 1392 579 excidit
1416 531 1577 578 omnis

257 615 460 669 Luctus,
488 621 539 661 et
563 630 592 660 a
616 612 832 660 lacrimis
858 612 907 657 in
933 626 1091 674 poenae
1116 626 1286 656 versus
1313 625 1531 655 amorem
1551 613 1642 653 est.

257 692 426 754 Stipes
452 698 571 745 erat,
591 705 757 752 quem,
780 704 934 750 quum
955 694 1126 750 partus
1152 687 1301 732 enixa
1319 688 1511 747 Jaceret

255 768 503 822 Thestias,
531 767 579 812 in
605 767 856 812 flammam
879 763 1101 826 triplices
1128 778 1339 826 posuere
1366 776 1586 816 sorores3

260 843 584 904 Staminaque
610 842 850 904 impresso
870 839 1040 886 fatalia
1065 839 1244 901 pollice
1270 845 1460 892 nentes,
1549 839 1646 882 453

260 925 290 943 “
318 917 611 981 Tempora,”
639 917 891 972 dixerunt,
922 923 951 940 ‘⁶
980 917 1154 963 eadem
1181 917 1417 977 lignoque
1439 913 1648 975 tibique,

262 997 305 1043 Ο
349 997 496 1042 modo
534 1003 665 1049 nate,
710 995 885 1041 damus
905 994 947 1041 :''
988 1009 1087 1055 quo
1126 1000 1393 1056 postquam
1433 990 1649 1037 carmine

262 1072 541 1119 Excessere
569 1072 719 1127 Deae3
749 1072 1041 1133 fiagrantem
1060 1077 1218 1117 mater
1239 1070 1302 1116 ab
1328 1069 1442 1131 igne
1497 1067 1653 1128 [dicto

263 1149 461 1213 Eripuit
484 1156 681 1204 torrem,
709 1148 992 1211 sparsitque
1016 1146 1322 1209 liquentibus
1347 1145 1510 1191 undis.

263 1226 356 1273 Ille
378 1226 463 1272 diu
487 1225 648 1272 suerat
671 1225 1009 1288 penetralibus
1036 1224 1235 1270 abditus
1259 1222 1399 1275 imis;

265 1302 602 1364 Servatusque
627 1309 754 1357 tuos,
777 1301 1003 1364 juvenis,
1020 1305 1299 1348 servaverat
1322 1315 1492 1346 annos.
1555 1299 1652 1344 459

264 1379 479 1426 Protulit
500 1380 631 1426 hunc
649 1379 894 1441 genetrix,
914 1379 1174 1441 taedasque
1196 1377 1246 1424 in
1270 1376 1514 1438 fragmina
1537 1374 1653 1438 poni

267 1455 502 1519 Imperat,
531 1464 580 1503 et
604 1456 780 1519 positis
806 1456 1032 1503 inimicos
1059 1456 1289 1502 admovet
1312 1453 1468 1515 ignes.

264 1531 391 1578 Tum
417 1539 594 1579 conata
618 1540 794 1594 quater
818 1532 1029 1579 flammis
1054 1531 1309 1594 imponere
1333 1545 1539 1585 ramum,

262 1662 347 1694 thaea
368 1669 478 1698 matre,
495 1668 588 1704 atque
614 1663 694 1693 banc
724 1663 787 1693 filio
814 1663 927 1704 impre-

265 1717 369 1741 catam
401 1722 468 1741 esse
494 1717 652 1748 mortem;
687 1711 720 1741 id
749 1711 832 1752 quod
863 1712 928 1742 sine

265 1759 360 1789 dubio
389 1760 538 1800 originem
577 1759 663 1790 dedit
693 1760 783 1790 alteri
819 1760 929 1790 rationi

265 1817 321 1838 seu
338 1808 452 1838 fabulae
466 1809 504 1839 de
521 1808 625 1849 stipite
641 1808 740 1844 fatali,
757 1819 850 1849 quam
866 1809 928 1850 pri-

266 1866 335 1886 mus
361 1856 559 1896 Phrynichus
595 1857 731 1897 tragicus
757 1857 789 1887 in
823 1858 929 1888 fabula

266 1906 402 1935 Pleuron
424 1905 572 1935 tractavit
600 1906 804 1945 (Pausanias,
830 1906 927 1936 Phoc.

267 1964 301 1994 p.
328 1953 420 1991 874.)
449 1963 606 1994 quamque
636 1964 696 1984 non
734 1954 844 1984 mirum
883 1960 930 1984 est

269 2002 419 2031 Nostrum
433 2002 616 2042 praetulisse,
629 2013 724 2042 quum
737 2002 838 2043 aptior
850 2003 929 2032 mul·

269 2054 301 2079 to
323 2054 405 2079 esset
427 2049 467 2079 ad
492 2049 792 2081 commiserationem
814 2051 928 2080 sacien-

270 2098 354 2128 dam.
400 2098 450 2127 Sic
467 2104 498 2128 et
511 2097 669 2139 Hyginus,
685 2099 747 2129 fab.
767 2099 840 2129 174.
871 2099 929 2129 Ni-

270 2145 385 2176 cander
414 2145 497 2186 apud
522 2146 718 2176 Antoninum
745 2146 931 2183 Liberalem,

271 2205 341 2236 cap.
363 2197 394 2226 2.
417 2202 581 2237 utramque
606 2197 756 2227 rationem
780 2197 930 2238 conjunx-

269 2249 358 2281 erat3
386 2243 579 2285 Meleagrum
605 2245 687 2275 enim
708 2245 878 2275 tradiderat
899 2245 931 2275 in

270 2303 376 2333 pugna
404 2303 475 2322 cum
505 2293 686 2329 Curetibus,
714 2300 784 2335 post
817 2295 931 2324 taedam

270 2340 358 2370 illam
374 2340 439 2381 igni
455 2341 635 2377 immissam,
654 2342 792 2383 periisse.
832 2343 930 2378 Dona,

271 2388 409 2424 donaria,
425 2399 491 2419 ver.
514 2390 588 2420 266.
611 2392 735 2430 templis,
758 2391 789 2420 in
814 2391 933 2432 templa

272 2436 357 2466 Diis.
376 2436 417 2467 ix.
433 2437 508 2467 790.
554 2438 635 2468 Nato
656 2440 786 2475 victore5
812 2439 850 2469 ob
867 2440 931 2469 nati

271 2484 443 2515 victoriam.
489 2486 576 2516 Inter
596 2486 683 2527 pium
704 2497 776 2527 ergo
796 2487 931 2517 officium

271 2537 304 2563 et
319 2533 427 2562 laetum
444 2544 504 2563 non
518 2533 610 2564 fando
626 2535 785 2575 cognoscit
801 2535 930 2571 effidem,

273 2581 327 2611 sed
357 2584 436 2611 ridet
466 2583 618 2613 extinctos
646 2584 764 2615 fratres.
816 2584 932 2614 Melius

272 2629 350 2660 forte
361 2636 437 2665 erat,
449 2630 532 2671 quod
548 2637 618 2662 ante
632 2633 847 2662 Burmannum
860 2633 930 2662 ede-

271 2678 374 2714 batur,
390 2681 636 2710 auratis—atras
652 2682 700 2721 (et
716 2681 798 2722 quod
816 2681 932 2712 habent

272 2725 366 2767 Regii
391 2728 485 2758 nostri
501 2728 525 2766 3)
557 2739 691 2770 namque
721 2730 776 2760 etsi
807 2731 929 2772 proprie

998 1668 1169 1697 mutamus,
1202 1672 1271 1702 quae
1306 1660 1481 1702 abjicimus,
1516 1671 1588 1691 cum
1619 1660 1658 1690 iis

998 1723 1067 1753 quae
1101 1711 1299 1746 assumimus,
1332 1716 1435 1740 tamen
1473 1715 1572 1751 poetae
1605 1719 1655 1739 so-

998 1761 1063 1792 lent
1079 1761 1230 1791 invertere
1246 1764 1432 1789 structuram
1447 1768 1657 1789 communem.

1000 1810 1080 1841 Vide
1105 1809 1144 1840 ad
1171 1809 1226 1839 vii.
1244 1810 1296 1839 60.
1341 1810 1484 1843 Ani-atas,
1510 1818 1584 1838 auro
1609 1818 1657 1838 01·-

997 1866 1098 1890 natas.
1132 1858 1214 1889 Vide
1239 1857 1279 1888 ad
1301 1856 1342 1887 vi.
1358 1856 1425 1887 init.
1474 1857 1596 1892 Editus,
1611 1856 1658 1886 in-

998 1908 1130 1938 dicatus.
1154 1906 1186 1936 ii.
1210 1907 1262 1936 43.
1324 1905 1454 1941 Excidit,
1481 1905 1613 1941 seilicet,
1641 1915 1657 1935 e

997 1963 1113 1992 mente,
1127 1956 1160 1986 ii.
1177 1956 1233 1986 601
1253 1967 1260 1993 3
1282 1955 1324 1985 iv.
1343 1955 1416 1985 175.

1042 2006 1114 2036 451.
1139 2005 1271 2039 ercerel,
1300 2004 1514 2034 decumberet.
1561 2003 1657 2034 Puer-

998 2064 1074 2095 pera
1108 2052 1304 2083 describitur.
1359 2052 1523 2082 Venerunt
1554 2057 1657 2082 autern

998 2103 1105 2132 Parcae
1124 2101 1256 2142 septimo
1275 2106 1344 2142 post
1357 2106 1480 2142 partum
1495 2100 1557 2136 die,
1575 2111 1658 2131 nunc

1000 2161 1138 2191 quoque,
1169 2156 1204 2180 ut
1233 2159 1365 2191 semper,
1395 2155 1496 2179 nentes
1528 2151 1656 2180 stamina

997 2199 1169 2229 hominum.
1206 2198 1302 2240 Apud
1318 2198 1542 2240 Apollodorum
1563 2198 1659 2239 stipes

993 2248 1080 2289 jacet
1103 2247 1135 2277 in
1161 2257 1225 2278 ara.
1271 2246 1432 2288 Hyginus:
1460 2246 1497 2276 In
1514 2249 1599 2288 regia
1613 2247 1660 2276 di-

998 2298 1081 2326 citur
1098 2297 1163 2325 titio
1179 2297 1287 2326 ardens
1300 2297 1479 2335 apparuisse.

1044 2346 1116 2375 455.
1141 2346 1293 2380 Cin-mine,
1310 2344 1469 2375 vaticinio.
1503 2343 1660 2385 Hyginus,

1004 2394 1158 2435 Meleagro
1184 2394 1260 2435 fata
1298 2395 1485 2424 cecinerunt.
1549 2393 1659 2428 Torris,

999 2441 1118 2482 lignum
1147 2448 1328 2483 praeustum.
1374 2442 1477 2473 Graeci
1507 2445 1660 2477 auctores,

998 2490 1111 2528 δαλὸς.
1159 2492 1301 2522 Seruatus
1330 2491 1368 2521 ab
1393 2490 1539 2521 incendio
1562 2501 1659 2520 serva-

1000 2547 1094 2574 verat,
1111 2545 1329 2581 prorogaverat
1344 2549 1451 2569 annos.
1487 2538 1575 2569 Idem
1591 2549 1659 2569 ver-

998 2589 1072 2618 bum
1093 2588 1140 2618 bis
1162 2588 1295 2628 positum
1320 2589 1400 2618 bene
1421 2587 1567 2628 exprimit
1586 2598 1660 2618 con-

995 2636 1189 2677 junctionem
1207 2635 1278 2665 111110
1295 2641 1325 2665 et
1341 2635 1467 2677 stipitis.

1042 2685 1115 2714 460.
1150 2684 1383 2725 Iizji·11gnii71a,
1415 2683 1446 2714 id
1476 2689 1533 2720 est,
1561 2683 1660 2714 taedas

1001 2732 1115 2762 fractas
1131 2731 1217 2762 dedit
1234 2732 1383 2762 Heinsius
1396 2743 1412 2763 e
1426 2732 1524 2762 tribus
1540 2731 1632 2761 MSS.
