1779 3130
347 158 968 204 METAMORPHOSEON
1001 157 1120 200 LIB.
1157 159 1247 200 IX.

1430 159 1487 200 85

110 277 202 324 His
229 277 352 324 elisa
370 279 508 340 jacet
533 276 687 323 moles
715 274 952 321 Nemeaea
975 273 1204 320 lacertis:
1230 277 1235 279 '

108 353 214 400 Hac
240 354 420 399 coelum
446 351 639 399 cervice
666 350 785 397 tuli:

825 348 1024 396 defessa
1042 348 1270 411 jubendo
1297 356 1374 396 est

107 430 250 476 Saeva
273 429 410 476 Jovis
437 430 651 490 conjux3
693 443 785 488 ego
811 442 920 472 sum
947 425 1223 472 indefessus
1250 425 1459 487 agendo.

108 506 208 553 Sed
235 522 360 552 nova
386 505 542 568 pestis
570 505 727 559 adest,
755 503 833 549 cui
861 518 952 549 1166
979 503 1159 549 virtute
1185 502 1364 557 resisti,
1399 507 1498 549 200

108 581 215 629 Nec
241 583 352 628 telis
379 583 589 628 armisve
614 587 809 644 potest:
850 579 1170 642 pulmonibus
1197 586 1327 625 errat

106 657 244 720 Ignis
270 659 399 705 edax
425 658 552 712 imis,
579 672 768 720 perque
795 671 965 702 omnes
992 654 1214 718 pascitur
1239 662 1391 701 artus.

106 733 173 780 At
196 735 327 781 valet
354 734 682 797 Eurystheus,
711 739 762 779 et
787 739 918 787 sunt,
947 732 1032 794 qui
1058 732 1261 779 credere
1288 732 1480 795 possint

108 809 234 857 Esse
262 811 396 858 Deos
414 811 462 858 Γ
499 810 654 856 dixit:
695 824 883 872 perque
909 808 1059 854 altam
1086 808 1284 872 saucius
1312 808 1464 854 OEten

112 885 260 934 Haud
285 888 425 934 aliter
450 887 685 949 graditur,
715 901 865 948 quam
891 885 930 931 si
956 886 1203 933 venabula
1226 885 1364 947 tigris
1401 888 1497 932 205

113 962 333 1027 Corpore
358 964 459 1010 fixa
484 970 639 1026 gerat,
667 962 887 1024 factique
914 962 1149 1025 refugerit
1173 970 1362 1009 auctor.

112 1039 257 1103 Saepe
282 1041 419 1087 11111111
446 1040 659 1102 gemitus
686 1039 934 1093 edentem,
963 1055 1097 1102 saepe
1122 1039 1430 1094 frementem,

155 1172 224 1202 197.
251 1172 368 1208 Mole55
402 1173 517 1214 primus
545 1173 705 1207 Gronovii,
734 1178 764 1202 et

109 1219 189 1261 prior
204 1219 383 1256 Twisdenii,
399 1223 496 1260 pestis.
548 1220 715 1261 Sophocles
729 1230 766 1249 cx

110 1268 362 1309 Interpretatione
379 1270 548 1304 Ciceronis,
565 1274 571 1286 ¹
587 1271 614 1297 ()
630 1275 768 1309 pectora,

110 1327 127 1346 o
144 1323 241 1358 terga,
257 1328 274 1348 o
291 1317 476 1348 lacertorum
493 1318 566 1348 tori!
616 1319 768 1348 Vestrone

111 1376 217 1406 pressu
236 1367 395 1406 quondam
419 1368 584 1397 Nemeaeus
604 1367 652 1397 leo
674 1368 768 1397 Fren-

111 1414 188 1444 dens
209 1415 323 1446 efflavit
343 1416 476 1455 graviter
497 1422 669 1446 extremum
692 1415 770 1445 hali-

113 1468 177 1493 tum
194 1464 228 1493 3'’
287 1465 379 1495 Moles
412 1465 555 1499 Nemeaeu,
588 1472 691 1495 vastus
721 1465 770 1495 leo

113 1512 288 1543 Nemeaeus.
335 1512 473 1548 Curtius,
504 1513 598 1543 VIII.
625 1513 690 1543 xiii.
722 1514 770 1543 10.

113 1563 246 1601 ingentes
259 1569 405 1592 vastorum
419 1574 575 1601 corporum
588 1565 682 1592 moles.
701 1563 770 1591 Sta-

114 1611 176 1642 tius
189 1612 291 1643 Theb.
308 1612 349 1643 vi.
365 1614 439 1643 835.
456 1613 609 1642 Herculea
628 1624 684 1641 uon
698 1613 771 1641 mole

115 1662 221 1690 minor.

159 1710 229 1740 198.
268 1710 380 1740 Cfflum
414 1713 525 1742 cervice
558 1712 638 1746 tuli,·
673 1720 769 1750 quum

113 1757 274 1789 Atlantem
298 1758 430 1789 misisset
455 1759 495 1790 ad
521 1760 604 1790 mala
627 1759 771 1800 Hesperi-

113 1806 188 1837 dum
202 1808 406 1849 apportanda,
417 1809 507 1848 eique
524 1808 639 1839 coelum
651 1810 770 1838 sarcina

112 1867 205 1895 parua
225 1857 318 1897 suiL;
343 1857 408 1887 vid.
438 1857 563 1888 Heroid.
591 1857 633 1886 ix.
658 1858 718 1894 583
743 1863 773 1888 et

103 1906 228 1945 firmior
255 1906 405 1935 Herculea
432 1908 560 1936 mundus
584 1908 696 1935 cei-rice
722 1918 771 1945 pe-

111 1956 214 1993 pendit
224 1954 305 1993 apud
317 1954 540 1990 Claudianum,
551 1954 590 1984 R.
601 1955 637 1984 P.
648 1954 678 1984 ii.
687 1955 772 1996 praef.

115 2004 174 2033 47:
200 2003 280 2033 adde
305 2003 407 2033 Laud.
434 2004 533 2034 Stilic.
557 2004 576 2033 i.
599 2005 668 2033 143.
719 2004 773 2034 Fa-

112 2052 219 2083 bulam
243 2053 462 2094 interpretatur
486 2052 611 2083 Servius
634 2052 673 2082 ad
700 2053 773 2083 AEn.

115 2101 137 2131 i.
157 2102 236 2131 741:
273 2106 292 2118 “
310 2101 369 2131 Hic
394 2101 520 2141 (Atlas)
547 2101 629 2142 quod
657 2112 772 2132 anuum

115 2150 147 2180 in
164 2157 303 2191 tempora
319 2150 468 2185 diviserit,
485 2157 513 2181 et
532 2151 647 2192 primus
666 2151 772 2181 stella-

117 2210 182 2230 rum
207 2210 315 2230 cursus
332 2200 380 2229 vel
405 2200 602 2234 circulorum,
619 2200 668 2230 vel
692 2200 773 2231 side-

117 2259 182 2278 rum
195 2249 355 2279 transitum
372 2255 555 2290 naturasque
568 2249 775 2289 descripserit,

117 2297 234 2328 coelum
249 2297 351 2327 dictus
367 2305 413 2327 est
428 2297 592 2328 sustinere.
625 2298 708 2334 Quia
724 2309 776 2329 ne-

118 2352 221 2386 potem
240 2356 328 2376 suum
350 2346 539 2376 Mercurium
560 2353 590 2376 et
608 2347 775 2377 Herculem

117 2394 261 2425 docuisse
274 2394 398 2430 dicitur,
411 2395 481 2425 inde
496 2395 647 2426 Hercules
660 2396 777 2426 coelum

118 2443 158 2473 ab
171 2443 300 2474 Atlante
316 2449 494 2484 susceptum
511 2444 692 2474 sustinuisse
708 2454 776 2475 nar-

119 2498 215 2526 ratur,
242 2498 367 2534 propter
395 2492 469 2523 coeli
494 2492 658 2522 scientiam
682 2492 776 2523 tradi—

119 2541 215 2570 tam.''
262 2540 386 2570 Confer.
405 2540 553 2571 Albricus
576 2540 615 2571 de
639 2541 774 2571 Deorum

119 2589 238 2630 Imagg.
259 2599 327 2631 cap.
344 2591 396 2619 22.
444 2590 565 2631 Defessa
572 2591 708 2630 jubendo
724 2597 776 2626 est,

119 2643 179 2669 etc.
224 2639 292 2669 Hoc
308 2639 376 2680 ipsa
389 2639 474 2670 Juno
489 2638 601 2670 fatetur
618 2639 702 2681 apud
722 2641 775 2670 Se-

122 2697 245 2723 necam,
259 2688 351 2718 Herc.
366 2688 507 2718 Fur.xli:
529 2689 685 2727 Μίκων-(μισ
697 2690 778 2718 labor

831 1178 871 1202 est
899 1171 1037 1207 Herculi,
1055 1173 1144 1210 jussu
1169 1173 1279 1211 estqui,
1306 1171 1403 1205 Quum
1427 1172 1498 1202 mihi

823 1221 943 1259 jubere.
969 1220 1050 1249 Hinc
1068 1219 1212 1249 Valerius
1229 1220 1314 1249 Flac.
1334 1231 1361 1249 v.
1379 1220 1430 1250 43.
1446 1230 1500 1250 vo-

835 1274 926 1298 catur
944 1268 1139 1309 munisti-{finus
1154 1279 1210 1306 pur
1226 1279 1370 1298 noceret?-

877 1319 951 1347 201.
976 1317 1053 1347 Telis
1070 1317 1115 1347 vis
1132 1317 1271 1352 infertur,
1283 1319 1374 1347 armis
1389 1327 1500 1358 corpus

838 1367 952 1407 tegitur
981 1372 1012 1397 et
1041 1366 1233 1397 defenditur.
1292 1366 1500 1402 Pulmonibus,

839 1426 894 1456 per
911 1416 1094 1456 pulmones3
1113 1416 1144 1445 ii.
1155 1417 1229 1446 801.
1245 1417 1338 1445 medio
1351 1417 1501 1454 pulmone.

882 1466 955 1494 203.
982 1466 1020 1494 At
1041 1465 1118 1495 valet
1137 1465 1347 1505 Eurystlieus,·
1373 1464 1424 1495 hic
1442 1465 1502 1496 fuit

837 1513 977 1544 Stheneli
1002 1515 1209 1555 Mycenarum
1233 1513 1314 1554 regis
1337 1513 1430 1549 filius,
1447 1515 1501 1555 qui

838 1563 1017 1604 impellente
1047 1564 1062 1593 .l
1072 1573 1173 1592 unone
1212 1562 1382 1592 Herculem
1416 1563 1502 1594 varia

838 1611 977 1653 pericula
1001 1611 1085 1641 adire
1106 1610 1212 1652 jussit.
1260 1612 1339 1641 Sum
1363 1613 1413 1651 qui
1436 1623 1500 1642 cre-

839 1662 918 1696 dere,
939 1666 1000 1691 etc.
1047 1659 1156 1690 Miseri
1181 1670 1278 1700 quum
1308 1659 1500 1691 adversarios

839 1720 910 1740 suos
935 1710 1074 1740 valentes
1095 1709 1214 1744 vident,
1231 1709 1322 1739 facile
1346 1709 1500 1740 inducun-

839 1764 899 1793 tur,
910 1764 945 1789 ut
957 1758 995 1788 de
1012 1757 1207 1800 providentia
1222 1757 1327 1788 divina
1346 1757 1500 1789 dubitent.

841 1807 909 1838 Esse
935 1808 1020 1842 Deos,
1037 1807 1168 1842 scilicet,
1185 1806 1238 1847 qui
1262 1817 1368 1837 curam
1392 1813 1501 1848 gerant

839 1866 940 1886 rerum
963 1856 1182 1886 humanarum.
1219 1855 1334 1886 Confer
1350 1854 1499 1886 Claudia-

840 1915 913 1934 num
941 1904 972 1935 in
998 1904 1107 1935 Rufin.
1132 1904 1154 1934 i.
1184 1905 1232 1934 18.
1280 1903 1349 1934 Esse
1377 1904 1501 1935 omnino

841 1953 927 1983 Deos
943 1963 1055 1994 negare
1072 1963 1131 1983 non
1150 1958 1278 1994 poterat,
1295 1963 1391 1993 quum
1408 1959 1501 1983 antea

841 2001 906 2043 ipse
932 2004 1089 2034 Junonem
1127 2002 1359 2043 compellesset.
1406 2002 1500 2033 Haud

840 2052 941 2087 aliter,
954 2057 1014 2082 etc.
1040 2051 1097 2081 His
1109 2057 1140 2081 et
1152 2050 1354 2091 sequentibus
1367 2051 1502 2091 graviter

841 2100 996 2131 cruciatus
1015 2099 1160 2131 Herculis
1181 2105 1338 2130 notantur.
1387 2101 1503 2131 Auctor

830 2151 930 2192 facti,
948 2150 1112 2180 vulnerum
1137 2155 1245 2180 auctor
1269 2149 1323 2190 qui
1338 2150 1502 2180 venabulis

842 2200 937 2230 feram
953 2198 1092 2228 confixit.

884 2249 958 2278 207.
976 2248 1162 2277 Frementem
1177 2246 1338 2288 adoptavit
1352 2246 1502 2278 Heinsius

842 2308 879 2328 ex
913 2296 1031 2327 Codice
1059 2296 1165 2327 Caroli
1198 2295 1322 2337 Sprotii,
1353 2301 1501 2337 tanquam

844 2346 980 2377 Hercule
1025 2344 1151 2386 dignius
1189 2354 1281 2385 quam
1320 2350 1501 2375 trementem.

844 2395 938 2436 Regii
960 2394 1054 2425 nostri
1075 2400 1268 2430 tremente1n;
1294 2394 1499 2435 praestatfre-

845 2455 921 2474 mere
947 2443 1030 2484 quod
1057 2449 1102 2473 est
1128 2442 1287 2472 iratorum.
1335 2443 1498 2474 Retentan-

846 2499 913 2527 lem,
943 2492 1045 2521 denuo
1082 2496 1265 2521 tentantem.
1317 2491 1504 2523 Tentaverat

841 2542 906 2583 jam
924 2551 986 2571 ver.
1002 2541 1071 2571 166.
1111 2540 1266 2570 Montibus
1282 2542 1409 2570 irascens
1425 2541 1503 2572 Her-

845 2591 930 2621 cules
946 2590 995 2619 vix
1018 2589 1086 2619 ferri
1106 2594 1214 2630 potest.
1262 2588 1410 2619 Heinsius
1428 2600 1502 2621 con-

841 2641 910 2682 jicit
931 2642 1203 2678 incursantemque,
1222 2645 1256 2668 ut
1271 2637 1334 2668 xiv.
1353 2639 1426 2669 188.
1443 2640 1503 2672 Ρο-

847 2689 1010 2730 lyphemus
1027 2687 1169 2718 similiter
1189 2687 1293 2717 furens
1312 2688 1437 2727 rupibus
1456 2692 1501 2721 in-
