1779 3130
349 163 968 206 METAMORPHOSEON
1003 166 1117 207 Llss.
1152 166 1277 208 XIV.

1419 170 1501 210 407

121 275 247 322 Tum
275 284 414 338 pater
436 295 445 329 ;
479 284 507 300 “
524 277 705 332 Estis‚''
728 279 810 332 ait,
837 280 1065 326 “coelesti
1095 297 1296 328 munere
1321 282 1484 344 digni;

122 351 346 414 Quaeque
362 351 507 415 petis,
529 369 616 415 pro
631 369 833 416 quoque
850 356 978 418 petis
998 373 1007 402 :
1030 372 1170 419 cape,
1189 365 1353 419 gnata,
1371 358 1506 420 quod

319 428 510 490 optas.’'

1409 437 1504 481 595

124 502 274 549 Fatus
300 510 434 550 erat:
475 505 674 566 gaudet,
703 514 968 569 gratesque
996 507 1098 569 agit
1122 508 1204 555 illa
1232 510 1453 571 parenti3

122 578 322 641 Perque
347 579 478 625 leves
504 595 648 626 auras
668 582 856 642 junctis
882 583 1076 630 invecta
1099 584 1342 632 columbis

124 654 262 700 Litus
290 655 393 700 adit
421 655 656 712 Laurens,
685 658 768 702 ubi
796 665 957 704 tectus
984 659 1224 706 arundine
1252 662 1405 723 serpit

125 731 183 776 In
207 730 332 778 freta
356 732 602 779 flumineis
627 733 788 780 vicina
815 734 1074 781 Numicius
1101 736 1261 783 undis.

124 805 270 853 Hunc
281 808 427 869 jubet
441 808 626 863 AEneae,
646 825 960 872 quaecunque
980 811 1195 858 obnoxia
1215 813 1375 867 morti,
1411 815 1507 860 600

123 883 357 939 Abluere,
386 892 435 931 et
459 886 610 932 tacito
635 886 825 933 deferre
853 888 945 933 sub
971 904 1171 950 aequora
1195 905 1359 936 cursu.

129 959 371 1022 Corniger
395 962 662 1024 exequitur
687 963 896 1010 Veneris
922 965 1156 1011 mandata
1177 984 1186 1022 ;
1229 966 1431 1028 suisque

125 1034 382 1098 Quidquid
408 1038 457 1083 in
482 1038 639 1085 AEnea
662 1038 821 1086 fuerat
846 1041 1068 1095 mortale,
1097 1050 1345 1104 repurgat,

126 1111 190 1158 Et
214 1115 459 1176 respergit
484 1116 654 1176 aquis:
695 1132 808 1178 pars
834 1117 1021 1179 optima
1047 1117 1227 1163 restitit
1250 1118 1335 1164 illi.

126 1188 410 1236 Lustratum
437 1192 663 1252 genetrix
689 1192 853 1238 divino
880 1209 1059 1255 corpus
1085 1193 1235 1239 odore

1412 1196 1507 1240 605

127 1266 300 1321 Unxit‚
327 1274 377 1313 et
402 1269 648 1315 ambrosia
673 1285 785 1316 cum
811 1269 945 1315 dulci
972 1276 1171 1315 nectare
1199 1269 1362 1315 mixta

127 1342 353 1404 Contigit
376 1360 447 1398 os,
475 1343 693 1406 fecitque
723 1345 912 1392 Deum:
955 1361 1105 1407 quem
1130 1346 1274 1391 turba
1299 1344 1490 1398 Quirini

128 1418 400 1482 Nuncupat
417 1419 695 1482 Indigetem
717 1440 727 1477 ;
768 1422 1054 1483 temploque
1081 1421 1280 1482 arisque
1306 1420 1508 1484 recepit.

194 1494 287 1542 IX.
329 1496 453 1543 Inde
479 1498 571 1543 sub
597 1497 797 1544 Ascanii
824 1498 1010 1544 ditione
1036 1497 1298 1543 binominis
1325 1497 1469 1551 Alba,

169 1661 241 1691 599.
266 1661 438 1697 Numicius,
461 1662 572 1692 fluvius
597 1662 677 1693 inter
702 1663 783 1693 Lau-

125 1714 246 1739 rentum
277 1714 309 1739 et
334 1710 499 1740 Lavinium
527 1710 709 1741 decurrens:
745 1713 784 1742 ad

126 1767 196 1788 eum
227 1758 345 1788 AEueas
370 1758 401 1788 in
425 1759 530 1800 praelio
554 1769 625 1789 cum
647 1760 786 1791 Etruscis

126 1812 180 1836 aut
196 1806 325 1837 Rutulis
341 1807 466 1847 periisse
488 1808 610 1838 videtur
626 1821 633 1846 3
656 1809 728 1839 hinc
745 1809 783 1839 ad

126 1855 214 1885 Deos
229 1856 339 1886 abiisse
357 1856 492 1886 creditus
511 1862 569 1893 est,
588 1864 619 1888 et
639 1857 711 1888 inde
730 1868 782 1888 ex—

125 1911 234 1934 ornata
263 1904 379 1940 fabula,
409 1915 502 1946 quam
532 1905 657 1947 respicit
691 1906 784 1936 etiam

125 1951 279 1988 Tibullus,
304 1952 349 1982 ΙΙ.
376 1963 405 1982 ν.
430 1954 491 1982 43:
529 1953 631 1983 “Illic
658 1959 785 1984 sanctus

127 1999 198 2035 eris,
217 2011 313 2042 quum
336 2007 366 2032 te
383 2001 559 2032 veneranda
574 2002 702 2032 Numici
722 2003 784 2033 Un-

125 2049 167 2079 da
190 2049 294 2080 Deum
319 2050 401 2081 coelo
426 2050 544 2081 miserit
572 2050 784 2090 Indigeteni,’'

128 2099 256 2139 Deferre
273 2101 326 2129 sub
344 2111 470 2139 σφισι-α,
488 2110 549 2140 quo
568 2099 787 2131 deferebantur

125 2147 322 2188 purgamina.
372 2148 483 2184 Tacito,
499 2148 587 2178 tardo
603 2155 725 2190 propter
741 2149 785 2179 al-

127 2207 218 2226 veum
234 2197 375 2227 ulvosum
391 2202 422 2226 et
438 2196 601 2235 limosum;
624 2208 653 2227 V.
669 2198 743 2227 599.

160 2246 243 2276 ⁷602.
271 2245 426 2287 Corniger,
448 2245 633 2283 Numicius3
657 2245 727 2276 vide
747 2246 786 2276 ad

127 2294 170 2324 ix.
190 2294 210 2324 i.
256 2294 415 2336 Respergit
439 2297 534 2334 aquis.
580 2294 688 2325 Heius.
713 2294 786 2325 scri-

128 2342 265 2373 bendum
284 2348 389 2373 censet
409 2345 537 2383 detergit
559 2345 651 2382 aquis,
669 2341 787 2383 α’ρχαϊ·

128 2394 190 2428 κῶς
205 2402 258 2433 pro
273 2393 416 2432 deterget,
431 2398 466 2422 ut
480 2391 594 2432 passim
610 2397 722 2432 poetae.

173 2441 246 2470 607.
273 2441 452 2482 Contingere
476 2440 520 2470 sic
547 2440 581 2469 ii.
609 2441 687 2477 1233
717 2439 788 2470 vide

130 2489 241 2519 Heius.
257 2489 296 2518 ad
312 2488 418 2518 Amor.
436 2488 498 2518 III.
514 2488 533 2517 i.
550 2488 600 2517 64.
624 2488 744 2517 Datum
760 2488 787 2517 ei

131 2537 217 2568 Jovis
232 2538 281 2567 vel
304 2537 406 2568 Patris
424 2537 577 2577 Indigetis
597 2546 719 2572 nomeu,
735 2546 787 2566 ex-

132 2591 266 2616 tructum
282 2585 310 2615 ei
327 2585 366 2615 ad
383 2585 463 2627 ripas
484 2584 622 2615 Numicii
638 2584 788 2614 sacellum

131 2644 203 2665 cum
216 2634 300 2664 luco.
323 2633 392 2664 Liv.
407 2633 438 2664 d.
449 2634 470 2664 l.
482 2638 502 2650 “
514 2633 598 2663 Situs
609 2638 667 2668 est,
680 2643 788 2673 quem-

132 2693 254 2723 cunque
270 2692 340 2712 eum
355 2681 417 2712 dici
429 2683 481 2723 jus
502 2682 610 2722 sasque
626 2687 683 2715 est,
699 2691 789 2721 super

853 1663 1034 1693 Numicium
1056 1662 1182 1697 flumen,
1204 1662 1314 1692 Jovem
1336 1661 1513 1702 Indigetem

853 1712 1046 1754 appellant.’'
1080 1712 1242 1750 Templum,
1257 1710 1333 1740 illud
1350 1711 1514 1747 sacellum,

853 1768 918 1792 erat
933 1761 965 1791 in
981 1761 1051 1791 luco
1062 1760 1154 1801 juxta
1170 1758 1364 1789 Numicium.

896 1810 1078 1840 609—771.
1116 1808 1275 1838 Pometiam
1299 1808 1401 1838 hortos
1423 1808 1514 1839 unice

853 1864 1009 1888 amantem
1037 1863 1120 1887 amat
1145 1857 1324 1886 Vertumnus
1351 1855 1382 1885 in
1412 1856 1513 1887 varias

853 1907 965 1947 figuras
985 1911 1055 1948 apte
1076 1905 1238 1936 transiens.
1283 1905 1392 1939 Poeta,
1416 1915 1512 1945 quum

853 1956 893 1986 ad
910 1962 1047 1997 tempora
1065 1954 1183 1985 notiora
1193 1954 1259 1995 jam
1277 1953 1418 1988 accedat,
1435 1964 1512 1995 prae-

854 2004 1037 2035 mittendam
1060 2003 1194 2044 putavit,
1216 2013 1314 2032 nexus
1337 2012 1444 2037 causa,
1466 2012 1513 2032 se-

853 2052 928 2082 riem
954 2061 1062 2092 regum
1085 2051 1291 2081 Albanorum.
1338 2050 1515 2087 Binominis,

854 2102 927 2141 quia
953 2100 1036 2130 idem
1054 2106 1085 2130 et
1109 2099 1197 2130 Iulus
1222 2099 1346 2137 dictus3
1370 2099 1441 2129 vide
1462 2099 1514 2129 Li-

855 2149 948 2184 vium,
986 2149 1006 2178 i.
1045 2149 1075 2178 3.
1129 2147 1202 2177 Post
1239 2148 1365 2177 Silvium
1401 2147 1516 2178 omittit

854 2198 987 2228 AEneam
1009 2196 1150 2231 Silvium,
1166 2195 1256 2236 cujus
1271 2195 1353 2225 filius
1374 2195 1432 2225 fuit
1451 2195 1513 2225 La-

854 2247 935 2276 tinus
950 2245 1074 2275 Silvius.
1107 2245 1279 2284 Repetitum
1296 2254 1411 2278 women,
1430 2243 1513 2284 quod

854 2294 932 2324 alius
953 2294 1018 2335 jam
1041 2292 1114 2323 olim
1138 2292 1260 2322 habuit.
1308 2292 1438 2321 Latinus
1461 2303 1514 2322 vo-

854 2349 942 2374 catur
957 2344 1070 2377 clarus,
1089 2342 1163 2383 quia
1184 2341 1330 2371 illustrior
1350 2341 1417 2382 ejus
1432 2341 1515 2372 fama

855 2392 937 2433 apud
966 2397 1113 2432 posteros,
1138 2400 1233 2431 quam
1261 2395 1443 2419 caeterorum
1467 2400 1515 2420 re·

855 2451 940 2480 gum,
957 2439 1100 2469 deductis
1120 2439 1158 2469 ab
1178 2449 1213 2468 eo
1235 2438 1354 2478 aliquot
1372 2438 1513 2470 coloniis.

856 2489 892 2518 In
906 2487 954 2518 his
965 2487 1140 2517 nominibus
1154 2487 1286 2517 multum
1298 2485 1454 2516 haeserunt
1468 2486 1512 2517 in-

856 2541 1022 2577 terpretes:
1047 2535 1117 2565 libri
1133 2534 1255 2576 plurimi
1266 2539 1297 2564 et
1309 2533 1402 2564 nostri
1420 2535 1513 2575 Regii

856 2583 931 2614 dant
954 2584 1063 2613 Clarus
1083 2584 1160 2613 subit
1181 2593 1244 2613 ecce
1265 2582 1395 2619 Lutino;
1420 2582 1512 2624 prim.

857 2633 960 2672 Naug.
977 2631 1109 2662 mutavit
1124 2631 1155 2661 in
1171 2632 1258 2661 Alba.
1286 2631 1395 2661 Clarus
1410 2637 1512 2662 autem

857 2688 922 2711 erat
932 2691 1044 2711 nomen
1055 2680 1222 2722 proprium,
1235 2691 1293 2711 non
1305 2680 1491 2721 adjectivum
1506 2692 1513 2718 ;
