1779 3130
264 194 321 235 94
653 194 703 235 P.
738 193 952 234 OVIDII
985 192 1265 234 NASONIS

263 308 414 355 Flava
432 323 600 354 comas
625 308 813 363 aderat,
840 307 1080 355 faciendis
1107 315 1308 355 strenua
1327 307 1497 371 jussis,

263 384 452 430 Officiis
478 384 662 430 dilecta
686 385 788 430 suis
809 401 818 431 ε
859 400 918 431 ea
943 385 1099 431 sensit
1124 384 1297 447 iniqua

262 458 446 507 Nescio
472 460 592 523 quid
616 459 814 507 Junone
840 461 970 523 geri3
1012 462 1235 524 dumque
1262 461 1366 508 exit
1391 467 1442 507 et
1467 461 1616 507 intrat

262 537 407 600 Saepe
432 536 576 592 fores,
607 537 785 584 Divam
811 538 1111 585 residentem
1136 539 1258 584 vidit
1282 538 1331 584 in
1357 553 1456 592 ara,

1552 540 1650 583 310

263 613 581 676 Brachiaque
606 613 655 659 in
681 613 891 675 genibus
917 615 1086 676 digitis
1113 631 1340 661 connexa
1363 620 1646 669 tenentem;

261 689 353 747 Et3
387 697 416 714 “
441 690 770 753 Quaecunque
796 691 899 747 eS,''
926 692 1008 746 ait,
1039 698 1069 715 “
1090 692 1303 738 dominae
1325 698 1547 753 gratare3
1577 690 1646 737 le-

456 774 571 814 vata
595 774 673 814 est

257 843 454 905 Argolis
481 843 736 899 Alcmene,
764 844 1052 907 potiturque
1074 860 1320 907 puerpera
1343 843 1506 890 voto.'’

259 919 466 973 Eximit,
489 922 794 983 junctasque
816 938 991 968 manus
1018 921 1299 984 stupefacta
1323 920 1512 967 remisit

258 996 387 1043 Diva
407 1004 584 1060 potens
608 998 732 1044 uteri
753 1015 762 1045 ε
790 999 962 1045 vinclis
988 999 1122 1045 levor
1147 998 1255 1060 ipsa
1275 997 1508 1043 remissis.
1548 1000 1644 1043 315

257 1073 475 1120 Numine
499 1074 713 1137 decepto
738 1074 904 1121 risisse
933 1074 1236 1121 Galanthida
1260 1074 1392 1120 fama
1417 1079 1509 1119 est.

260 1149 543 1206 Ridentem‚
571 1167 906 1214 prensamque
932 1152 1053 1215 ipsis
1082 1151 1191 1198 Dea
1216 1167 1347 1197 saeva
1371 1150 1565 1214 capillis

255 1227 444 1284 Traxit,
473 1235 523 1275 et
548 1244 573 1274 e
599 1234 730 1275 terra
754 1245 934 1292 corpus
960 1230 1176 1276 relevare
1201 1228 1451 1274 volentem

254 1303 454 1361 Arcuit;
496 1304 646 1367 inque
673 1307 826 1369 pedes
854 1307 1063 1353 mutavit
1089 1304 1291 1353 brachia
1315 1305 1517 1368 primos.

255 1380 533 1428 Strenuitas
559 1382 765 1445 antiqua
790 1390 983 1440 manet;
1015 1400 1107 1430 nec
1136 1391 1275 1445 terga
1299 1383 1516 1428 colorem
1541 1384 1639 1427 320

252 1457 478 1504 Amisere
505 1475 650 1504 suum
670 1476 678 1506 :
719 1459 876 1506 forma
900 1467 976 1507 est
1000 1460 1194 1506 diversa
1218 1458 1383 1522 priori.

253 1533 393 1590 Quae,
419 1534 536 1597 quia
561 1536 789 1583 mendaci
815 1537 1089 1600 parientem
1110 1539 1305 1599 juverat
1330 1552 1430 1591 ore,

254 1610 353 1658 Ore
401 1612 557 1674 parit3
610 1620 905 1676 nostrasque
943 1614 1133 1670 domos,
1178 1621 1232 1660 ut
1279 1620 1329 1660 et
1375 1619 1505 1667 ante,
1548 1610 1641 1657 fre-

452 1696 675 1751 quentat.

292 1807 368 1836 312.
397 1807 586 1847 Quacumque
608 1808 663 1848 es]
714 1808 796 1838 Vide
823 1809 862 1838 ad
890 1808 910 1838 i.

249 1856 322 1885 673.
359 1856 468 1886 Lemri
484 1856 597 1887 dicitur
613 1857 796 1898 parturiens,
814 1868 909 1898 quum

247 1903 375 1945 deponit
408 1910 543 1945 partum.
592 1900 716 1935 Potf'ur
746 1913 822 1940 voto,
857 1907 910 1947 qui

248 1953 457 1994 consequitur,
475 1954 557 1994 quod
573 1960 747 1995 optaverat.

292 2003 366 2032 314.
390 2002 567 2043 Stapaegfacta
590 2003 731 2033 revocavi
755 2014 771 2033 e
793 2003 910 2034 duobos

248 2049 369 2080 Medic.
394 2051 490 2081 MSS.
512 2051 603 2082 Certe
627 2051 670 2082 sic
695 2052 813 2082 Anton.
838 2053 908 2082 Lib.

247 2099 401 2137 ἔκπληξις
417 2099 514 2139 ἔλαβε
532 2101 589 2137 τὰς
604 2100 743 2141 Μοίρας,
761 2102 811 2131 καὶ
827 2101 909 2139 ὰνῆ·

247 2160 310 2178 καν
325 2148 419 2184 εὐθὺς
434 2149 492 2185 τὰς
506 2151 630 2190 χεῖρας.
668 2149 728 2180 Sed
743 2150 907 2190 patefacta,

247 2196 330 2236 quod
352 2196 500 2227 Heinsius
519 2208 536 2227 e
553 2198 650 2238 primo
668 2197 826 2232 Mediceo,
845 2198 906 2239 pri-

247 2255 297 2273 mo
321 2244 494 2275 Basileensi
519 2251 550 2276 et
574 2252 643 2276 octo
666 2247 734 2276 aliis
758 2246 905 2287 praetulit,

248 2293 335 2329 soret,
359 2294 446 2335 cnjus
466 2300 547 2325 artes
566 2295 729 2336 patefacta}
756 2301 809 2325 aut
831 2306 904 2336 cog—

246 2342 330 2372 nitae.
376 2342 560 2373 Lactantius
578 2345 750 2382 imprudens
770 2344 907 2375 ¹resolutis

245 2393 390 2427 manibus,
407 2397 467 2422 etc.
491 2391 585 2432 Regii
598 2392 690 2422 nostri
705 2392 805 2427 ambo,
818 2404 904 2431 pave-

234 2440 339 2480 facta.
386 2440 465 2470 Dira
487 2448 609 2479 potens;
644 2451 748 2482 supra,
776 2453 804 2471 v.
828 2442 903 2472 323.

245 2489 365 2518 Lucina
388 2495 499 2527 potens.
545 2489 639 2520 Nunc
663 2489 789 2520 additur
812 2492 902 2526 uteri,

244 2548 314 2578 quae
344 2543 456 2578 praeest
492 2538 756 2579 partu1·ientibus;
795 2539 904 2570 Horat.

244 2586 307 2616 ΙΙΙ.
329 2585 392 2616 Od.
409 2596 481 2616 xxv.
511 2587 557 2617 14.
583 2587 727 2617 Bacchus
750 2588 906 2618 Naiadum

241 2641 363 2674 potens;
388 2635 494 2665 Carm.
513 2636 583 2666 Sec.
600 2636 621 2666 i.
639 2636 743 2666 Diana
758 2638 904 2667 silvarum

241 2690 366 2723 potens;
398 2683 567 2714 Claudian.
586 2685 629 2715 R.
646 2686 683 2715 P.
699 2685 721 2715 i.
740 2687 793 2716 56.
811 2686 904 2716 Pluto

243 2735 417 2764 umbrarum
441 2740 553 2773 potem,
582 2740 613 2765 et
639 2734 670 2765 ii.
699 2735 769 2765 141.
799 2735 904 2766 Pallas

981 1810 1120 1838 tubarum
1136 1818 1343 1847 armorumque
1357 1814 1466 1846 potens.
1520 1806 1639 1840 Vincla,

979 1857 1069 1898 digiti
1081 1857 1196 1898 juncti.
1226 1857 1309 1887 Vide
1325 1867 1388 1886 ver.
1406 1857 1458 1886 77.

1021 1907 1096 1936 317.
1130 1906 1286 1935 Ridentem
1322 1915 1526 1944 prensamque,
1562 1902 1639 1943 etc.]

979 1953 1147 1984 Galantbis
1171 1960 1308 1984 mutatur
1332 1953 1364 1983 in
1385 1953 1560 1987 mustelam,
1582 1964 1641 1993 γα·

977 2003 1054 2040 λῆν.
1094 2003 1216 2044 Nempe
1243 2002 1377 2032 mustela
1402 2008 1641 2043 praetercurrens

979 2054 1122 2082 terruisse
1151 2052 1337 2081 Alcmenam
1363 2051 1487 2081 videtur
1510 2060 1526 2081 e
1548 2056 1639 2092 partu

977 2101 1181 2135 laborantem,
1199 2111 1331 2141 eamque
1351 2100 1409 2130 isto
1431 2106 1544 2130 terrore
1562 2099 1640 2129 rele-

976 2150 1075 2180 vasse.
1102 2151 1169 2180 Hoc
1182 2155 1264 2179 certe
1282 2149 1376 2180 tradit
1392 2148 1540 2179 Hllianus
1556 2148 1639 2178 Hist.

976 2198 1039 2227 An.
1051 2198 1104 2228 xii.
1121 2201 1150 2229 5.
1165 2198 1358 2239 Ἀλκμήνης
1372 2199 1475 2228 τεκεῖν
1491 2198 1528 2228 οὗ
1540 2196 1640 2228 δυνα-

973 2246 1086 2288 μένης,
1122 2246 1216 2285 τὴιιέε
1248 2248 1359 2288 γαλῆν
1391 2245 1634 2288 παραδραμεῖν,

973 2298 1024 2326 καὶ
1047 2297 1122 2333 τοὺς
1141 2300 1207 2327 τῶν
1224 2295 1350 2327 ὠδίνων
1370 2297 1466 2326 λῦσαι
1491 2294 1638 2336 δεσμούς.

974 2345 1057 2376 Hinc
1084 2346 1218 2376 mustela
1246 2346 1331 2376 culta
1362 2356 1379 2375 a
1406 2343 1576 2380 Thebanis,
1607 2350 1638 2375 et

974 2394 1121 2424 Herculis
1150 2394 1252 2424 nutrix
1280 2394 1378 2424 dicta.
1425 2395 1636 2434 Prensamqne,

974 2448 1034 2472 etc.
1051 2448 1086 2472 ut
1107 2443 1138 2472 ii.
1155 2443 1229 2472 476.
1280 2443 1343 2472 Nec
1365 2449 1460 2483 terga,
1484 2448 1544 2473 etc.
1561 2442 1636 2483 quia

973 2491 1113 2521 mustelae
1130 2491 1252 2521 dorsum
1269 2490 1370 2521 carnis
1386 2491 1519 2521 colorem
1536 2491 1638 2522 refert.

973 2539 1130 2570 Mustelas
1151 2551 1200 2569 ore
1218 2550 1335 2579 parere,
1353 2545 1446 2580 atque
1467 2539 1560 2570 etiam
1580 2550 1635 2580 per

973 2597 1063 2617 aures
1077 2587 1157 2618 coire
1173 2587 1382 2628 opinabantur
1397 2587 1539 2618 Veteres.
1564 2587 1589 2617 A
1597 2598 1631 2617 n-

972 2636 1095 2666 toninus
1112 2635 1272 2672 Liberalis,
1289 2636 1322 2666 d.
1335 2636 1356 2666 l.
1371 2637 1554 2677 θορίσκεται
1570 2637 1632 2677 γὰρ

972 2684 1021 2714 fui
1044 2688 1109 2715 τῶν
1132 2684 1234 2716 ὤτων·
1259 2685 1356 2716 τίκτει
1379 2685 1404 2715 δ’
1424 2685 1631 2727 ἀναφέρουσα

971 2734 1008 2764 τὰ
1024 2733 1201 2773 κυούμενον
1219 2735 1251 2765 ἐκ
1267 2736 1323 2765 τοῖ’
1339 2734 1521 2776 τραχήλου.
