1779 3130
211 198 295 239 304

587 195 636 234 P.
671 193 779 234 OVI
788 192 882 234 DII
915 193 1193 235 NASONIS

216 311 387 375 thue
412 316 515 357 erat
539 309 803 371 impatiens
829 309 930 363 irae,
961 307 1129 370 Sigeia
1152 315 1289 355 torvo

213 387 379 435 Litora
404 385 638 449 respexit,
659 385 973 446 classemque
998 385 1049 431 in
1074 385 1233 441 litore,
1253 385 1391 431 vultu
1411 401 1420 432 :
1445 385 1590 447 [quit,

213 464 586 526 Intendensque
622 478 813 517 manus,
848 461 1073 523 Agimus,
1106 463 1194 525 pro
1224 461 1482 525 Juppiter!
1520 461 1592 507 in-

210 539 343 586 Ante
368 548 498 586 rates
523 554 724 585 causam
745 556 756 594 ;
798 544 848 583 et
870 554 1065 584 mecum
1092 538 1341 585 confertur
1367 537 1571 584 Ulixes!

209 615 279 662 At
301 632 399 663 non
425 614 687 662 Hectoreis
712 613 957 660 dubitavit
981 615 1157 661 cedere
1182 614 1410 669 flammis,
1566 616 1592 658 7

210 692 349 747 Quas
375 709 466 755 ego
491 692 719 746 sustinui,
747 707 871 753 quas
896 690 987 737 hac
1012 707 1040 738 a
1064 692 1223 738 classe
1247 691 1427 752 fugavi.

210 769 387 816 Tutius
413 777 490 817 est
513 769 662 831 igitur
685 768 813 815 fictis
840 768 1140 814 contendere
1166 767 1344 821 verbis,

1449 767 1591 827 [tum,

213 845 375 900 Quam
399 861 621 909 pugnare
642 861 811 891 manu:
842 843 930 890 sed
955 860 1047 890 nec
1068 843 1188 889 mihi
1209 844 1373 890 dicere
1394 858 1592 906 promp-

211 979 296 1009 bant.
342 979 531 1020 Quanquam
554 977 636 1019 apud
658 978 788 1007 Homer.
803 976 871 1006 vul-

211 1039 269 1069 gus
284 1027 383 1058 sedet.
428 1026 520 1068 Ajaci
543 1025 627 1068 apud
643 1026 825 1061 Homerum,
842 1037 872 1056 v.

213 1086 241 1106 c.
262 1076 302 1107 ΙΙ.
326 1079 366 1107 H.
390 1077 467 1107 927.
488 1075 541 1106 ubi
563 1074 657 1105 etiam
676 1074 870 1110 describitur,

213 1124 305 1155 datur
328 1124 471 1164 ἑπταβὸε
487 1136 525 1155 ον
541 1129 596 1154 aut
614 1122 790 1162 ἑπτάβοιον
815 1123 872 1153 σά-

212 1184 277 1210 κος,
315 1178 432 1214 septem
464 1174 558 1203 boum
595 1172 685 1202 coriis
719 1171 872 1202 obductus

214 1222 368 1263 clypeus;
404 1221 475 1252 vide
506 1221 546 1251 ad
570 1220 623 1251 xii.
648 1221 711 1250 95:
750 1225 781 1249 et
806 1219 870 1261 ipse

215 1270 297 1312 Ajax
327 1270 530 1311 σακεσφόρος,
561 1269 644 1311 quod
679 1269 794 1299 Noster
822 1268 869 1299 in-

214 1324 399 1361 terpretatur
416 1320 512 1359 clypei
527 1321 673 1349 dominns.

257 1369 288 1399 3.
316 1367 367 1403 Ut,
407 1373 514 1408 utpote
550 1366 622 1408 qui3
660 1365 780 1402 Cicero,
817 1377 871 1409 pro

213 1415 310 1447 Rosc.
325 1417 398 1447 Am.
417 1418 468 1446 17.
485 1416 590 1451 Homo,
604 1421 639 1445 ut
651 1416 871 1455 eratfizrz'mus,

213 1467 387 1507 responder;
414 1465 458 1496 sic
478 1470 509 1495 et
523 1464 576 1495 xii.
592 1465 665 1499 258.
712 1464 873 1504 Impatiens

213 1516 276 1550 irae,
299 1513 487 1551 iracundus,
511 1512 629 1548 Livius,
651 1523 683 1542 v.
711 1513 762 1542 38.
788 1513 872 1544 Galli

204 1563 379 1603 flagrantes
392 1564 449 1598 ira,
462 1564 550 1601 cujus
562 1562 719 1600 impatiens
728 1572 799 1602 gens
811 1568 850 1592 est
860 1574 873 1600 ,-

215 1611 279 1642 vid.
294 1611 455 1642 Heinsius.
473 1610 583 1647 Quint.
595 1609 707 1640 Calab.
721 1611 792 1640 180.
806 1609 874 1652 μέγ’

213 1659 409 1700 ἀσχαλάων.
439 1659 488 1689 Sic
503 1658 638 1689 breviter
652 1668 751 1688 mores
767 1659 874 1699 Ajacis

215 1715 372 1744 notantur,
399 1715 430 1739 et
455 1708 666 1742 admonemur,
689 1707 791 1748 qualis
808 1708 874 1749 jam

215 1757 312 1788 oratio
328 1757 525 1799 expectanda
541 1759 591 1787 sit.
618 1757 766 1796 Hesperii,
785 1756 871 1787 vultu

217 1816 235 1836 a
247 1806 406 1847 judicibus
422 1806 460 1836 ad
476 1805 567 1835 litora
582 1815 680 1835 verso.

259 1858 289 1886 5.
315 1855 477 1885 Intendens
495 1854 630 1894 manns]
668 1853 827 1884 Intendere
841 1861 873 1884 et

217 1906 336 1934 tendere
357 1915 459 1934 manns
476 1903 647 1945 promiscue
664 1908 868 1943 usurpantur:

214 1953 286 1983 vide
312 1953 474 1983 Drakenb.
502 1951 541 1982 ad
565 1952 686 1986 Silium,
716 1962 769 1980 xv,
794 1952 870 1981 640.

216 2003 341 2043 Agimus
368 2012 495 2031 cun-suni.
533 2000 615 2040 Ajax
644 2010 703 2029 non
730 1999 820 2029 modo
839 2000 870 2029 id

217 2050 340 2091 agebat,
363 2056 396 2079 ut
421 2059 505 2079 arma
523 2048 686 2088 acciperet,
711 2047 765 2077 sed
788 2047 871 2078 sorti-

218 2098 325 2128 tudine
355 2108 420 2133 sua,
451 2108 522 2138 qua,
552 2096 713 2126 interfecto
735 2096 870 2132 Achille,

216 2146 351 2187 reliquos
367 2146 461 2176 duces
477 2155 581 2175 omnes
602 2146 778 2185 superabat,
795 2145 872 2176 adeo

218 2195 428 2237 superbiebat,
463 2201 498 2224 ut
525 2193 736 2234 indignissime
769 2194 871 2229 ferret,

218 2255 406 2286 quemquam
421 2244 544 2279 audere,
557 2244 699 2283 Ulyssem
711 2243 872 2284 imprimis,

218 2304 279 2324 non
294 2303 402 2328 manu,
418 2292 469 2323 sed
493 2292 664 2322 calliditate
683 2297 713 2321 et
728 2291 874 2322 facundia

219 2341 435 2377 excellentem,
452 2351 558 2371 secum
574 2340 767 2370 contendere.
805 2340 873 2371 Hac

216 2389 403 2430 indignitate
425 2396 612 2420 commotum
635 2389 771 2418 animum
797 2399 874 2430 prae-

219 2439 301 2469 clare
339 2438 483 2480 exprimit
520 2438 578 2468 hoc
608 2437 768 2468 exordium
798 2447 876 2468 vers.

220 2489 347 2525 5—203
384 2487 530 2528 idemque
561 2497 668 2517 sensus
697 2497 751 2527 per
779 2492 874 2516 totam

220 2536 388 2567 orationem
416 2543 537 2576 regnat.
584 2535 806 2576 Indignitatem
834 2535 876 2566 rei

221 2585 350 2625 abrupte
380 2591 410 2615 et
439 2596 509 2615 cum
540 2584 624 2625 gravi
654 2583 875 2614 acclamatione

219 2634 274 2671 prii
286 2633 426 2672 Jupiter!
443 2633 608 2675 dupliciter
623 2633 779 2663 declarat:
798 2633 874 2673 Agi-

222 2691 290 2711 mus
306 2691 431 2712 causam
449 2689 517 2712 wife
539 2689 627 2717 reses,
645 2692 721 2722 quas
741 2692 796 2721 ego
814 2692 874 2711 ser-

222 2730 302 2767 vari,
319 2736 349 2761 et
370 2743 478 2761 mecum
502 2732 655 2771 confertur
679 2731 788 2766 Fines,
805 2741 874 2760 cum

939 974 1130 1005 nobilissimo
1144 981 1175 1006 et
1188 974 1353 1005 fortissimo
1366 974 1457 1005 heroe
1468 972 1596 1003 fraudu-

938 1023 1041 1054 lentus
1051 1030 1082 1054 et
1092 1024 1234 1065 ignavus.
1258 1024 1359 1053 Recte
1372 1021 1596 1060 Quintilianus,

939 1073 1018 1102 Inst.
1033 1074 1087 1103 Or.
1102 1073 1143 1102 V.
1159 1084 1188 1103 x.
1205 1073 1243 1102 41
1262 1084 1268 1101 :
1301 1076 1321 1088 “
1336 1072 1437 1102 Locus
1453 1070 1494 1100 ad
1510 1080 1594 1100 com-

939 1120 1171 1152 mendationem
1189 1130 1312 1162 quoque
1329 1127 1360 1150 et
1379 1119 1525 1151 invidiam
1543 1128 1595 1149 va-

940 1170 1000 1200 let:
1041 1180 1113 1199 nam
1150 1176 1182 1200 et
1212 1169 1292 1210 Ajax
1322 1168 1406 1210 apud
1435 1167 1597 1202 Ovidium,

940 1221 1020 1249 Ante
1040 1226 1128 1255 rates,
1158 1218 1270 1260 inquit,
1297 1219 1414 1260 agimus
1445 1215 1597 1247 caustum„

939 1267 1021 1297 Hinc
1059 1267 1191 1298 classem
1230 1267 1401 1308 respexisse
1445 1271 1596 1300 monetur,

938 1316 1027 1347 vultu
1053 1317 1119 1358 ipso
1155 1315 1398 1356 indignationem
1435 1315 1598 1356 prodente.

942 1365 1118 1406 Confertur,
1134 1375 1165 1395 se
1181 1364 1312 1395 confert.

983 1415 1012 1444 7.
1036 1415 1077 1444 At
1093 1426 1149 1444 non
1167 1414 1330 1448 Hectoreis,
1347 1413 1425 1453 ete]
1458 1412 1596 1453 Trojani,

940 1463 1075 1493 Hectore
1091 1462 1183 1497 duee,
1199 1462 1303 1503 ignem
1315 1462 1426 1492 inferre
1440 1462 1596 1491 conaban-

938 1518 987 1542 tur
1003 1511 1133 1542 navibus
1149 1511 1341 1545 Graecorum,
1355 1511 1468 1552 quibus
1479 1510 1596 1540 conati·

937 1560 997 1590 bus
1007 1559 1169 1590 fortissime
1185 1558 1297 1590 restitit
1306 1559 1407 1600 Ajax3
1432 1558 1598 1594 Homerus,

939 1609 980 1639 Il.
997 1613 1032 1640 Ο.
1043 1615 1074 1639 et
1090 1612 1131 1640 Π.
1160 1608 1280 1638 Eadem
1294 1619 1325 1638 re
1340 1607 1488 1648 gloriatur
1500 1607 1595 1637 etiam

940 1658 1023 1700 apud
1044 1658 1156 1695 Quint.
1179 1658 1306 1688 Calabr.
1330 1658 1392 1687 213
1414 1668 1482 1697 sqq.
1528 1655 1598 1686 Sus-

941 1710 1035 1738 tinuit
1050 1706 1170 1749 proprie
1186 1707 1336 1748 impetum
1357 1706 1550 1741 irruentium,
1565 1711 1598 1736 et

929 1757 1060 1799 fugarit
1085 1756 1189 1787 hostes
1209 1756 1350 1786 flammas
1373 1756 1516 1790 ferentes,
1542 1755 1596 1785 sed

940 1806 1011 1836 hinc
1027 1805 1121 1836 etiam
1139 1804 1269 1835 hostiles
1291 1805 1442 1835 flammas.
1490 1804 1598 1833 Tutius

939 1862 992 1890 est,
1018 1853 1118 1895 magis
1139 1853 1285 1884 conducit
1310 1852 1350 1883 ad
1370 1852 1501 1894 gloriam
1523 1862 1595 1882 con-

939 1903 1139 1944 sequendam.
1188 1903 1293 1937 Fictis,
1313 1901 1462 1937 subdolis,
1485 1903 1598 1932 verbis:

939 1953 983 1983 ita
999 1951 1197 1993 contemptim
1214 1950 1423 1992 eloquentiam
1439 1950 1577 1992 appellat
1591 1963 1599 1988 3

940 2001 1074 2038 Quintus
1102 2001 1213 2031 Calah.
1243 2001 1316 2030 222.
1344 1999 1456 2036 μίνθων
1482 1998 1599 2042 Ἰἓρείῃ

941 2050 1079 2087 πίσυνος
1093 2049 1244 2090 μεγάλων
1259 2049 1422 2089 ἐπιμαίεαι
1439 2049 1555 2090 ἔργων.

986 2100 1035 2129 lO.
1064 2099 1158 2133 Quam
1177 2110 1313 2139 pugnare
1334 2109 1445 2133 manag
1470 2098 1599 2129 Habent

940 2148 996 2178 hoc
1021 2148 1128 2178 heroes
1151 2153 1181 2177 et
1204 2146 1318 2177 milites
1340 2146 1466 2181 strenui,
1482 2152 1517 2176 ut
1537 2146 1600 2176 elo-

941 2197 1098 2237 quentiam
1112 2201 1257 2237 spernant
1266 2206 1329 2237 prae
1342 2206 1396 2225 sua
1408 2194 1599 2231 fortitudine,

940 2256 969 2276 v.
994 2256 1021 2276 e.
1044 2244 1204 2279 Hercules,
1219 2244 1261 2274 ix.
1283 2245 1344 2281 293
1367 2243 1492 2283 Tydeus
1515 2243 1601 2285 apud

940 2294 1132 2336 Euripidem,
1155 2294 1268 2324 Phoen.
1283 2303 1347 2324 ver.
1373 2293 1457 2329 6033
1480 2293 1601 2324 Marius

940 2343 1022 2385 apud
1037 2342 1230 2377 Sallustium,
1242 2343 1316 2381 Jug.
1326 2341 1432 2371 lxxxv.
1444 2342 1498 2377 313
1515 2341 1599 2382 Ajax

941 2391 1023 2432 apud
1046 2391 1185 2421 Antisth.
1209 2402 1240 2432 p.
1265 2392 1322 2420 55:
1358 2390 1374 2420 ὁ
1400 2390 1540 2430 πόλεμος
1563 2390 1600 2420 οὐ

941 2439 1029 2480 λόγῳ
1056 2440 1208 2479 κρίνεται,
1237 2438 1309 2469 ἀλλ’
1339 2438 1432 2479 ἔργῳ.
1479 2438 1599 2473 Dicere,

941 2489 1009 2519 scil.
1027 2499 1098 2519 cum
1121 2487 1280 2523 facundia,
1295 2487 1491 2527 eloquentem
1514 2497 1598 2517 esse:

942 2547 1024 2579 saepe
1047 2537 1091 2567 sic
1112 2538 1208 2567 dicere
1229 2536 1311 2578 apud
1328 2534 1430 2566 Cicer.
1477 2535 1601 2571 Facere,

942 2586 1091 2627 praeclara
1111 2585 1245 2615 facinora
1267 2584 1369 2619 edere,
1386 2584 1495 2613 fortem
1516 2593 1601 2621 esse;

941 2634 1119 2669 Sallustius,
1151 2634 1220 2665 Cat.
1252 2635 1283 2664 3.
1311 2637 1330 2649 “
1349 2632 1520 2663 Pulchrum
1555 2638 1602 2662 est

942 2685 1022 2714 bene
1044 2684 1145 2714 facere
1168 2683 1364 2724 reipublicae:
1399 2681 1494 2712 etiam
1519 2681 1599 2711 bene

943 2732 1043 2764 dicere
1066 2731 1148 2763 haud
1175 2731 1340 2763 absurdum
1363 2730 1443 2761 est.'’
1493 2729 1598 2759 Valere
