1779 3130
240 193 291 233 11)
626 189 675 229 P.
710 186 921 230 OVIDII
955 184 1234 228 NASONIS

243 306 300 352 In
329 304 562 367 patriam?
601 309 832 365 superata
850 304 1012 364 jacet:
1053 300 1140 346 sed
1165 298 1295 358 finge
1321 309 1548 348 manere;

240 381 527 427 Proditione
546 394 656 425 mea
677 378 846 424 clausa
864 384 941 424 est
961 375 1102 422 mihi:
1134 373 1286 436 patris
1307 371 1368 418 ad
1388 370 1497 417 ora?
1528 369 1618 414 115

242 456 364 509 Quae
390 455 479 501 tibi
505 454 708 500 donavi:
749 454 880 499 cives
906 453 1052 499 odere
1077 455 1375 503 merentem3

242 531 458 576 Finitimi
484 530 770 591 exemplum
792 534 1046 574 metuunt:
1087 524 1425 571 obstruximus
1451 520 1620 566 orbem

242 606 515 660 Terrarum,
542 605 684 651 nobis
710 612 766 650 ut
791 604 941 650 Crete
967 602 1072 648 sola
1095 606 1302 663 pateret.

244 681 352 728 Hac
380 697 580 744 quoque
603 680 642 726 si
669 680 916 742 prohibes,
935 686 985 724 et
1010 693 1116 731 nos,
1134 676 1339 736 ingrate,
1357 669 1619 732 relinquis;

243 758 357 804 Non
382 757 606 819 genetrix
634 755 836 818 Europa
858 754 966 808 tibi,
990 753 1076 799 sed
1098 751 1349 813 inhospita
1375 747 1554 811 Syrtis,

244 833 552 880 Armeniaeve
574 831 742 893 tigres,
767 830 1009 876 Austrove
1035 828 1220 889 agitata
1247 824 1546 887 Charybdis.

244 909 290 955 N
297 925 351 955 ec
377 908 406 954 J
412 925 499 955 ove
525 915 578 953 tu
603 914 765 962 natus,
789 922 880 952 nec
907 911 1062 950 mater
1086 902 1301 964 imagine
1325 900 1453 947 tauri

243 985 408 1030 Ducta
431 991 516 1030 tua
539 990 643 1037 est3
685 982 878 1043 generis
904 980 1027 1026 falsa
1051 986 1129 1026 est
1147 994 1207 1024 ea
1232 977 1398 1024 fabula
1420 974 1599 1029 vestri3

242 1060 307 1106 Et
331 1076 509 1115 merus,
537 1066 587 1105 et
611 1066 785 1121 captus
806 1057 986 1103 nullius
1012 1071 1175 1103 amore
1196 1056 1440 1117 juvencae,

242 1135 340 1189 Qui
365 1143 413 1182 te
438 1136 717 1198 progenuit,
741 1142 909 1180 taurus
934 1133 1041 1180 fuit.

1115 1132 1277 1192 Exige
1301 1145 1489 1194 poenas,
1533 1129 1623 1173 125

244 1211 367 1258 Nise
392 1219 560 1274 pater:
598 1210 811 1272 gaudete
838 1210 977 1256 malis
1002 1208 1149 1256 modo
1174 1208 1368 1271 prodita
1391 1203 1570 1252 nostris

242 1286 459 1333 Moenia:
493 1303 606 1333 nam
631 1286 803 1341 fateor,
827 1285 1008 1341 merui;
1039 1292 1089 1331 et
1114 1301 1222 1330 sum
1247 1283 1398 1345 digna
1422 1280 1598 1344 perire.

242 1362 329 1408 Me
354 1371 521 1410 tamen
546 1379 608 1410 ex
632 1362 728 1408 illis
754 1362 950 1424 aliquis,
979 1378 1103 1424 quos
1129 1360 1281 1423 impia
1303 1358 1424 1414 laesi,

244 1438 330 1486 Me
356 1440 591 1502 perimat:
631 1455 732 1495 cur,
761 1439 845 1501 qui
870 1439 1030 1485 vicisti
1055 1438 1257 1484 crimine
1283 1442 1467 1489 nostro,

244 1514 530 1577 Insequeris
551 1515 766 1562 crimen?
784 1516 946 1562 scelus
961 1516 1053 1562 1100
1074 1514 1364 1578 patriaeque,
1378 1511 1624 1574 patrique,

290 1635 360 1664 116.
386 1634 457 1668 Quae
474 1637 525 1664 tibi
546 1637 655 1665 donavi
670 1635 763 1676 paulo
778 1635 896 1670 durius,

243 1682 331 1723 cujus
347 1682 479 1712 salutem
498 1693 569 1713 cum
589 1683 673 1713 crine
697 1683 752 1713 tibi
768 1684 900 1725 prodidi.

244 1729 429 1768 Ezemplum,
453 1729 586 1761 similem
611 1731 829 1771 proditionem,
846 1742 900 1761 cu-

239 1779 291 1818 jus
299 1779 364 1819 jam
374 1779 551 1820 exemplum
562 1779 647 1809 dedi.
685 1781 901 1816 Obstrminms,

245 1827 367 1857 veniam
386 1828 479 1857 ullius
494 1828 553 1858 loci
574 1828 711 1858 adeundi
728 1829 903 1860 ademimus

244 1874 342 1904 nobis.
387 1875 436 1905 Sic
453 1882 483 1905 et
495 1886 558 1906 ver.
577 1877 647 1906 186.

292 1924 363 1953 120.
402 1924 471 1953 Xon
495 1927 631 1964 genetriz‘
664 1925 797 1964 Europa,
827 1926 902 1966 etc.]

246 1971 449 2002 Confundunt
471 1978 502 2002 et
517 1973 629 2003 Noster
649 1979 680 2003 et
695 1973 747 2003 alii
763 1975 904 2004 Minoem

247 2020 271 2049 Ι.
294 2030 363 2050 011111
390 2021 497 2050 Minoe
520 2021 563 2052 II.
610 2022 668 2052 Ille
684 2023 741 2052 fuit
763 2023 850 2053 Jovis
874 2028 906 2053 et

250 2068 376 2107 Europae
391 2069 483 2105 filius,
501 2070 589 2110 cujus
616 2082 710 2112 nepos
732 2072 838 2102 Minos
860 2072 904 2103 Π.

249 2116 412 2157 imperium
446 2118 635 2149 maritimum
662 2120 717 2159 (de
747 2131 808 2161 quo
834 2121 904 2151 vide

247 2165 416 2205 Heynium,
432 2166 463 2196 in
479 2167 686 2199 Commentar.
701 2169 808 2200 societ.
825 2170 902 2200 Got-

248 2212 326 2253 ting.
351 2219 423 2243 tom.
439 2215 465 2244 1.
480 2221 558 2256 part.
581 2215 614 2245 ii.
634 2228 664 2257 p.
679 2218 715 2246 71
742 2218 829 2258 sqq.)
848 2217 902 2248 ha-

248 2261 325 2295 buit,
342 2268 434 2302 atque
448 2263 524 2292 Niso
538 2263 657 2294 bellum
674 2264 790 2295 intulit.
829 2266 903 2305 Syr-

249 2316 301 2343 tes,
319 2309 388 2340 loca
403 2311 435 2340 in
450 2311 539 2342 litore
553 2312 665 2343 Africae
682 2314 905 2354 periculosissi-

247 2367 311 2393 ma,
330 2359 368 2388 ob
382 2359 462 2389 vada
478 2370 617 2395 arenosa,
632 2368 719 2392 erant
734 2362 814 2397 duae,
828 2374 905 2403 quas

249 2406 397 2436 describit
411 2408 586 2444 Sallustius,
601 2411 749 2450 Jugurth.
765 2421 833 2452 cap.
850 2412 903 2442 78.

253 2453 334 2484 Vide
359 2466 428 2496 quae
454 2456 492 2487 de
518 2458 666 2497 Syrtibus,
688 2465 719 2489 et
745 2470 839 2499 quare
862 2461 906 2491 ita

251 2501 312 2532 sint
340 2503 516 2543 appellatae,
543 2505 582 2536 cl.
607 2507 772 2537 Bunxorr
796 2508 907 2538 dixerit

250 2550 283 2580 in
298 2551 478 2582 Sallustium
493 2559 602 2584 nostrae
617 2555 771 2591 editionis,
788 2568 818 2597 p.
834 2557 907 2588 267.

251 2598 313 2628 Sed
326 2598 462 2631 hocloco
477 2601 670 2643 intelligatur
679 2604 763 2644 regio
776 2605 906 2646 Syrtica,

253 2653 306 2677 aut
329 2648 452 2679 omnino
473 2649 606 2681 solitudo
634 2652 737 2692 Libyae
765 2663 904 2685 arenosa.

257 2696 414 2735 Inhospita,
441 2699 492 2729 ubi
519 2709 607 2729 nemo
635 2700 755 2731 habitat
785 2702 904 2743 iterque

966 1636 1153 1667 facientibus
1169 1634 1336 1676 hospitium
1352 1634 1480 1675 praebet.
1507 1633 1626 1662 Lucan.

966 1685 987 1714 i.
1017 1685 1091 1715 367.
1118 1695 1173 1722 per
1203 1684 1349 1722 inhospita
1381 1683 1479 1722 Syrtis
1508 1681 1628 1711 Litora.

968 1733 1018 1762 De
1036 1734 1183 1762 Armeniae
1207 1733 1334 1773 tigribus
1348 1731 1419 1761 vide
1444 1730 1484 1760 ad
1507 1741 1558 1760 xv.
1574 1730 1626 1760 86.

969 1782 1019 1812 De
1038 1782 1201 1821 Charybdi,
1213 1781 1283 1810 vide
1299 1780 1339 1810 ad
1353 1780 1405 1810 vii.
1419 1781 1471 1810 63.
1517 1780 1627 1808 Auster

970 1830 1104 1860 maxime
1130 1830 1219 1860 saevit
1243 1830 1275 1859 in
1298 1829 1376 1859 mari
1399 1828 1514 1858 Siculo.
1559 1827 1624 1858 Re-

972 1879 1072 1920 spexit
1096 1885 1200 1909 autem
1225 1878 1273 1908 his
1297 1878 1476 1912 ASneidem,
1501 1878 1542 1907 iv.
1566 1877 1629 1907 365

972 1939 1056 1969 sqq.:
1082 1928 1144 1958 Nec
1160 1930 1212 1957 tibi
1229 1929 1299 1957 dira
1313 1938 1431 1966 parens,
1442 1929 1561 1968 generis
1577 1937 1629 1956 nec

973 1976 1139 2006 Dardanus
1163 1983 1279 2011 auctor,
1305 1977 1445 2015 Peifide;
1471 1978 1518 2005 sed
1544 1977 1631 2005 <luris

969 2027 1073 2065 genuit
1100 2031 1127 2054 te
1154 2026 1291 2055 cautibus
1319 2025 1438 2053 horrens
1465 2024 1627 2059 Caucasus,

974 2072 1181 2112 Hyrcanaeque
1196 2074 1357 2102 adnm-unt
1374 2075 1461 2102 uber-11
1480 2074 1584 2113 tigres.

1018 2122 1088 2151 122.
1114 2121 1176 2151 Nee
1196 2121 1269 2151 Jove
1292 2128 1323 2151 tu
1348 2127 1448 2155 nutus,
1464 2121 1540 2160 etc.]
1566 2122 1627 2151 Fa-

969 2169 1075 2199 bulam
1101 2169 1182 2199 hanc
1210 2169 1275 2210 ipse
1303 2179 1397 2210 supra
1425 2168 1571 2205 narravit,
1599 2169 1632 2200 ii.

971 2223 1049 2247 extr.
1082 2217 1194 2258 Imago,
1210 2218 1307 2248 forma
1322 2217 1413 2252 tauri,
1430 2227 1523 2258 quam
1535 2217 1627 2259 Jupi-

971 2272 1017 2296 ter
1038 2272 1255 2308 assumpserat.
1289 2267 1371 2296 Duci
1387 2266 1470 2296 varie
1488 2266 1558 2308 capi
1574 2277 1629 2307 po-

972 2320 1042 2350 test,
1057 2315 1146 2350 trahi,
1163 2315 1278 2351 induci,
1294 2315 1412 2351 seduci,
1427 2320 1461 2345 ut
1482 2315 1631 2346 Heinsius

972 2369 1089 2398 monet,
1118 2370 1182 2400 aut,
1210 2370 1244 2394 ut
1281 2374 1338 2404 ego
1373 2363 1490 2399 malim,
1516 2363 1628 2405 decipi.

975 2412 1103 2446 Fabula,
1134 2417 1168 2442 ut
1196 2412 1306 2453 μῦθος,
1335 2412 1459 2442 omnino
1485 2412 1630 2448 narratio,

973 2459 1044 2490 hinc
1060 2460 1184 2490 additur
1195 2460 1293 2501 falsa.
1337 2462 1379 2491 Τὸ
1400 2471 1486 2491 ¹van-us
1505 2471 1630 2492 revoca·

975 2514 1059 2538 verat
1072 2508 1189 2549 Gierig,
1199 2510 1272 2550 quia
1283 2510 1494 2550 opponebatur
1506 2512 1631 2551 imagini

975 2558 1068 2587 tauri.
1127 2557 1324 2588 Burmannus
1360 2557 1489 2588 dederat
1514 2558 1631 2598 ferus:

974 2604 1058 2645 quod
1079 2605 1169 2635 ambo
1186 2606 1282 2636 nostri
1303 2606 1396 2647 Regii
1416 2606 1550 2645 habent;
1574 2607 1629 2638 sed

974 2653 1070 2683 malui
1084 2665 1192 2690 merus,
1204 2661 1328 2696 propter
1343 2660 1487 2686 metrum.

1020 2702 1088 2733 130.
1112 2703 1286 2743 Insequeris,
1302 2704 1473 2740 insectaris,
1494 2714 1555 2734 non
1575 2704 1629 2735 oh-
