1779 3130
550 250 777 296 INDEX
819 251 1069 298 RERUM

763 345 869 381 ρυλε

436 425 503 461 ΙΝ
546 425 956 471 UNOQUOQUE
998 427 1196 465 LIBRO

258 529 1060 579 METAMORPHOSEON
1115 532 1379 578 OVIDII

648 626 984 658 CONTINENTUR.

361 798 498 828 LIBER
522 799 550 828 I.

125 845 236 877 Cruos
252 846 283 877 in
299 852 429 885 quatuor
441 847 605 878 elementa.

127 895 252 925 Coelum
279 902 310 927 et
336 902 443 927 terram
473 897 609 935 quinque
637 897 782 935 distingui

163 944 256 974 zonis.

127 993 266 1029 Quatuor
280 1000 437 1025 ventorum
453 995 601 1033 regiones.

126 1042 270 1073 Hominis
284 1043 378 1081 origo.

127 1091 266 1127 Quatuor
281 1098 404 1123 aetatum
418 1093 591 1131 descriptio.

127 1140 297 1179 Gigantum
307 1142 431 1180 sanguis
442 1143 473 1173 in
485 1143 624 1174 homines
636 1144 783 1174 crudeles.

128 1190 254 1226 Lycaon
267 1191 297 1221 in
314 1191 433 1229 lupum.

128 1239 234 1270 Lactei
249 1240 354 1271 circuli
365 1241 539 1279 descriptio.

127 1288 147 1318 J
151 1288 214 1318 ovis
228 1289 334 1319 oratio.

130 1336 247 1367 Diluvii
261 1337 434 1376 descriptio.

129 1386 264 1423 Lapides
275 1386 306 1417 in
316 1387 465 1419 homines.

128 1435 222 1465 Terra
235 1435 266 1466 in
281 1436 378 1466 varias
394 1437 574 1467 animalium
588 1437 707 1474 figur-as.

129 1484 280 1521 Pythonis
295 1486 442 1523 serpentis
456 1485 565 1517 caedes.

131 1534 245 1571 Pythia
257 1535 332 1565 ludi.

131 1584 294 1622 Cupidinis
309 1585 486 1622 sagittarum
497 1585 671 1622 descriptio.

130 1633 266 1670 Daphne
280 1633 312 1663 in
323 1634 454 1664 laurum.

129 1682 248 1720 Tempe
259 1682 431 1720 descriptio.

131 1731 166 1761 Io
181 1731 214 1761 in
227 1741 364 1762 vaccam.

132 1780 209 1817 Argi
220 1780 300 1810 oculi
314 1780 346 1810 in
361 1780 491 1810 caudam
506 1780 643 1818 pavonis.

132 1829 244 1866 Syrinx
259 1829 397 1867 nympha
411 1829 442 1859 in
457 1829 621 1860 calamum.

134 1878 169 1908 Io
184 1888 277 1909 vacca
288 1877 319 1908 in
332 1878 497 1908 humanam
513 1878 651 1908 formam.

133 1927 334 1958 Phaethontis
345 1927 529 1965 Epaphique
542 1927 706 1958 eontentio.

362 2014 500 2044 LIBER
524 2014 567 2043 ΙΙ.

136 2072 243 2111 Regiae
263 2073 335 2103 solis
349 2073 521 2111 descriptio.

135 2123 274 2158 Quatuor
284 2122 356 2153 anni
371 2128 482 2160 partes.

135 2171 213 2201 Solis
227 2181 331 2201 currus
346 2171 518 2208 descn'ptio.

135 2220 292 2258 Equorum
307 2220 386 2250 Solis
402 2220 536 2249 nomina.

134 2269 235 2299 Terrae
249 2268 435 2299 incendium.

135 2317 266 2348 Telluris
281 2317 421 2355 querelae.

136 2365 337 2396 Phaethontis
351 2376 451 2396 casus.

138 2414 286 2445 Heliades
299 2415 330 2444 in
345 2409 486 2452 populos.

140 2464 266 2501 Cycnus
280 2474 331 2494 rex
348 2463 494 2501 Ligurum
509 2463 540 2493 in
556 2463 679 2493 olorem.

140 2512 269 2543 Callisto
285 2513 438 2549 Lycaonis
452 2512 514 2542 filia
527 2512 559 2542 in
574 2521 687 2541 ursam.

141 2562 240 2591 Arcas
251 2572 321 2591 cum
337 2561 468 2592 Callisto
484 2566 578 2592 matre
589 2561 620 2590 in
636 2559 743 2591 sidera.

142 2610 258 2641 Corvus
272 2621 309 2641 ex
323 2610 454 2641 candido
468 2611 562 2648 niger.

139 2659 266 2689 Coronis
280 2659 311 2689 in
324 2659 483 2690 cornicem.

185 2708 281 2738 vol..
301 2709 357 2738 lv.

851 799 1066 830 Erichthonius
1079 800 1143 830 sine
1159 806 1252 830 matre
1269 805 1367 829 natus.

852 848 1036 884 Nyctimene
1051 849 1083 878 in
1096 856 1249 879 noctuam.

851 897 970 934 Ocyroe
985 897 1126 928 Chironis
1138 898 1199 929 filia
1215 899 1245 927 in
1260 908 1381 935 equam.

855 946 967 983 Apollo
983 946 1014 976 in
1030 953 1191 984 pastorem.

852 995 962 1025 Battus
978 995 1009 1025 in
1026 996 1157 1032 lapidem
1173 996 1315 1026 indicem.

854 1044 1004 1081 Aglauros
1021 1044 1166 1082 Cecropis
1180 1045 1242 1075 filia
1257 1045 1288 1074 in
1303 1054 1420 1075 saxum.

853 1093 979 1123 lnvidiae
994 1093 1104 1123 domus
1118 1093 1290 1131 descriptio.

854 1142 980 1171 Invidiae
994 1142 1114 1173 effictio.

853 1191 975 1228 Jupiter
990 1191 1021 1221 in
1036 1198 1166 1222 taurum.

854 1239 977 1276 Europa
986 1250 1023 1270 ex
1034 1240 1196 1270 Phoenicia
1206 1240 1238 1269 in
1251 1240 1373 1271 Cretam
1386 1251 1438 1278 per
1453 1241 1507 1270 Jo-

892 1298 959 1319 vem
975 1295 1091 1320 avecta.

1073 1376 1211 1406 LIBER
1233 1377 1296 1406 III.

856 1435 1006 1465 Draconis
1020 1435 1126 1466 dentes
1141 1435 1172 1465 in
1186 1436 1264 1466 viros
1280 1442 1420 1467 armatos

856 1483 994 1514 Cadmus
1008 1483 1139 1514 Boeotiae
1153 1484 1300 1515 conditor.

854 1533 983 1563 Actaeon
998 1532 1029 1563 in
1045 1544 1177 1563 cervum.

857 1581 1000 1612 Bacchus
1013 1592 1050 1613 ex
1065 1583 1183 1613 Semele
1199 1583 1308 1613 Cadmi
1322 1583 1394 1613 filia.

857 1630 877 1660 J
880 1641 941 1660 uno
956 1630 987 1661 in
1003 1641 1106 1661 anum.

859 1679 975 1710 Bacchi
989 1680 1139 1710 educatio.

859 1728 990 1758 Tiresias
1002 1728 1032 1758 in
1047 1728 1203 1759 feminam.

859 1777 990 1808 Tiresias
1004 1777 1035 1807 in
1050 1788 1176 1808 marem.

860 1826 1022 1856 Narcissus
1035 1826 1067 1856 in
1082 1826 1195 1857 florem.

861 1874 946 1905 Echo
961 1875 993 1904 in
1007 1885 1122 1905 vocem.

860 1924 1008 1960 Tyrrheni
1023 1929 1123 1954 nautae
1138 1924 1170 1953 in
1184 1923 1355 1960 delphinos.

862 1972 1003 2003 Bacchus
1018 1973 1049 2002 in
1061 1983 1199 2010 puerum.

862 2021 990 2052 Penthei
1005 2021 1176 2058 descriptio.

1078 2108 1213 2138 LIBER
1237 2109 1296 2138 IV.

864 2168 979 2198 Bacchi
995 2168 1129 2198 nomina.

865 2217 1002 2247 Dercetis
1018 2216 1191 2253 Babylonia
1205 2216 1236 2245 in
1252 2216 1377 2253 piscem.

863 2265 1037 2296 Semiramis
1051 2265 1083 2295 in
1097 2265 1280 2295 columbam.

865 2314 942 2344 Nais
956 2315 987 2344 in
1002 2314 1127 2351 piscem.

864 2364 954 2393 Mora
968 2374 1005 2393 ex
1018 2362 1094 2392 albis
1109 2362 1194 2399 nigra
1211 2361 1332 2398 l’yrami
1348 2368 1378 2391 et
1391 2362 1519 2393 Thisbes

903 2412 1050 2449 sanguine
1065 2411 1181 2441 effecta.

869 2460 997 2491 Veneris
1011 2471 1081 2490 curn
1097 2461 1197 2490 Marte
1213 2459 1404 2489 adulterium.

873 2509 1041 2540 Leucothoe
1056 2509 1087 2538 in
1102 2508 1196 2539 thuris
1212 2509 1358 2538 arborem.

869 2558 970 2595 Clytie
982 2557 1012 2588 in
1028 2557 1239 2594 heliotropium
1256 2557 1389 2587 herbam.

869 2607 1012 2643 Daphnis
1028 2606 1128 2636 Idaeus
1143 2605 1173 2635 in
1189 2615 1305 2635 saxum.

869 2655 1003 2692 Scython
1019 2654 1049 2684 in
1065 2654 1219 2685 feminam.

985 2706 1045 2738 :3Q
