1779 3130
351 181 968 226 METAMORPHOSEON
1003 182 1062 222 LI
1072 180 1121 221 Β.
1146 180 1280 222 XIII.
1417 180 1502 219 349

124 300 307 346 Dedit:
348 306 398 345 et
422 305 477 344 ut
503 297 676 344 timido
703 296 862 358 possis
888 297 1145 357 ignoscere
1170 294 1321 348 fratri,

124 376 237 422 Non
258 375 337 421 hic
364 375 573 429 AEneas;
605 388 717 423 non,
741 372 825 433 qui
845 372 1134 418 defenderet
1160 370 1380 423 Andron,
1408 371 1503 415 665

123 451 310 497 Hector
335 457 455 504 erat,
478 465 565 511 per
585 464 708 509 quos
735 447 981 493 decimum
1007 446 1223 492 durastis
1249 445 1298 490 in
1323 460 1504 491 annum

121 526 336 588 Jamque
362 526 663 587 parabantur
688 523 895 585 captivis
922 523 1084 568 vincla
1107 521 1303 568 lacertis
1327 538 1336 568 :

127 601 230 647 111ae
256 602 487 648 tollentes
514 599 782 646 etiamnum
807 599 963 644 libera
988 599 1112 644 coelo

130 678 361 732 Brachia,
385 677 603 723 ‘Bacche
619 682 775 738 pater,
788 675 859 721 fer
879 673 1058 737 opem‚’
1077 674 1270 720 dixere:
1295 673 1508 734 tulitque

126 753 350 799 Muneris
377 760 546 799 auctor
571 767 744 814 opem:
786 751 826 796 si
851 750 973 796 miro
998 751 1204 812 perdere
1224 764 1359 795 more
1413 751 1510 795 070

126 829 274 875 Ferre
298 836 501 874 vocatur
527 844 700 890 opem:
741 842 831 872 nec
858 841 959 888 qua
982 826 1169 873 ratione
1194 826 1401 887 figuram

127 905 456 960 Perdiderint,
485 904 623 968 potui
650 903 790 958 scire,
819 909 903 948 aut
928 918 1057 948 nunc
1083 903 1246 949 dicere
1273 902 1475 964 possim.

129 982 335 1028 Summa
358 982 474 1028 mali
500 989 617 1028 nota
641 987 744 1037 est3
785 995 972 1042 pennas
999 995 1271 1041 sumpsere,
1299 985 1500 1040 tuaeque

129 1057 253 1120 Conj
264 1059 371 1120 ugis
396 1058 444 1103 in
469 1058 735 1110 volucrem,
763 1056 929 1101 niveas
955 1054 1119 1101 abiere
1143 1053 1447 1101 columbas.”

194 1134 397 1181 Talibus
418 1141 568 1195 atque
589 1133 696 1179 aliis
722 1138 988 1194 postquam
1007 1130 1227 1177 convivia
1245 1130 1392 1176 dictis
1418 1133 1513 1176 675

131 1209 418 1272 Implerunt,
446 1225 619 1255 mensa
643 1222 869 1254 somnum
894 1206 1082 1268 petiere
1108 1213 1323 1253 remota:

130 1286 361 1347 Cumque
387 1285 467 1331 die
489 1291 711 1346 surgunt,
739 1283 1024 1344 adeuntque
1050 1283 1249 1329 oracula
1274 1282 1481 1338 Phoebi;

131 1361 228 1415 Qui
255 1368 425 1425 petere
451 1361 705 1423 antiquam
732 1365 955 1413 matrem,
984 1366 1295 1421 cognataque
1315 1359 1467 1421 jussit

132 1437 324 1484 Litora:
365 1436 680 1500 prosequitur
704 1452 808 1490 rex,
837 1441 887 1481 et
910 1434 996 1480 dat
1019 1451 1197 1482 munus
1224 1435 1391 1492 ituris3

173 1585 247 1616 673.
270 1585 389 1615 Summa
405 1586 476 1615 mali
500 1591 566 1615 nota
587 1591 627 1614 est
650 1595 703 1626 pro
719 1584 787 1614 vul-

128 1635 205 1675 gari,
221 1634 260 1665 ad
280 1644 442 1670 summam,
461 1644 532 1664 aves
549 1633 637 1663 factae
659 1638 741 1668 sunt,
760 1638 792 1662 ut

130 1689 236 1713 notum
252 1688 297 1712 est
312 1694 317 1711 t
344 1693 456 1712 summa
472 1682 526 1717 rei,
543 1681 574 1711 id
591 1692 651 1722 quo
667 1686 731 1712 tota
745 1692 792 1711 res

131 1731 220 1761 redit.
267 1730 305 1760 Ιιι
326 1732 486 1766 volucrem,
501 1731 533 1760 in
549 1730 698 1766 volucres,
714 1735 748 1759 ut
764 1741 791 1760 v.

131 1781 274 1810 298.ales
290 1786 388 1809 erant.

176 1828 249 1858 675.
268 1828 411 1857 Convivia
422 1829 509 1858 dictis
526 1827 702 1866 implssrzmt,
714 1826 793 1856 mul-

133 1877 171 1906 tis
203 1876 371 1916 variisque,
398 1882 431 1906 ut
459 1876 502 1911 fit,
529 1874 792 1906 confabulationi-

134 1925 191 1954 bus
206 1923 355 1954 institutis
380 1924 555 1954 convivium
570 1929 795 1964 transegerunt.

135 1973 242 2003 Eleusa
265 1979 389 2008 remota,
409 1972 478 2002 vide
500 1972 538 2002 ad
559 1972 601 2002 ix.
617 1973 671 2002 92.
721 1973 795 2001 Cum

134 2024 194 2057 die,
213 2021 322 2052 eodem
346 2027 494 2062 tempore,
512 2032 573 2062 quo
589 2020 656 2051 dies
671 2020 795 2051 illuces-

135 2071 248 2108 cebat3
278 2070 348 2100 vide
369 2070 509 2100 Cortium
533 2070 573 2100 ad
597 2070 795 2100 Sallust.Ju-

135 2119 239 2160 gurth.
276 2119 376 2149 lxviii.
414 2120 444 2149 2.
502 2121 624 2149 Adeunt
661 2120 795 2154 oracula,

135 2177 218 2197 more
247 2177 363 2202 eorum,
388 2166 441 2207 qui
471 2178 565 2197 novas
591 2172 688 2197 terras
712 2177 796 2207 quae-

136 2220 224 2253 runt3
247 2215 318 2246 vide
343 2215 382 2245 ad
407 2215 450 2246 iii.
470 2216 500 2246 8.
546 2217 710 2255 Antiquam,
735 2227 796 2244 rma-

139 2271 224 2300 trem,
240 2270 352 2294 terram
367 2263 450 2294 unde
467 2264 559 2305 prisci
573 2263 674 2304 gentis
688 2263 796 2304 Troja—

138 2323 185 2343 nae
197 2319 336 2343 auctores
347 2312 495 2353 originem
507 2312 675 2347 ducebant,
687 2323 798 2353 nempe

138 2362 278 2397 Italiam,
319 2362 401 2392 unde
440 2362 610 2392 Dardanus
649 2367 795 2399 venerat,

141 2411 229 2451 Virg.
245 2411 275 2442 d.
292 2411 312 2441 l.
330 2422 389 2441 ver.
406 2412 458 2442 94.
476 2416 495 2428 ‘¹
511 2422 580 2452 quae
597 2422 651 2441 vos
669 2422 687 2441 a
706 2411 799 2451 stirpe

140 2465 304 2501 parentum
332 2460 437 2490 Prima
465 2460 535 2490 tulit
561 2460 665 2495 tellus,
691 2459 800 2490 eadem

141 2518 195 2538 vos
208 2509 301 2538 ubere
315 2508 387 2538 lreto
399 2508 543 2549 Accipiet
559 2508 702 2538 reduces:
722 2507 800 2538 anti-

142 2565 234 2596 quam
251 2555 403 2596 exquirite
419 2556 581 2586 matrem.''
626 2556 708 2586 Hinc
721 2556 801 2586 Nos-

142 2609 188 2634 ter
204 2614 241 2634 ex
263 2604 379 2645 ingenii
400 2605 445 2635 sui
470 2605 662 2635 abundantia
682 2605 802 2635 addidit

144 2660 268 2693 cognata
287 2655 384 2683 litora.

188 2702 260 2732 679.
302 2703 492 2743 Prosequitur
518 2702 723 2738 discedentes,
749 2703 799 2733 lio—

858 1583 939 1613 noris
961 1593 1052 1614 causa
1073 1594 1125 1614 eos
1146 1583 1308 1615 comitatur
1327 1589 1358 1615 et
1377 1584 1516 1615 deducit.

860 1633 1014 1671 Sceptrum
1035 1634 1111 1663 sorte
1135 1643 1205 1663 cum
1225 1633 1449 1674 significatione
1470 1633 1517 1664 fu-

860 1680 917 1710 turi
935 1681 1066 1722 imperii,
1086 1692 1264 1723 quanquam
1279 1688 1435 1723 sceptrum
1452 1692 1517 1712 om-

860 1729 932 1759 nino
968 1729 1088 1771 insigne
1124 1730 1282 1761 hominum
1316 1731 1429 1761 honore
1465 1738 1518 1762 aut

859 1789 972 1818 genere
991 1779 1238 1819 conspicuorum.
1284 1780 1321 1809 In
1339 1779 1519 1810 muneribus

861 1827 985 1857 heroum
1001 1834 1101 1858 crater
1113 1828 1295 1869 plerumque
1308 1839 1374 1859 esse
1389 1828 1520 1866 solebat,

860 1876 947 1917 isque
970 1878 1101 1906 caelatns.
1148 1877 1286 1907 Additur
1309 1877 1370 1908 fere
1391 1876 1521 1917 singulis

863 1925 948 1960 locis,
974 1924 1044 1965 quis
1074 1936 1144 1955 eum
1170 1925 1384 1962 elaboraverit,
1409 1932 1440 1956 et
1467 1936 1522 1967 per

863 1983 940 2014 quas
957 1984 1065 2003 manus
1081 1973 1120 2003 ad
1141 1974 1341 2004 novissimum
1360 1974 1521 2004 dominum

863 2021 1057 2062 pervenerit,
1092 2022 1198 2053 confer
1230 2023 1358 2053 Homer.
1390 2023 1454 2053 Od.
1484 2027 1522 2054 O.

867 2071 926 2100 115
942 2081 1017 2111 sqq;
1041 2070 1220 2111 Virgilium,
1236 2072 1311 2101 ΑΕΗ.
1327 2082 1356 2101 ν.
1369 2072 1432 2102 535
1448 2082 1520 2113 sqq.

864 2130 958 2160 quem
983 2120 1096 2149 Noster
1121 2119 1260 2150 imitatus
1283 2126 1346 2150 est:
1380 2124 1400 2137 “
1418 2121 1520 2162 Ipsius

865 2168 1012 2198 Anchisae
1028 2168 1161 2209 longaevi
1176 2169 1233 2199 hoc
1249 2179 1361 2200 munus
1380 2169 1522 2206 habebis,

866 2216 994 2247 Cratera
1034 2216 1217 2257 impressum
1260 2218 1379 2258 signis3
1428 2229 1521 2258 quem

864 2265 1013 2295 Thracius
1046 2265 1119 2295 olim
1149 2266 1296 2296 Anchisae
1330 2266 1459 2307 genitori
1492 2267 1523 2297 in

866 2324 978 2354 magno
1002 2324 1127 2344 munere
1143 2314 1267 2345 Cisseus
1285 2315 1375 2345 Ferre
1398 2315 1444 2345 sui
1468 2315 1522 2346 de-

866 2362 953 2392 derat
968 2368 1202 2393 monumentum
1213 2369 1243 2393 et
1258 2363 1370 2404 pignus
1382 2365 1526 2395 am01·is.''

868 2412 972 2446 Alcon,
989 2411 1074 2441 faber
1089 2411 1291 2451 argentarius,
1307 2411 1443 2452 inclytus
1465 2413 1523 2443 for-

867 2466 947 2489 tasse
971 2459 1078 2500 priscis
1098 2460 1288 2500 temporibus
1310 2460 1349 2490 ab
1373 2466 1437 2491 arte
1459 2471 1526 2492 sua.

868 2507 985 2547 Lydius
1001 2507 1102 2537 Alcon
1123 2513 1249 2537 vocatur
1273 2519 1290 2538 a
1306 2509 1469 2540 Lactantio
1492 2509 1525 2540 in

870 2557 1000 2597 Argum.
1046 2556 1105 2586 Sed
1133 2556 1197 2586 h.1.
1214 2567 1266 2598 pro
1290 2558 1412 2597 Myleus
1432 2560 1525 2591 MSS.

870 2616 963 2646 prope
992 2615 1096 2635 omnes
1129 2606 1245 2641 Nileus,
1271 2606 1353 2637 unde
1379 2607 1526 2639 Heinsius

870 2654 995 2694 conjicit
1010 2654 1117 2689 Nileus,
1129 2654 1211 2683 Nilei
1227 2655 1317 2686 filius.
1361 2655 1392 2685 Si
1409 2657 1526 2697 Mgsleus

869 2713 991 2733 servare
1008 2702 1078 2733 velit
1101 2703 1208 2739 lector,
1227 2703 1443 2745 interpretetur
1466 2717 1526 2735 non
