1779 3130
366 151 988 193 METAMORPHOSEON
1021 151 1139 194 LIB.
1174 154 1263 195 IX.
1451 157 1508 197 97

187 264 448 312 Nescierat
473 280 607 311 soror
632 265 749 321 hoc;
779 281 890 327 quae
919 282 1074 328 quum
1095 268 1355 330 perterrita
1373 278 1502 317 retro

120 339 213 396 Ire,
242 347 293 386 et
318 341 532 386 adoratis
557 341 707 387 vellet
731 341 989 388 discedere
1016 342 1296 406 Nymphis3
1404 350 1501 392 350

118 414 383 463 Haeserunt
407 417 572 462 radice
597 416 779 478 pedes:
820 418 1096 465 convellere
1123 428 1338 482 pugnat;
1381 422 1501 482 [imo

117 492 225 538 Nec
251 492 535 554 quicquam,
557 491 650 537 nisi
676 508 882 548 summa,
913 502 1102 540 movet:
1145 498 1415 544 succrescit
1439 498 1501 544 ab

115 568 344 630 Totaque
369 568 608 630 paulatim
631 569 794 615 lentus
821 569 999 631 premit
1024 570 1228 631 inguina
1252 580 1440 619 cortex.

117 644 187 691 Ut
209 644 346 700 vidit,
373 652 552 691 conata
576 659 725 691 manu
748 644 932 691 laniare
959 645 1183 707 capillos,

116 720 309 767 Fronde
356 737 556 766 manum
604 720 853 783 implevit:
917 720 1115 768 frondes
1159 729 1311 785 caput
1351 739 1498 770 omne

312 797 565 843 tenebant.
1403 803 1499 847 355

113 872 180 919 At
204 889 326 936 puer
343 873 655 936 Amphissos,
677 889 892 936 namque
917 874 1010 920 hoc
1035 890 1153 920 avus
1181 873 1401 937 Eurytus
1427 876 1496 922 illi

113 949 388 996 Addiderat
412 965 606 1004 nomen,
634 957 858 997 materna
882 951 1130 1013 rigescere
1151 952 1302 999 sentit

115 1025 309 1081 Ubera3
350 1042 442 1072 nec
468 1025 694 1087 sequitur
718 1026 983 1073 ducentem
1008 1028 1200 1073 lacteus
1227 1027 1419 1074 humor.

113 1102 397 1164 Spectatrix
424 1102 623 1148 aderam
647 1101 734 1148 fati
759 1102 990 1157 crudelis,
1020 1119 1269 1165 opemque
1341 1105 1493 1165 [ba1n‚

114 1178 228 1224 Non
253 1185 476 1241 poteram
512 1178 602 1225 tibi
628 1179 769 1235 ferre,
798 1195 961 1226 soror:
1002 1186 1345 1241 quantumque
1368 1181 1499 1226 vale-

114 1254 437 1301 Crescentem
453 1262 698 1310 truncum,
712 1271 975 1317 ramosque
992 1255 1237 1318 amplexa,
1253 1256 1496 1303 morabar:

114 1330 194 1385 Et,
221 1330 390 1385 fateor,
414 1331 542 1377 volui
569 1332 662 1378 sub
688 1332 865 1379 eodem
890 1333 1073 1378 cortice
1093 1332 1256 1378 condi.

112 1405 244 1453 Ecce
256 1407 953 1470 virAndraemongenstorque
964 1407 1284 1462 miserrimus,
1297 1408 1494 1464 adsunt,

111 1482 177 1530 Et
202 1491 428 1545 quaerunt
450 1484 717 1548 Dryopen:
751 1484 989 1548 Dryopen
1015 1483 1353 1545 quaerentibus
1378 1484 1476 1530 illis

113 1560 322 1607 Ostendi
350 1562 513 1608 loton:
554 1562 725 1625 tepido
751 1562 871 1609 dant
894 1561 1065 1608 oscula
1089 1560 1238 1622 ligno,
1398 1563 1494 1607 365

834 1705 911 1737 tatio
929 1705 984 1736 illa
1003 1705 1097 1739 sacta,
1115 1715 1177 1745 quo
1199 1710 1334 1745 tempore
1351 1702 1499 1744 Amphis-

835 1765 883 1785 sos
908 1755 973 1795 jam
999 1753 1124 1783 adultus
1148 1752 1287 1794 Apollini
1312 1751 1392 1792 patri
1417 1757 1495 1782 tem-

835 1803 923 1845 plum
939 1802 1117 1832 extruebat.

152 1705 226 1734 351.
264 1704 420 1735 Haeserunt
443 1707 545 1736 radice
565 1707 662 1745 pedes,
684 1707 762 1746 etc-J

108 1753 223 1782 Confer
246 1763 316 1783 cum
340 1754 398 1783 hac
423 1754 594 1785 mutatione
611 1755 632 1784 i.
646 1756 719 1786 548.
734 1754 766 1784 ii.

107 1802 169 1831 348
193 1812 261 1842 sqq.
278 1812 308 1831 x,
322 1803 384 1832 490
400 1813 469 1843 sqq.
516 1803 654 1839 Rudice:
679 1802 766 1843 ligati

106 1849 221 1880 radice.
269 1852 464 1887 Convellere;
503 1852 608 1882 confer
648 1852 694 1882 xi.
726 1852 767 1882 76

105 1909 174 1940 sqq.
233 1899 353 1930 Summa
398 1900 587 1941 superiorem
632 1910 766 1942 corporis

106 1953 238 1988 partem.

150 1997 223 2026 353.
258 1996 405 2036 Premit]
452 1997 575 2028 Primus
605 1997 767 2034 Gronovfi,

105 2046 193 2080 subit,
211 2045 293 2086 quod
318 2047 500 2076 Burmanno
524 2048 593 2083 τοῖς
617 2048 715 2077 lentus
738 2053 769 2077 et

105 2095 253 2132 paulatim
276 2094 389 2124 melius
405 2096 569 2125 convenire
585 2095 765 2126 videbatur:

107 2141 161 2171 sed
181 2145 300 2181 premit,
318 2142 349 2172 id
374 2148 420 2172 est
443 2143 553 2183 cingit,
575 2143 684 2179 ambit,
706 2145 769 2175 ele-

106 2190 230 2230 gantius
245 2196 302 2221 est.
341 2192 408 2221 Hoc
426 2191 542 2222 habent
558 2192 649 2232 Regii
665 2193 770 2223 nostri.

109 2238 258 2269 Tenebant
280 2239 465 2280 exquisitius
490 2252 582 2281 quam
603 2241 764 2281 vulgatum

105 2287 204 2328 (quod
222 2287 338 2318 habent
354 2289 447 2318 nostri
465 2289 575 2329 Regii)
593 2292 742 2330 tegebant.

149 2331 225 2360 357.
250 2332 418 2360 Addiderat
441 2343 554 2367 nomen,
571 2333 648 2372 etc.]
678 2333 766 2363 Nihil

107 2378 239 2408 elabitur
255 2379 403 2409 soecundo
414 2379 519 2410 Ovidii
533 2380 668 2421 ingenio.
698 2381 766 2410 Du-

106 2438 170 2457 cere
185 2428 274 2458 ubera
291 2427 411 2468 phrasis
426 2429 569 2470 propria;
592 2429 766 2466 juvenalis,

107 2475 172 2506 Sat.
188 2476 241 2506 xii.
257 2477 289 2506 8.
322 2477 371 2506 Ita
383 2482 414 2507 et
431 2479 539 2507 ducere
552 2479 671 2516 pocula.
699 2478 767 2508 Du-

107 2529 229 2554 centem
258 2527 391 2565 sequitur
420 2525 489 2563 lac3
527 2528 637 2556 addere
665 2537 768 2556 nomen

107 2571 291 2613 elegantius,
303 2582 396 2613 quam
414 2575 525 2605 indere.
538 2586 566 2604 v.
584 2575 658 2605 524.
696 2575 768 2604 Non

108 2620 199 2661 igitur
212 2628 288 2657 erat,
298 2632 352 2651 cur
366 2622 513 2653 Heinsius
525 2625 676 2653 indiderat
691 2623 769 2652 mal-

111 2669 166 2700 let.
195 2670 363 2707 &nter-um,
378 2677 502 2702 auctore
519 2672 691 2708 Nicandro,
703 2682 769 2701 mu-

161 2719 257 2750 VOL.
279 2720 335 2750 IV.

876 1851 952 1882 359.
978 1850 1145 1888 Spectatrix
1170 1851 1302 1884 aderam,
1326 1848 1401 1888 etc.]
1427 1849 1495 1878 Hoc

833 1900 968 1930 maxime
983 1899 1124 1929 dolemus
1146 1898 1177 1928 in
1198 1897 1364 1928 infortunio
1380 1903 1498 1927 nostro-

834 1959 917 1983 rum,
937 1947 1019 1988 quod
1038 1957 1128 1987 opem
1145 1946 1221 1976 ferre
1244 1956 1302 1975 non
1318 1956 1494 1986 possumus,

836 2007 1014 2038 quanquam
1030 2000 1219 2036 spectatores
1236 2000 1386 2024 astamus.
1442 1994 1496 2023 Vo-

838 2047 881 2075 lui
898 2044 1045 2075 Heinsius
1060 2043 1128 2074 sine
1144 2053 1241 2074 causa
1256 2043 1287 2073 in
1303 2045 1368 2073 vovi
1384 2043 1497 2073 mutari

836 2094 971 2124 volebat.
1021 2093 1111 2122 Volui
1123 2094 1186 2128 sub,
1201 2097 1261 2122 etc.
1276 2098 1382 2122 votum
1398 2098 1498 2121 tener—

837 2142 905 2172 rimi
930 2140 1042 2171 amoris
1064 2151 1157 2182 prope
1179 2140 1355 2181 sepulcrum
1381 2140 1496 2170 amico-

837 2202 917 2221 rum.

875 2240 949 2269 363.
975 2238 1162 2267 Miserrimus
1187 2237 1280 2268 etiam
1307 2236 1345 2267 ad
1369 2237 1493 2266 Andra-

832 2299 943 2317 monem
959 2285 1166 2317 referendum.
1216 2286 1303 2315 Bene
1321 2290 1423 2315 autem
1441 2285 1495 2315 hos

833 2335 972 2370 adducit,
990 2340 1024 2365 ut
1043 2345 1138 2364 scena
1162 2334 1230 2363 hoec
1254 2333 1353 2374 magis
1374 2340 1496 2363 moveat

833 2384 992 2414 lectorem.
1038 2383 1187 2423 Dryopen
1214 2381 1278 2411 suis
1303 2381 1438 2411 cinctam
1464 2388 1495 2411 et

834 2432 981 2462 mandata
998 2436 1137 2461 extrema
1152 2430 1277 2460 dantem
1294 2429 1449 2459 videmus.

878 2481 952 2510 365.
979 2480 1086 2519 Tepido
1112 2489 1127 2508 e
1152 2489 1215 2508 ver.
1237 2479 1310 2518 393.
1334 2477 1493 2508 illustran—

835 2529 920 2563 dum,
932 2526 1197 2569 quemadmodum
1213 2537 1249 2556 ex
1264 2526 1284 2556 i.
1297 2527 1370 2556 554.
1382 2529 1495 2565 trepido

836 2577 918 2617 quod
942 2577 998 2606 hoc
1015 2576 1083 2605 loco
1099 2576 1215 2605 habent
1231 2576 1347 2616 primus
1362 2574 1495 2605 Cautab.

836 2625 933 2655 Basil.
956 2630 987 2654 et
1010 2623 1119 2654 decem
1148 2623 1212 2654 alii.
1257 2623 1369 2664 (Regii
1400 2624 1493 2654 nostri

839 2673 966 2713 tepido.)
990 2673 1051 2703 Sed
1067 2672 1144 2702 illud
1159 2683 1239 2703 nunc
1253 2672 1364 2703 verius.
1391 2673 1496 2712 'supere

972 2722 998 2751 O
