1779 3130
225 179 310 219 222

614 178 663 218 Ρ.
698 177 911 219 OVIDII
945 177 1224 220 NASONIS

227 292 351 345 Quae
368 298 523 354 pater,
537 291 669 337 haud
680 291 821 338 aliter
837 307 986 354 quam
1002 299 1173 339 cautes
1190 309 1440 340 murmura
1455 294 1611 356 ponti,

224 367 449 430 Accipit;
490 375 540 414 et
564 375 730 415 natam
755 369 1120 416 delamentatur
1145 369 1448 432 ademptam.
1513 373 1602 416 331

226 443 296 489 Ut
319 458 432 489 vero
456 443 712 491 ardentem
737 444 876 500 vidit,
904 451 1080 507 quater
1105 445 1321 508 impetus
1348 445 1419 491 illi

223 518 280 564 In
307 519 496 566 medios
521 518 613 566 fuit
637 519 706 567 ire
731 535 903 582 rogos:

944 527 1120 582 quater
1144 521 1260 567 inde
1285 522 1513 584 repulsus

222 594 434 642 Concita
457 595 681 642 membra
702 595 832 657 fugae
858 596 1076 651 mandat,
1100 596 1375 659 similisque
1395 598 1608 659 juvenco

222 670 427 733 Spicula
450 672 746 719 crabronum
771 687 942 735 pressa
966 673 1157 720 cervice
1183 673 1393 735 gerenti.

1508 676 1604 720 335

221 747 334 801 Qua
356 748 432 796 via
456 749 607 805 nulla,
635 748 758 797 ruit:
791 750 896 812 jam
920 756 1028 797 tum
1052 750 1173 796 mihi
1198 766 1393 797 currere
1417 750 1550 796 visus

222 823 344 870 Plus
360 824 559 872 homine
576 831 673 880 est;
699 826 904 887 alasque
923 826 1077 889 pedes
1100 826 1372 889 sumpsisse
1388 832 1605 889 putares.

222 899 410 962 Effugit
433 917 550 963 ergo
575 917 775 958 omnes3
815 903 1065 965 veloxque
1091 903 1324 966 cupidine
1349 903 1434 950 leti

218 976 418 1023 Vertice
445 976 653 1024 Parnasi
680 979 893 1041 potitur:
935 979 1194 1026 miseratus
1221 979 1417 1043 Apollo,

219 1052 385 1106 Quum
412 1069 463 1099 se
492 1053 751 1101 Daedalion
777 1071 897 1102 saxo
924 1056 1142 1103 misisset
1166 1057 1228 1103 ab
1255 1057 1370 1111 alto,

1509 1057 1606 1102 340

219 1128 358 1176 Fecit
383 1145 538 1185 avem,
562 1137 611 1177 et
637 1130 815 1177 subitis
841 1132 1141 1194 pendentem
1167 1132 1370 1179 sustulit
1394 1132 1501 1186 alis,

219 1205 421 1268 Oraque
437 1206 631 1254 adunca
644 1207 798 1264 dedit,
811 1224 986 1255 curvos
1000 1208 1139 1255 dedit
1154 1208 1600 1270 unguibushamos,

217 1281 464 1329 Virtutem
491 1283 764 1346 antiquam,
792 1285 1003 1346 majores
1029 1300 1234 1347 corpore
1258 1285 1412 1331 vires:

220 1357 285 1405 Et
310 1374 439 1405 nunc
465 1359 718 1422 accipiter,
746 1360 891 1407 nullis
919 1361 1038 1407 satis
1064 1376 1255 1422 aequm,
1284 1360 1331 1406 in
1358 1375 1529 1406 omnes

221 1434 372 1481 Saevit
390 1451 504 1482 aves
523 1454 533 1493 3
563 1436 773 1499 aliisque
795 1437 967 1483 dolens
993 1437 1048 1483 fit
1067 1452 1218 1484 causa
1236 1437 1455 1484 dolendi.
1505 1437 1602 1482 345

285 1510 408 1564 Quae
433 1512 552 1559 dum
574 1512 799 1559 Lucifero
825 1513 1019 1575 genitus
1045 1513 1283 1560 miracula
1306 1519 1472 1560 narrat

261 1677 335 1706 330.
369 1676 477 1707 Cautes
506 1677 554 1708 vel
584 1678 697 1708 mentis
726 1678 875 1709 attonitae.

221 1725 308 1765 Virg.
323 1725 453 1755 AEZneid.
471 1725 510 1756 vi.
524 1727 599 1756 471.
612 1728 670 1763 vel,
685 1734 718 1758 ut
733 1727 763 1756 h.
777 1727 797 1756 l.
810 1738 875 1757 sur-

216 1773 322 1804 ditatis
336 1774 522 1814 symbolum.
574 1776 781 1805 Delamentari
796 1786 877 1806 nova

216 1821 397 1862 compositio
421 1822 461 1853 ad
487 1823 614 1853 formam
640 1827 707 1855 τῶν
733 1826 876 1854 demirari

216 1876 247 1901 et
261 1873 410 1908 dearum-e,
421 1872 451 1902 in
469 1872 581 1912 quibus
596 1874 631 1902 de
641 1873 702 1902 vim
718 1873 812 1903 habet
828 1873 875 1903 in-

217 1919 376 1955 tendendi,
393 1926 427 1950 ut
447 1930 461 1949 e
479 1920 511 1949 in
531 1923 653 1950 emirari
673 1921 755 1962 apud
774 1922 874 1952 Hora—

217 1968 305 2002 tium,
322 1968 348 1997 I.
364 1967 426 1998 Od.
443 1979 471 1998 ν.
489 1969 521 1998 8.

259 2017 333 2047 334.
363 2017 514 2052 concitus,
541 2017 634 2052 celer,
665 2024 699 2048 ut
722 2018 761 2048 iv.
789 2019 874 2049 Fast.

216 2066 291 2096 461.
316 2067 429 2095 concito
454 2066 681 2106 cursufertur.
726 2066 873 2098 Similiter

218 2115 349 2151 incit1155
375 2113 442 2144 Cic.
460 2114 502 2144 N.
518 2114 562 2144 D.
580 2114 612 2144 ii.
627 2116 679 2145 35.
702 2117 787 2145 inciti
810 2117 873 2145 clel-

212 2164 309 2202 phini.
356 2163 471 2198 Pressa,
489 2163 539 2192 cui
555 2163 702 2204 impressa
724 2170 796 2194 sunt
811 2164 873 2204 spi-

214 2211 297 2241 cula.
343 2211 474 2241 Currere
492 2212 572 2250 plus,
588 2222 709 2242 currere
726 2212 873 2245 velocius.

215 2260 332 2290 Cursus
344 2259 395 2289 ille
409 2259 604 2290 adumbratio
613 2260 744 2291 volatus.
768 2261 871 2291 Etiam

214 2309 246 2339 1i.
262 2309 335 2339 586.
352 2309 466 2339 Cranai
482 2308 556 2345 filia,
573 2314 743 2351 antequam
759 2309 790 2340 in
805 2321 871 2341 cor—

213 2357 314 2387 nicem
331 2357 483 2393 transiret,
499 2359 649 2388 currebat.
694 2359 734 2389 Et
748 2370 870 2389 currere

215 2405 293 2435 adeo
309 2416 362 2447 pro
378 2405 492 2442 volare,
508 2406 657 2437 viii.·203.

256 2455 330 2484 338.
378 2454 498 2495 Effugit
535 2466 603 2496 ergo
641 2466 747 2491 omncs,
785 2456 867 2496 ete-J

214 2503 306 2532 Hunc
337 2514 460 2543 quoque
481 2513 602 2534 versum
629 2514 695 2534 esse
723 2504 869 2535 adulteri-

214 2562 285 2581 num
303 2551 351 2581 vix
369 2552 491 2583 dubitat
506 2553 665 2583 Heinsius.

256 2601 330 2630 341.
349 2601 477 2631 Sustulit
494 2603 549 2632 ulis
565 2602 721 2643 eleganter
739 2613 802 2643 pro,
814 2602 868 2633 de<

213 2648 257 2678 dit
280 2648 357 2683 alas,
373 2649 445 2689 quia
469 2661 540 2680 aves
557 2651 586 2680 in
610 2650 740 2681 sublime
758 2652 869 2681 tollun-

216 2706 267 2727 tur
290 2698 407 2729 alarum
432 2710 501 2739 ope.
519 2700 550 2729 ii.
566 2701 627 2731 5237
646 2708 673 2730 ei
697 2702 757 2730 708
774 2713 779 2737 ;
805 2701 865 2731 viii.

945 1678 1018 1708 256.
1056 1677 1152 1708 Multi
1170 1677 1261 1707 MSS.
1276 1680 1412 1711 sustinet,
1427 1686 1488 1706 non
1503 1675 1605 1704 minus

945 1726 1122 1767 elegantem
1139 1736 1212 1756 aves
1233 1726 1315 1756 enim
1333 1727 1479 1756 sustinent
1495 1736 1522 1754 se
1533 1726 1601 1758 alis,

944 1776 987 1805 iv.
1003 1777 1061 1805 411
1078 1787 1086 1812 ;
1101 1787 1179 1805 aura
1193 1777 1344 1805 rudentem
1355 1776 1528 1805 sustinuisse
1544 1775 1605 1803 risa

943 1831 996 1858 est,
1014 1823 1080 1854 viii.
1096 1825 1167 1853 148.
1188 1824 1383 1859 Pendentem,
1395 1829 1430 1853 ut
1445 1823 1604 1864 penderet,

943 1873 1078 1910 volaret;
1103 1873 1145 1903 vi.
1163 1873 1235 1903 667.
1254 1874 1384 1911 Corpora
1409 1873 1602 1912 Cecropidmn

940 1925 1044 1961 pennis
1056 1924 1184 1961 pendere
1196 1929 1327 1961 putares,
1342 1922 1512 1952 Penrlebanz
1527 1933 1599 1960 pen-

942 1973 987 2000 nis
1001 1982 1008 2007 3
1034 1970 1098 2000 viii.
1115 1971 1184 2001 145.
1201 1970 1240 2000 de
1256 1970 1353 2000 Niso:
1369 1973 1439 2009 jam.
1453 1972 1598 2009 pendebat

942 2021 973 2048 in,
1000 2030 1100 2049 auras.
1147 2018 1249 2048 Aliter
1269 2018 1419 2058 originem
1445 2018 1602 2059 accipitris

940 2072 1046 2097 narrat
1069 2067 1188 2097 Anton.
1218 2066 1370 2097 Liberalis
1396 2068 1427 2097 3.
1472 2067 1601 2103 Hierax,

940 2116 984 2146 vir
1003 2116 1107 2157 justus
1131 2121 1162 2146 et
1184 2116 1295 2145 nobilis
1316 2116 1396 2146 inter
1417 2115 1602 2156 Mariandy-

942 2175 1006 2200 nos,
1023 2174 1120 2205 quum
1135 2164 1262 2194 Teucris
1281 2174 1299 2194 a
1316 2165 1465 2205 Neptuno
1480 2164 1601 2194 vexatis

939 2224 1029 2255 opem
1054 2213 1184 2249 tulisset,
1201 2219 1320 2244 mutato
1344 2223 1482 2254 corpore,
1496 2219 1599 2243 muta-

940 2262 1041 2303 tisque
1072 2262 1208 2292 moribus
1236 2262 1383 2303 accipiter
1412 2262 1511 2292 factus
1538 2267 1598 2292 est.

943 2310 1086 2352 Μέγιστα
1103 2312 1165 2352 γὰρ
1183 2311 1235 2342 ὑπ’
1252 2311 1440 2351 ἀνθρώπων
1451 2310 1597 2351 φιληθέν-

937 2373 976 2391 τα
991 2361 1149 2391 πλεῖστον
1160 2360 1313 2398 ἐποίησεν
1323 2364 1424 2399 (Ποσε
1441 2359 1522 2397 δῶν)
1534 2360 1596 2391 ὑπὸ

936 2412 1001 2440 τῶν
1022 2408 1145 2449 ὸρνέων
1167 2410 1356 2449 μισηθῆναι,
1374 2410 1425 2439 καὶ
1451 2410 1595 2446 πολλοὺς

936 2458 1131 2499 ἀνθρώπους
1169 2457 1353 2489 (ἰποθανεῑν
1389 2458 1597 2494 κωλύσαντα,

937 2507 1110 2543 πλείστους
1139 2507 1289 2545 ἐποίησεν
1320 2507 1422 2538 αὑτὸν
1456 2507 1594 2547 ὀρνίθων

935 2555 1138 2586 α’ποκτεῖναι.

979 2605 1052 2635 346.
1079 2605 1150 2638 ch
1165 2607 1237 2634 dnm
1254 2604 1409 2644 Lucifero,
1428 2605 1506 2644 etta]
1534 2605 1592 2634 Fa-

936 2654 1009 2684 bula
1033 2654 1127 2684 altera
1149 2653 1188 2683 (le
1208 2653 1291 2694 lupo.
1336 2652 1513 2683 Secundum
1536 2653 1592 2683 Ni-

937 2701 1085 2732 vandrum
1103 2701 1185 2743 apud
1202 2701 1319 2732 Anton.
1360 2701 1482 2735 Peleus,
1502 2701 1594 2732 inter-
