1779 3130
318 173 938 216 METAMORPHOSEON
972 175 1091 216 LIB.
1124 174 1261 216 VIII.

1427 177 1481 217 61

99 287 259 350 Inque
278 287 437 350 epulis
453 288 625 351 epulas
646 289 849 350 quaerit:
874 289 1111 351 quodque
1132 289 1337 336 urbibus
1353 305 1480 345 esse,

97 369 346 433 Quodque
374 371 493 417 satis
519 372 705 434 populo
731 378 941 434 poterat,
969 388 1066 418 non
1092 372 1272 419 sufficit
1296 372 1379 418 uni
1401 391 1412 429 ;

97 452 322 515 Plusque
347 453 501 515 cupit,
524 468 624 515 quo
648 453 791 515 plura
815 469 956 500 suam
981 454 1199 500 demittit
1223 453 1272 499 in
1298 454 1478 501 alvum.

99 533 270 596 thue
288 533 467 580 fretum
492 534 670 597 recipit
693 535 755 581 de
780 541 885 581 tota
910 534 1116 582 flumina
1139 542 1284 591 terra,

1386 539 1481 584 835

97 609 206 658 Nec
232 610 438 656 satiatur
463 610 622 673 aquis,
643 610 1033 673 peregrinosque
1058 611 1216 657 ebibit
1242 627 1442 669 amnes;

97 685 269 748 thue
295 701 449 748 rapax
475 685 601 747 ignis
627 702 975 749 nonunquam
1008 687 1245 734 alimenta
1268 695 1481 743 recusat,

96 761 489 824 Innumerasque
514 761 680 808 trabes
699 769 915 819 cremat3
945 769 1011 817 et,
1036 778 1135 825 quo
1156 763 1301 827 copia
1325 765 1483 826 major

98 841 191 889 Est
214 843 345 897 data,
367 842 508 905 plura
532 842 681 905 petit3
711 843 958 906 turbaque
975 845 1197 891 voracior
1221 845 1331 908 ipsa
1355 853 1457 893 est:

99 918 184 965 Sic
208 920 381 982 epulas
407 935 576 965 omnes
604 918 967 967 Erisichthonis
993 936 1079 967 ora
1102 921 1293 984 profani

1387 925 1483 968 840

96 995 382 1059 Accipiunt,
410 1003 724 1059 poscuntque
749 997 921 1044 simul:
952 997 1093 1044 cibus
1112 997 1272 1044 omnis
1294 999 1343 1044 in
1369 998 1451 1045 illo

99 1072 266 1119 Causa
283 1072 382 1119 cibi
404 1079 508 1129 est3
539 1089 837 1136 semperque
855 1073 993 1120 locus
1011 1073 1067 1120 fit
1086 1074 1245 1121 inanis
1265 1074 1484 1122 edendo:

97 1152 312 1217 Jamque
338 1153 467 1201 fame
492 1154 678 1217 patrias
704 1154 892 1218 altique
915 1154 1148 1217 voragine
1173 1155 1373 1211 ventris,

98 1230 401 1278 Attenuarat
423 1247 567 1294 opes;
609 1232 698 1278 sed
724 1231 1037 1279 inattenuata
1059 1232 1298 1279 manebas

1391 1234 1486 1278 844

98 1308 226 1356 Tum
252 1324 468 1372 quoque,
495 1308 603 1356 dira
626 1309 805 1367 fames3
846 1309 1226 1372 implacataeque
1251 1308 1455 1371 vigebat

97 1435 146 1461 tur
166 1441 230 1461 ver.
252 1431 312 1461 841
340 1441 409 1472 sqq.
457 1431 608 1467 Quaerere,
634 1430 756 1461 deside-

96 1489 175 1510 rare.
198 1480 243 1510 Π.
263 1479 387 1510 Amorr.
415 1479 448 1509 ii.
467 1480 520 1510 43.
549 1479 588 1510 de
613 1479 757 1515 Tantalo,

99 1527 215 1562 Quaerit
236 1539 328 1568 aquus
349 1530 381 1558 in
400 1530 496 1568 aquis.
544 1528 686 1568 Quodque
705 1539 758 1558 ur-

98 1577 190 1612 bibus,
205 1582 269 1607 etc.
284 1576 497 1618 prodigialiter
512 1587 577 1607 rem
595 1577 693 1607 auxit.

141 1625 217 1655 834.
236 1625 368 1665 Plusque
383 1627 487 1664 cupit;
506 1625 586 1666 prior
598 1624 758 1661 Gronovii‚

100 1673 232 1713 Plusque
258 1675 336 1709 sitit,
361 1673 445 1714 quod
471 1673 620 1703 Heinsius
647 1684 758 1704 venus-

99 1727 165 1752 tum
185 1721 318 1763 judicat,
343 1731 456 1762 nempe
485 1721 560 1762 quia
585 1723 669 1752 sitire
692 1732 755 1751 om-

98 1771 181 1806 nino,
197 1770 347 1812 cupidum
361 1780 437 1801 esse.
483 1769 573 1800 Idem
585 1781 656 1801 eum
669 1771 758 1800 Grae-

98 1819 190 1850 viano
219 1818 350 1860 aliisque
376 1819 533 1849 nonnullis
557 1821 638 1858 capit
665 1819 759 1849 etiam

100 1879 187 1910 posse
212 1868 273 1909 legi
295 1874 395 1909 putat.
440 1867 534 1908 Regii
557 1868 651 1898 nostri
666 1869 760 1907 cupit.

99 1917 224 1949 Gallim.
246 1929 307 1948 ver.
329 1918 383 1948 69.
411 1915 561 1958 σχέτλιος
588 1916 669 1948 ὅσσα
698 1915 759 1947 πά-

100 1978 203 2000 σαιτο.
220 1966 326 1997 τόσων
342 1966 416 2006 ἔχεν
429 1965 539 2007 ἵμερος
557 1966 658 2003 αὖτις.
698 1967 759 1997 De-

98 2018 216 2045 mittere
249 2014 405 2044 interdum
438 2014 555 2044 librarii
584 2025 638 2055 pro
666 2014 759 2056 longe

99 2063 272 2095 efficaciore
288 2065 456 2104 demergere
478 2068 692 2104 reposuerunt.
708 2073 759 2093 xv.

102 2114 174 2143 105.
197 2112 229 2142 in
255 2112 345 2143 Ibide
369 2122 432 2142 ver.
457 2113 540 2142 387:
566 2111 691 2142 Phaedr.
716 2111 759 2141 iv.

101 2160 165 2191 sab.
179 2173 209 2191 ν.
224 2162 255 2192 9.
279 2162 375 2191 avidis
398 2162 537 2190 dentibus
554 2161 680 2199 Capacis
699 2161 761 2190 alvi

102 2211 201 2240 mersit
217 2217 348 2240 tartareo
362 2221 459 2249 specu.

144 2260 220 2289 835.
236 2257 466 2299 thuefretum‚
478 2258 555 2298 etc.]
571 2256 760 2288 Callimach.

101 2309 153 2340 90.
167 2308 207 2339 τὰ
223 2306 248 2338 δ’
264 2307 295 2345 ἐς
304 2307 410 2347 βυθὸν
422 2306 474 2338 οἰά
486 2306 653 2344 θαλάσσας
667 2305 759 2337 Ἀλε-

100 2356 209 2399 μάτως
244 2356 408 2398 ἀχάριστα
444 2355 616 2398 κατέῤῥεεν
650 2354 760 2386 εἴδατα

104 2405 230 2438 πάντα.
268 2406 368 2436 Paulo
394 2412 477 2442 ante,
506 2404 697 2447 πανήμερος
723 2405 763 2436 εἰ·

101 2456 291 2492 λαπινασὰς
300 2454 411 2486 'Haece
427 2455 526 2496 μυρία
539 2453 662 2485 πάντα·
681 2452 763 2484 κακά

105 2503 129 2535 δ’
144 2503 295 2540 ἐξάλλετο
309 2505 436 2545 γαστὴρ
452 2503 520 2534 Aisa
532 2504 662 2545 μᾶλλον
675 2502 763 2534 ἔδον-

103 2565 145 2584 τι.
184 2553 316 2591 Recipit,
341 2552 416 2594 quia
445 2562 551 2582 omues
581 2562 679 2592 aquas
707 2551 761 2581 ha-

104 2603 179 2633 bent
207 2612 246 2632 ex
283 2601 382 2639 mari;
416 2611 596 2642 quanquam
630 2601 763 2639 recipere

105 2650 200 2682 etiam
220 2661 274 2692 pro
299 2652 444 2689 accipere,
471 2649 554 2690 quod
576 2649 617 2680 iv.
634 2649 709 2678 440.
732 2648 763 2678 in

106 2700 216 2731 eadem
232 2699 435 2730 similitudine
451 2697 572 2739 legitur.
601 2698 698 2737 thue
713 2708 762 2727 ra-

822 1433 988 1470 pax-ipsa
1010 1436 1052 1460 est
1064 1442 1074 1467 ,-
1099 1429 1166 1460 haec
1190 1429 1398 1462 redundantia
1417 1441 1485 1462 ver—

824 1479 933 1509 borum
949 1484 1109 1519 urgentur.
1151 1478 1258 1509 Trabes
1273 1479 1380 1515 malui,
1393 1490 1488 1520 quam

815 1528 916 1568 faces,
941 1527 1017 1568 quia
1045 1525 1110 1567 igni
1141 1531 1204 1557 tam
1229 1527 1336 1568 rapaci
1363 1538 1485 1559 accom-

826 1576 995 1607 modatius.
1050 1576 1152 1607 Recte
1175 1576 1331 1617 judicavit
1354 1577 1394 1608 cl.
1415 1578 1487 1609 Gie-

826 1628 886 1666 rig,
923 1624 1044 1656 etiamsi
1092 1625 1187 1655 nostri
1230 1625 1324 1666 Regii
1371 1626 1489 1657 habent

817 1675 916 1715 faces.

882 1724 957 1753 841.
993 1724 1167 1761 Accipiunt,
1198 1729 1389 1763 poscuntque,
1423 1727 1484 1753 etc.

826 1771 909 1812 quod
933 1782 1022 1802 versu
1045 1771 1119 1802 834.
1145 1769 1327 1811 simpliciter
1350 1770 1484 1806 dixerat,

828 1820 960 1860 Plusque
984 1822 1079 1859 cupit,
1100 1824 1162 1850 etc.
1184 1818 1216 1848 id
1242 1829 1325 1848 nunc
1349 1819 1490 1860 pluribus

826 1868 981 1909 oxymoris
1011 1873 1191 1908 exaggerat.
1235 1866 1331 1908 Apud
1357 1867 1486 1897 Gallim.

830 1918 901 1948 114.
925 1917 1070 1948 absorbet
1097 1916 1207 1956 βαθὺν
1234 1916 1336 1951 οἶκον,
1370 1918 1487 1946 lautam

826 1979 887 1997 rem
902 1968 1105 2008 familiarem.
1152 1965 1276 1996 Deinde
1299 1976 1488 1996 commemo-

826 2022 932 2047 rantur
952 2026 1075 2057 pecora,
1098 2026 1169 2057 quae
1195 2026 1234 2045 ex
1256 2015 1387 2046 stabulis
1402 2025 1489 2046 vora-

828 2065 916 2101 verit,
939 2064 1027 2099 muli,
1047 2064 1132 2105 equi,
1155 2064 1261 2099 boves,
1283 2064 1360 2094 feles
1382 2063 1490 2095 etiarn.

828 2114 895 2145 Am·
925 2116 1057 2150 ventris;
1093 2111 1269 2148 Suetonius,
1299 2112 1408 2142 Vitell.
1441 2113 1491 2142 13.

828 2162 984 2203 prqfunda
1007 2163 1096 2203 gula.
1147 2161 1324 2201 Voraginem
1343 2161 1490 2201 patrimo-

830 2210 874 2240 nii
896 2210 966 2240 Cic.
983 2210 1069 2240 Sext.
1089 2210 1141 2240 52.
1162 2208 1321 2239 hominem
1345 2214 1490 2249 nepotem

830 2259 921 2289 dixit.
960 2258 1084 2289 Similia
1098 2257 1181 2299 apud
1199 2258 1373 2292 Horatium,
1389 2258 1415 2287 l.
1431 2258 1491 2298 Ep.

829 2319 881 2338 xv.
896 2313 974 2338 extr.
996 2307 1035 2338 de
1060 2306 1149 2337 edaci
1173 2306 1309 2348 parasito
1333 2306 1490 2347 leguntur.

831 2356 1046 2391 Inattenuata‚
1067 2365 1127 2385 non
1152 2354 1261 2389 fracta,
1283 2365 1344 2384 non
1367 2354 1492 2385 satiata.

832 2404 915 2435 Usus
941 2410 988 2435 est
1011 2404 1068 2434 hoc
1084 2403 1237 2434 vocabulo
1262 2404 1335 2443 quia
1358 2403 1491 2439 dixerat,

833 2454 1019 2483 Attenudrat
1035 2463 1108 2492 opes.
1155 2451 1338 2491 Implucatae,
1360 2451 1489 2482 insatia-

830 2501 914 2532 bilis.
950 2501 1112 2536 Horatius,
1138 2502 1205 2531 Sat.
1228 2501 1272 2531 11.
1288 2500 1352 2531 viii.
1368 2503 1397 2531 5.
1415 2501 1490 2531 Pla-

829 2553 942 2580 caverit
966 2556 1098 2580 ventrem
1118 2551 1233 2579 iratum
1255 2560 1339 2587 escu;
1363 2549 1493 2586 Statius,

832 2598 912 2629 Ach.
929 2599 982 2628 II:
1014 2598 1055 2627 Ut
1077 2599 1198 2637 placata
1212 2599 1314 2639 firmes
1336 2599 1431 2636 epulis
1450 2599 1492 2628 bis

833 2653 932 2687 terque
956 2648 1074 2686 repostis
1086 2658 1096 2683 ,·
1122 2646 1220 2677 Theb.
1243 2657 1273 2677 x.
1296 2647 1404 2678 Rabies
1423 2647 1490 2685 plu-

833 2702 899 2726 cata
915 2705 1032 2726 cruore.
1069 2694 1164 2730 Infra,
1180 2705 1231 2725 xv.
1244 2696 1297 2725 94.
