1779 3130
372 173 989 214 METAMORPHOSEON
1024 173 1141 213 LIB.
1176 173 1310 214 VIII.
1464 176 1515 215 41

133 284 325 332 Profuit
350 288 599 340 armentis,
628 302 718 333 nec
745 286 886 349 equis
908 287 1158 334 velocibus
1180 303 1318 334 esse:

1417 291 1512 335 554

132 360 294 409 Multa
319 379 519 425 quoque
544 364 623 409 hic
650 371 858 417 torrens,
881 363 1076 408 nivibus
1103 363 1165 409 de
1191 370 1357 411 monte
1383 364 1512 410 solu-

132 436 353 501 Corpora
377 440 604 487 turbineo
623 439 861 501 juvenilia
883 440 1066 486 vortice
1093 440 1280 486 mersit.

1411 441 1511 502 [tis,

129 512 302 561 Tutior
325 523 401 562 est
426 516 638 578 requies,
661 517 805 563 solito
830 517 950 563 dum
975 516 1178 563 flumina
1203 524 1401 563 currant

130 587 324 646 Limite,
352 592 470 638 dum
495 599 671 639 tenues
697 592 862 654 capiat
886 609 1004 639 suus
1031 593 1198 639 alveus
1220 592 1429 639 uiidaS.''

127 665 318 713 Annuit
342 668 571 729 AEgides:
615 674 645 692 “
670 668 913 731 Utarque,
941 669 1179 723 Acheloe,
1208 669 1474 732 domoque,

129 742 452 806 Consilioque
472 745 605 799 tuo,”
630 745 913 808 respondit3
954 753 1006 792 et
1031 762 1148 792 usus
1180 752 1393 807 utroque
1418 752 1509 792 est.

128 817 335 866 Pumice
359 821 639 876 multicavo,
668 837 759 867 nec
781 821 971 867 levibus
997 821 1122 868 atria
1146 821 1312 884 tophis

1416 824 1506 868 561

129 894 334 942 Structa
358 897 517 944 subit:
557 897 692 944 molli
714 897 863 944 tellus
889 903 993 944 erat
1017 896 1222 944 humida
1246 913 1445 953 musco;

129 971 335 1020 Summa
359 973 660 1021 lacunabant
685 975 874 1021 alterno
900 974 1085 1021 murice
1111 975 1331 1021 conchae.

125 1047 340 1111 Jamque
366 1051 488 1097 duas
507 1051 632 1098 lucis
657 1058 824 1114 partes
850 1050 1141 1114 Hyperione
1166 1067 1354 1105 menso,

127 1124 440 1174 Discubuere
463 1128 582 1174 toris
608 1128 833 1175 Theseus
859 1129 1171 1191 comitesque
1197 1129 1452 1174 laborum:

123 1199 231 1248 Hac
258 1202 529 1260 Ixionides,
555 1206 640 1251 illa
664 1205 948 1251 Troezenius
974 1206 1118 1251 heros

166 1334 240 1364 556.
272 1334 419 1366 Turbineo
444 1339 554 1366 vortice
563 1348 572 1373 ,·
597 1337 629 1367 in
654 1338 779 1367 modum

122 1381 254 1412 turbinis
265 1393 296 1413 se
310 1385 465 1416 volvente.
496 1386 586 1415 Solito
601 1388 672 1416 dum
687 1387 780 1416 limite

121 1437 267 1468 currant‚·
284 1432 358 1463 dum
374 1433 455 1464 intra
469 1434 562 1476 ripas,
575 1434 663 1475 aquis
678 1435 778 1465 immi-

121 1481 214 1515 nutis.
230 1492 262 1514 se
278 1482 440 1523 recipiant.

163 1531 237 1562 558.
261 1531 349 1567 Suus,
364 1531 401 1561 iis
425 1543 442 1562 a
464 1537 574 1563 natura
591 1531 777 1572 assignatus.

123 1578 242 1616 Tenuis,
257 1580 380 1621 exigua.

163 1629 235 1659 561.
263 1629 462 1669 Malacam]
498 1629 678 1660 Cumulavit
702 1631 778 1662 Ovi-

120 1676 190 1707 dius
216 1677 248 1708 in
282 1678 339 1708 hac
370 1679 476 1709 fabula
504 1679 657 1710 vocabula
685 1691 777 1712 nova.

120 1726 166 1755 Ex
183 1736 218 1756 eo
233 1737 347 1767 genere
362 1727 455 1768 paulo
471 1732 542 1757 ante
563 1733 629 1758 erat
645 1731 778 1760 turbine-

119 1786 169 1804 us:
192 1775 243 1806 hic
264 1776 415 1807 habemus
436 1778 629 1813 multicavus,
647 1784 678 1808 et
693 1789 776 1815 mox,

120 1825 274 1861 lacuum-e,
298 1825 402 1856 facere
424 1825 572 1856 lacunar:
602 1827 687 1867 quod
710 1838 777 1858 ver-

118 1873 193 1903 bum
217 1873 276 1904 fuit
296 1873 438 1915 ignotum
458 1874 604 1910 librariis,
621 1885 693 1905 nam
715 1885 780 1906 om-

119 1932 174 1952 nes
189 1922 323 1953 Codices
346 1923 462 1953 habeut
483 1924 565 1954 lacus
584 1925 709 1960 nubant,
726 1931 780 1955 aut

117 1972 187 2002 lacu
210 1974 336 2002 nubant.
382 1972 501 2013 Regius
525 1978 626 2002 noster
641 1972 681 2004 A.
698 1975 780 2004 lacus

117 2022 250 2057 nabant;
286 2021 393 2052 Codex
417 2021 456 2056 B,
480 2031 542 2051 uno
565 2022 670 2058 verbo,
696 2023 778 2053 lacu,-

117 2071 242 2100 nabant.
286 2071 442 2105 Lacunar,
457 2068 626 2110 φάτνωμα,
648 2076 777 2108 tectum,

118 2118 150 2148 in
165 2129 227 2160 quo
242 2118 346 2149 caelati
361 2125 449 2149 erant
460 2119 567 2155 loculi,
584 2119 636 2160 qui
652 2119 778 2150 lacuum

117 2167 353 2198 similitudinem
378 2168 547 2204 habebant,
566 2179 642 2210 quos
666 2170 774 2209 laquei,

116 2215 149 2246 id
174 2221 231 2251 est,
253 2217 408 2258 margines
431 2217 647 2248 eminentiores
670 2218 777 2259 cinge-

117 2265 205 2300 bant,
231 2264 312 2295 unde
335 2265 419 2295 idem
442 2271 473 2295 et
498 2266 621 2306 laquear
648 2265 775 2297 (licitur.

117 2314 287 2345 Beatorum
302 2314 427 2355 quidem
441 2314 600 2345 hominum
616 2314 779 2346 lacunaria

118 2368 227 2393 ornata
256 2368 344 2393 erant
371 2363 500 2399 eburno,
532 2374 616 2400 auro,
646 2364 778 2404 gemmis

119 2410 196 2442 adeo
215 2411 376 2452 (videatur
396 2412 594 2449 Plutarchus,
610 2412 777 2454 Apophth.

119 2459 197 2490 Lac.
212 2460 266 2491 xii.
282 2471 312 2491 n.
327 2461 368 2491 94
380 2460 405 2499 3)
428 2460 483 2490 sed
496 2460 582 2491 fluvii
598 2468 779 2492 ornamenta

118 2514 191 2539 sunt
205 2508 332 2539 conchae
352 2515 383 2539 et
402 2507 547 2540 murices.
593 2509 692 2540 Paulo
706 2515 778 2540 ante

118 2568 173 2587 nec
203 2558 326 2596 levibus,
355 2557 482 2599 asperis.
527 2558 576 2588 De
603 2560 719 2597 pumice
748 2564 779 2589 et

121 2607 215 2645 tophis
238 2606 309 2637 vide
333 2606 373 2637 ad
397 2606 444 2636 iii.
463 2607 532 2637 160.
578 2607 615 2637 In
640 2607 779 2648 Cyrenes

119 2654 259 2686 thalamo
289 2654 450 2696 Virgilius,
482 2656 601 2696 Georg.
637 2655 676 2686 iv.
706 2656 778 2685 1374.

120 2705 279 2741 pendentia
294 2706 407 2743 pumice
424 2710 510 2734 recta.

167 2753 266 2782 VOL.
292 2753 351 2782 lv.

1411 1207 1506 1250 566

890 1337 966 1367 564.
984 1336 1090 1367 Metiri
1107 1336 1206 1377 poetis
1219 1341 1265 1366 est
1277 1335 1415 1366 medium
1427 1341 1510 1366 tran-

847 1385 918 1421 sire,
941 1395 1130 1427 percurrere.
1177 1385 1277 1425 Igitur
1304 1385 1356 1415 Sol
1386 1384 1513 1415 metitur

847 1435 974 1470 coelum,
998 1434 1056 1464 hoc
1086 1434 1165 1468 loco,
1193 1434 1301 1469 lucem,
1326 1433 1390 1463 sive
1417 1433 1511 1464 diem.

849 1483 936 1513 Duas
957 1490 1077 1522 partes3
1102 1483 1210 1513 horam
1234 1482 1296 1512 diei
1319 1493 1434 1512 nonam
1455 1482 1510 1513 de-

846 1532 961 1573 signat,
979 1542 1041 1572 qua
1057 1531 1151 1562 etiam
1170 1531 1253 1572 apud
1270 1531 1431 1561 Romanos
1446 1541 1510 1561 coe-

848 1591 895 1611 nae
920 1580 1055 1610 initium.
1103 1580 1295 1610 Discnmbere
1321 1585 1352 1610 et
1379 1581 1450 1610 toris
1480 1586 1511 1610 et

846 1640 934 1668 super
949 1630 1020 1658 toris
1035 1628 1115 1659 (lixit
1130 1627 1295 1669 Virgilius,
1307 1629 1384 1658 AEn.
1399 1628 1421 1658 i.
1435 1629 1509 1663 700,

847 1679 921 1708 708.
966 1678 1127 1713 hionides,
1154 1677 1324 1712 Pirithous,
1345 1687 1409 1707 ver.
1432 1678 1508 1707 403.

850 1727 1018 1757 Troezenz'us
1039 1727 1121 1756 heros
1143 1736 1204 1756 non
1228 1731 1284 1761 est,
1302 1731 1336 1756 ut
1353 1725 1436 1755 Rode
1452 1736 1509 1766 pu-

847 1776 944 1811 tabat,
959 1775 1110 1809 Theseus,
1126 1774 1180 1804 sed
1206 1774 1307 1809 Lelex,
1325 1774 1379 1814 qui
1402 1784 1506 1815 supra,

846 1835 936 1855 versu
950 1825 1024 1855 312.
1041 1823 1198 1863 Narycius
1213 1828 1352 1853 vocatur.
1394 1822 1508 1852 Lenzio

846 1873 968 1904 videtur
995 1883 1014 1903 a
1037 1872 1244 1903 Locrensibus
1274 1872 1426 1902 Troezenas
1451 1872 1508 1901 mi-

844 1922 961 1963 grasse.
1006 1922 1033 1952 E
1056 1931 1146 1952 versu
1174 1921 1236 1951 622
1259 1920 1412 1956 videmus,
1435 1931 1507 1951 eum

839 1971 906 2012 jam
922 1970 995 2001 olim
1009 1969 1123 2000 vixisse
1141 1969 1224 2011 apud
1242 1970 1407 2004 Pittheam,
1418 1969 1507 2000 Troe-

844 2020 1000 2051 zeniorum
1022 2029 1138 2060 regem.
1184 2019 1274 2049 Forte
1294 2018 1424 2054 Troezen,
1440 2018 1506 2048 Pit-

843 2068 910 2099 thei
925 2069 1030 2104 frater,
1046 2069 1135 2110 cujus
1159 2079 1176 2098 e
1198 2067 1264 2098 filia
1280 2067 1394 2097 fEthra
1413 2078 1507 2108 nepos

843 2118 981 2149 Theseus
996 2117 1197 2159 (Pausanias,
1213 2129 1244 2158 p.
1262 2117 1322 2146 182
1345 2116 1431 2157 sqq.)
1449 2116 1506 2146 fuit

844 2168 870 2209 ej
877 2178 911 2198 us
922 2173 1020 2208 pater.
1050 2167 1100 2197 Sic
1112 2166 1233 2197 Thesea
1244 2175 1354 2207 genere
1366 2166 1505 2207 proxime

845 2217 1030 2257 attingebat,
1044 2226 1178 2256 eumque
1194 2214 1400 2246 comitabatur
1417 2213 1502 2244 rede-

845 2272 964 2297 untem.
992 2266 1035 2296 Hi
1051 2272 1112 2296 tres
1124 2265 1156 2295 in
1170 2275 1231 2295 uno
1247 2270 1313 2294 toro
1329 2264 1504 2293 accubuere

844 2316 900 2352 ita,
915 2320 950 2346 ut
969 2315 1107 2346 Theseus
1129 2313 1266 2344 medium
1291 2313 1394 2342 locum
1419 2318 1503 2342 tene-

845 2371 903 2396 ret.
951 2365 1063 2400 Parni,
1079 2375 1133 2405 pro
1156 2365 1235 2403 pari,
1257 2367 1291 2393 ut
1314 2371 1396 2402 saepe
1421 2360 1503 2401 apud

846 2413 1007 2444 Ovidium.
1053 2413 1177 2452 Hospite
1201 2417 1307 2446 tant05
1336 2409 1503 2443 Junianus,

845 2463 954 2501 hospite
979 2469 1072 2497 terno,
1096 2460 1180 2502 quod
1205 2460 1314 2501 probat
1336 2457 1501 2488 Heinsius:

845 2510 926 2541 male
941 2522 947 2547 3
969 2520 1040 2540 narn
1057 2510 1161 2550 plures
1176 2508 1326 2544 aderant3
1352 2512 1384 2536 et
1398 2505 1503 2535 Ache-

845 2560 912 2590 lous
933 2559 1053 2590 Theseo
1077 2557 1196 2599 hospite
1220 2557 1395 2591 laetabatur,
1411 2554 1504 2585 immo

846 2619 899 2650 per
914 2618 1036 2638 omnem
1052 2607 1134 2637 hunc
1151 2606 1253 2637 locum
1267 2604 1381 2636 Thesei
1401 2603 1501 2644 ‹ligni-

847 2664 894 2687 tas
908 2662 1034 2687 eminet.
1487 2662 1490 2663 ’

987 2755 1012 2783 (j
