<?xml version="1.0" encoding="UTF-8"?>
<!DOCTYPE html PUBLIC "-//W3C//DTD XHTML 1.0 Transitional//EN"
    "http://www.w3.org/TR/xhtml1/DTD/xhtml1-transitional.dtd">
<html xmlns="http://www.w3.org/1999/xhtml" xml:lang="en" lang="en">
 <head>
  <title>
</title>
<meta http-equiv="Content-Type" content="text/html;charset=utf-8" />
  <meta name='ocr-system' content='tesseract 3.04.00' />
  <meta name='ocr-capabilities' content='ocr_page ocr_carea ocr_par ocr_line ocrx_word'/>
</head>
<body>
  <div class='ocr_page' id='page_1' title='image "./povidiinasonisop04oviduoft_0188.png"; bbox 0 0 1779 3130; ppageno 0'>
   <div class='ocr_carea' id='block_1_1' title="bbox 257 169 1249 213">
    <p class='ocr_par' dir='ltr' id='par_1_1' title="bbox 257 169 1249 213">
     <span class='ocr_line' id='line_1_1' title="bbox 257 169 1249 213; baseline 0 -2"><span class='ocrx_word' id='word_1_1' title='bbox 257 172 341 213; x_wconf 80' lang='lat'>176</span> <span class='ocrx_word' id='word_1_2' title='bbox 640 170 690 211; x_wconf 90' lang='grc' dir='ltr'>Ρ.</span> <span class='ocrx_word' id='word_1_3' title='bbox 725 169 938 211; x_wconf 89' lang='lat' dir='ltr'>OVIDII</span> <span class='ocrx_word' id='word_1_4' title='bbox 971 169 1249 212; x_wconf 92' lang='lat' dir='ltr'><strong>NASONIS</strong></span> 
     </span>
    </p>
   </div>
   <div class='ocr_carea' id='block_1_2' title="bbox 255 283 1638 726">
    <p class='ocr_par' dir='ltr' id='par_1_2' title="bbox 255 283 1638 726">
     <span class='ocr_line' id='line_1_2' title="bbox 259 283 1635 347; baseline -0.002 -15"><span class='ocrx_word' id='word_1_5' title='bbox 259 285 459 347; x_wconf 80' lang='lat' dir='ltr'>Datque</span> <span class='ocrx_word' id='word_1_6' title='bbox 490 291 653 330; x_wconf 88' lang='lat' dir='ltr'>torum</span> <span class='ocrx_word' id='word_1_7' title='bbox 687 299 894 346; x_wconf 81' lang='lat' dir='ltr'>cespes:</span> <span class='ocrx_word' id='word_1_8' title='bbox 937 284 1057 330; x_wconf 90' lang='lat' dir='ltr'>libet</span> <span class='ocrx_word' id='word_1_9' title='bbox 1094 285 1185 331; x_wconf 91' lang='lat' dir='ltr'>hac</span> <span class='ocrx_word' id='word_1_10' title='bbox 1225 283 1537 346; x_wconf 85' lang='lat' dir='ltr'>requiescere</span> <span class='ocrx_word' id='word_1_11' title='bbox 1564 289 1635 329; x_wconf 89' lang='lat' dir='ltr'>te-</span> 
     </span>
     <span class='ocr_line' id='line_1_3' title="bbox 454 359 1637 416; baseline -0.002 -10"><span class='ocrx_word' id='word_1_12' title='bbox 454 359 615 416; x_wconf 82' lang='lat' dir='ltr'>cum,’&#39;</span> <span class='ocrx_word' id='word_1_13' title='bbox 1543 361 1637 404; x_wconf 88' lang='grc'>556</span> 
     </span>
     <span class='ocr_line' id='line_1_4' title="bbox 255 434 1638 499; baseline -0.003 -16"><span class='ocrx_word' id='word_1_14' title='bbox 255 436 345 499; x_wconf 81' lang='lat' dir='ltr'>(Et</span> <span class='ocrx_word' id='word_1_15' title='bbox 369 435 652 498; x_wconf 80' lang='lat' dir='ltr'>requievit,)</span> <span class='ocrx_word' id='word_1_16' title='bbox 679 441 709 458; x_wconf 90' lang='lat'>“</span> <span class='ocrx_word' id='word_1_17' title='bbox 731 434 939 480; x_wconf 77' lang='lat' dir='ltr'>humo:”</span> <span class='ocrx_word' id='word_1_18' title='bbox 960 435 1242 496; x_wconf 81' lang='lat' dir='ltr'>pressitque</span> <span class='ocrx_word' id='word_1_19' title='bbox 1269 441 1318 481; x_wconf 92' lang='lat' dir='ltr'>et</span> <span class='ocrx_word' id='word_1_20' title='bbox 1343 450 1560 496; x_wconf 83' lang='lat' dir='ltr'>gramen,</span> <span class='ocrx_word' id='word_1_21' title='bbox 1589 439 1638 479; x_wconf 88' lang='lat' dir='ltr'>et</span> 
     </span>
     <span class='ocr_line' id='line_1_5' title="bbox 255 510 1633 576; baseline -0.003 -16"><span class='ocrx_word' id='word_1_22' title='bbox 255 513 415 576; x_wconf 86' lang='lat' dir='ltr'>Inque</span> <span class='ocrx_word' id='word_1_23' title='bbox 437 514 546 560; x_wconf 91' lang='lat' dir='ltr'>sinu</span> <span class='ocrx_word' id='word_1_24' title='bbox 560 512 772 575; x_wconf 88' lang='lat' dir='ltr'>juvenis,</span> <span class='ocrx_word' id='word_1_25' title='bbox 790 511 954 573; x_wconf 86' lang='lat' dir='ltr'>posita</span> <span class='ocrx_word' id='word_1_26' title='bbox 969 510 1175 565; x_wconf 90' lang='lat' dir='ltr'>cervice,</span> <span class='ocrx_word' id='word_1_27' title='bbox 1194 510 1391 557; x_wconf 87' lang='lat' dir='ltr'>reclinis</span> <span class='ocrx_word' id='word_1_28' title='bbox 1419 511 1603 573; x_wconf 88' lang='lat' dir='ltr'>[ipsum</span> <span class='ocrx_word' id='word_1_29' title='bbox 1623 527 1633 565; x_wconf 92' lang='grc'>;</span> 
     </span>
     <span class='ocr_line' id='line_1_6' title="bbox 256 587 1443 646; baseline -0.003 -10"><span class='ocrx_word' id='word_1_30' title='bbox 256 589 339 636; x_wconf 85' lang='lat' dir='ltr'>Sic</span> <span class='ocrx_word' id='word_1_31' title='bbox 366 590 461 646; x_wconf 85' lang='lat' dir='ltr'>ait3</span> <span class='ocrx_word' id='word_1_32' title='bbox 503 606 559 636; x_wconf 88' lang='lat' dir='ltr'>ac</span> <span class='ocrx_word' id='word_1_33' title='bbox 585 588 761 635; x_wconf 90' lang='lat' dir='ltr'>mediis</span> <span class='ocrx_word' id='word_1_34' title='bbox 787 588 1035 635; x_wconf 84' lang='lat' dir='ltr'>interserit</span> <span class='ocrx_word' id='word_1_35' title='bbox 1059 587 1230 634; x_wconf 90' lang='lat' dir='ltr'>oscula</span> <span class='ocrx_word' id='word_1_36' title='bbox 1252 587 1443 633; x_wconf 84' lang='lat' dir='ltr'>verbis:</span> 
     </span>
     <span class='ocr_line' id='line_1_7' title="bbox 319 663 1510 726; baseline -0.003 -15"><span class='ocrx_word' id='word_1_37' title='bbox 319 665 547 711; x_wconf 82' lang='lat' dir='ltr'>Forsitan</span> <span class='ocrx_word' id='word_1_38' title='bbox 566 663 778 710; x_wconf 81' lang='lat' dir='ltr'>audieris</span> <span class='ocrx_word' id='word_1_39' title='bbox 805 663 1021 726; x_wconf 80' lang='lat' dir='ltr'>aliquam</span> <span class='ocrx_word' id='word_1_40' title='bbox 1047 663 1317 710; x_wconf 80' lang='lat' dir='ltr'>certamine</span> <span class='ocrx_word' id='word_1_41' title='bbox 1337 679 1510 709; x_wconf 87' lang='lat' dir='ltr'>cursus</span> 
     </span>
    </p>
   </div>
   <div class='ocr_carea' id='block_1_3' title="bbox 257 739 934 803">
    <p class='ocr_par' dir='ltr' id='par_1_3' title="bbox 257 739 934 803">
     <span class='ocr_line' id='line_1_8' title="bbox 257 739 934 803; baseline 0 -16"><span class='ocrx_word' id='word_1_42' title='bbox 257 742 464 788; x_wconf 90' lang='lat' dir='ltr'>Veloces</span> <span class='ocrx_word' id='word_1_43' title='bbox 490 741 755 803; x_wconf 70' lang='lat' dir='ltr'>superasse</span> <span class='ocrx_word' id='word_1_44' title='bbox 779 739 934 787; x_wconf 85' lang='lat' dir='ltr'>viros:</span> 
     </span>
    </p>
   </div>
   <div class='ocr_carea' id='block_1_4' title="bbox 975 739 1630 786">
    <p class='ocr_par' dir='ltr' id='par_1_4' title="bbox 975 739 1630 786">
     <span class='ocr_line' id='line_1_9' title="bbox 975 739 1630 786; baseline -0.003 0"><span class='ocrx_word' id='word_1_45' title='bbox 975 756 1071 786; x_wconf 91' lang='lat' dir='ltr'>non</span> <span class='ocrx_word' id='word_1_46' title='bbox 1097 739 1262 785; x_wconf 87' lang='lat' dir='ltr'>fabula</span> <span class='ocrx_word' id='word_1_47' title='bbox 1286 755 1450 785; x_wconf 87' lang='lat' dir='ltr'>rumor</span> <span class='ocrx_word' id='word_1_48' title='bbox 1540 741 1630 784; x_wconf 87' lang='grc'>561</span> 
     </span>
    </p>
   </div>
   <div class='ocr_carea' id='block_1_5' title="bbox 253 816 1576 956">
    <p class='ocr_par' dir='ltr' id='par_1_5' title="bbox 253 816 1576 956">
     <span class='ocr_line' id='line_1_10' title="bbox 253 816 1513 878; baseline -0.001 -16"><span class='ocrx_word' id='word_1_49' title='bbox 253 817 345 864; x_wconf 91' lang='lat' dir='ltr'>Ille</span> <span class='ocrx_word' id='word_1_50' title='bbox 365 817 483 873; x_wconf 90' lang='lat' dir='ltr'>fuit;</span> <span class='ocrx_word' id='word_1_51' title='bbox 526 817 794 878; x_wconf 86' lang='lat' dir='ltr'>superabat</span> <span class='ocrx_word' id='word_1_52' title='bbox 818 816 948 862; x_wconf 86' lang='lat' dir='ltr'>enim</span> <span class='ocrx_word' id='word_1_53' title='bbox 970 833 979 862; x_wconf 92' lang='lat'><strong>:</strong></span> <span class='ocrx_word' id='word_1_54' title='bbox 1020 831 1111 862; x_wconf 91' lang='lat' dir='ltr'>nec</span> <span class='ocrx_word' id='word_1_55' title='bbox 1133 816 1298 863; x_wconf 83' lang='lat' dir='ltr'>dicere</span> <span class='ocrx_word' id='word_1_56' title='bbox 1323 832 1513 878; x_wconf 85' lang='lat' dir='ltr'>posses,</span> 
     </span>
     <span class='ocr_line' id='line_1_11' title="bbox 255 891 1576 956; baseline -0.002 -17"><span class='ocrx_word' id='word_1_57' title='bbox 255 892 423 940; x_wconf 90' lang='lat' dir='ltr'>Laude</span> <span class='ocrx_word' id='word_1_58' title='bbox 448 893 649 956; x_wconf 88' lang='lat' dir='ltr'>pedum,</span> <span class='ocrx_word' id='word_1_59' title='bbox 677 891 908 938; x_wconf 72' lang='lat' dir='ltr'>formaene</span> <span class='ocrx_word' id='word_1_60' title='bbox 935 892 1063 937; x_wconf 91' lang='lat' dir='ltr'>bono</span> <span class='ocrx_word' id='word_1_61' title='bbox 1089 892 1401 954; x_wconf 82' lang='lat' dir='ltr'>praestantior</span> <span class='ocrx_word' id='word_1_62' title='bbox 1426 898 1576 938; x_wconf 88' lang='lat' dir='ltr'>esset.</span> 
     </span>
    </p>
   </div>
   <div class='ocr_carea' id='block_1_6' title="bbox 241 1095 909 2741">
    <p class='ocr_par' dir='ltr' id='par_1_6' title="bbox 242 1095 909 2097">
     <span class='ocr_line' id='line_1_12' title="bbox 248 1095 909 1136; baseline -0.002 -11"><span class='ocrx_word' id='word_1_63' title='bbox 248 1100 369 1134; x_wconf 83' lang='lat' dir='ltr'>gauter,</span> <span class='ocrx_word' id='word_1_64' title='bbox 395 1095 475 1125; x_wconf 88' lang='lat' dir='ltr'>sedit</span> <span class='ocrx_word' id='word_1_65' title='bbox 512 1095 544 1124; x_wconf 90' lang='lat' dir='ltr'>in</span> <span class='ocrx_word' id='word_1_66' title='bbox 580 1095 719 1136; x_wconf 84' lang='lat' dir='ltr'>gramine</span> <span class='ocrx_word' id='word_1_67' title='bbox 755 1100 786 1125; x_wconf 88' lang='lat' dir='ltr'>et</span> <span class='ocrx_word' id='word_1_68' title='bbox 818 1095 909 1136; x_wconf 84' lang='lat' dir='ltr'>juxta</span> 
     </span>
     <span class='ocr_line' id='line_1_13' title="bbox 250 1142 908 1184; baseline 0.002 -12"><span class='ocrx_word' id='word_1_69' title='bbox 250 1143 437 1179; x_wconf 88' lang='lat' dir='ltr'>Adonidem,</span> <span class='ocrx_word' id='word_1_70' title='bbox 468 1149 502 1174; x_wconf 88' lang='lat' dir='ltr'>ut</span> <span class='ocrx_word' id='word_1_71' title='bbox 534 1142 636 1184; x_wconf 86' lang='lat' dir='ltr'>ipsum</span> <span class='ocrx_word' id='word_1_72' title='bbox 674 1143 850 1184; x_wconf 78' lang='lat' dir='ltr'>attingeret,</span> <span class='ocrx_word' id='word_1_73' title='bbox 874 1150 908 1173; x_wconf 88' lang='lat' dir='ltr'>ut</span> 
     </span>
     <span class='ocr_line' id='line_1_14' title="bbox 249 1191 906 1222; baseline 0.002 -1"><span class='ocrx_word' id='word_1_74' title='bbox 249 1191 348 1221; x_wconf 83' lang='lat' dir='ltr'>solent</span> <span class='ocrx_word' id='word_1_75' title='bbox 364 1198 514 1222; x_wconf 84' lang='lat' dir='ltr'>amantes.</span> <span class='ocrx_word' id='word_1_76' title='bbox 546 1191 675 1222; x_wconf 88' lang='lat' dir='ltr'>Heroid.</span> <span class='ocrx_word' id='word_1_77' title='bbox 694 1192 735 1222; x_wconf 87' lang='lat' dir='ltr'>iv.</span> <span class='ocrx_word' id='word_1_78' title='bbox 747 1193 799 1222; x_wconf 87' lang='lat'>97.</span> <span class='ocrx_word' id='word_1_79' title='bbox 814 1192 906 1222; x_wconf 82' lang='lat' dir='ltr'><strong>Phae-</strong></span> 
     </span>
     <span class='ocr_line' id='line_1_15' title="bbox 248 1239 907 1281; baseline 0.002 -12"><span class='ocrx_word' id='word_1_80' title='bbox 248 1239 304 1269; x_wconf 86' lang='lat' dir='ltr'>dra</span> <span class='ocrx_word' id='word_1_81' title='bbox 328 1239 533 1280; x_wconf 76' lang='lat' dir='ltr'>Hippolytum</span> <span class='ocrx_word' id='word_1_82' title='bbox 559 1239 616 1270; x_wconf 84' lang='lat' dir='ltr'>hoc</span> <span class='ocrx_word' id='word_1_83' title='bbox 641 1240 706 1281; x_wconf 92' lang='lat' dir='ltr'>ipso</span> <span class='ocrx_word' id='word_1_84' title='bbox 723 1240 853 1270; x_wconf 63' lang='lat' dir='ltr'>Veneris</span> <span class='ocrx_word' id='word_1_85' title='bbox 876 1246 907 1270; x_wconf 86' lang='lat' dir='ltr'>et</span> 
     </span>
     <span class='ocr_line' id='line_1_16' title="bbox 247 1288 904 1330; baseline 0.002 -12"><span class='ocrx_word' id='word_1_86' title='bbox 247 1288 401 1318; x_wconf 87' lang='lat' dir='ltr'>Adonidis</span> <span class='ocrx_word' id='word_1_87' title='bbox 422 1288 564 1330; x_wconf 78' lang='lat' dir='ltr'>exemplo</span> <span class='ocrx_word' id='word_1_88' title='bbox 580 1289 771 1324; x_wconf 81' lang='lat' dir='ltr'>adhortatur,</span> <span class='ocrx_word' id='word_1_89' title='bbox 786 1295 819 1319; x_wconf 86' lang='lat' dir='ltr'>ut</span> <span class='ocrx_word' id='word_1_90' title='bbox 837 1289 904 1330; x_wconf 88' lang='lat' dir='ltr'>qui-</span> 
     </span>
     <span class='ocr_line' id='line_1_17' title="bbox 246 1338 906 1378; baseline 0 -10"><span class='ocrx_word' id='word_1_91' title='bbox 246 1344 333 1368; x_wconf 86' lang='lat' dir='ltr'>escat</span> <span class='ocrx_word' id='word_1_92' title='bbox 347 1338 479 1368; x_wconf 84' lang='lat' dir='ltr'>subinde</span> <span class='ocrx_word' id='word_1_93' title='bbox 496 1349 515 1368; x_wconf 89' lang='lat' dir='ltr'>a</span> <span class='ocrx_word' id='word_1_94' title='bbox 529 1345 660 1369; x_wconf 88' lang='lat' dir='ltr'>venatu:</span> <span class='ocrx_word' id='word_1_95' title='bbox 687 1339 767 1378; x_wconf 76' lang='lat' dir='ltr'>Soepe</span> <span class='ocrx_word' id='word_1_96' title='bbox 782 1339 834 1368; x_wconf 82' lang='lat' dir='ltr'>sub</span> <span class='ocrx_word' id='word_1_97' title='bbox 856 1341 906 1368; x_wconf 85' lang='lat' dir='ltr'>ili-</span> 
     </span>
     <span class='ocr_line' id='line_1_18' title="bbox 247 1387 903 1427; baseline 0 -10"><span class='ocrx_word' id='word_1_98' title='bbox 247 1388 328 1417; x_wconf 81' lang='lat' dir='ltr'>cibus</span> <span class='ocrx_word' id='word_1_99' title='bbox 346 1387 484 1417; x_wconf 66' lang='lat' dir='ltr'>Venerem</span> <span class='ocrx_word' id='word_1_100' title='bbox 497 1388 668 1427; x_wconf 72' lang='lat' dir='ltr'>Cinyraque</span> <span class='ocrx_word' id='word_1_101' title='bbox 684 1394 817 1418; x_wconf 76' lang='lat' dir='ltr'>creatum</span> <span class='ocrx_word' id='word_1_102' title='bbox 834 1387 903 1417; x_wconf 74' lang='lat' dir='ltr'>Sus-</span> 
     </span>
     <span class='ocr_line' id='line_1_19' title="bbox 246 1437 903 1476; baseline 0.002 -11"><span class='ocrx_word' id='word_1_103' title='bbox 246 1437 339 1466; x_wconf 80' lang='lat' dir='ltr'>tinuit</span> <span class='ocrx_word' id='word_1_104' title='bbox 354 1439 458 1476; x_wconf 78' lang='lat' dir='ltr'>positos</span> <span class='ocrx_word' id='word_1_105' title='bbox 470 1437 603 1476; x_wconf 61' lang='lat' dir='ltr'>qualibet</span> <span class='ocrx_word' id='word_1_106' title='bbox 619 1437 706 1466; x_wconf 82' lang='lat' dir='ltr'>herba</span> <span class='ocrx_word' id='word_1_107' title='bbox 722 1438 806 1466; x_wconf 68' lang='lat' dir='ltr'>dnos.</span> <span class='ocrx_word' id='word_1_108' title='bbox 843 1437 903 1466; x_wconf 90' lang='lat' dir='ltr'>Re-</span> 
     </span>
     <span class='ocr_line' id='line_1_20' title="bbox 246 1484 906 1526; baseline 0 -11"><span class='ocrx_word' id='word_1_109' title='bbox 246 1487 360 1515; x_wconf 77' lang='lat' dir='ltr'>nidens.</span> <span class='ocrx_word' id='word_1_110' title='bbox 398 1485 483 1515; x_wconf 84' lang='lat' dir='ltr'>Nota</span> <span class='ocrx_word' id='word_1_111' title='bbox 513 1491 560 1515; x_wconf 85' lang='lat' dir='ltr'>est</span> <span class='ocrx_word' id='word_1_112' title='bbox 588 1486 697 1515; x_wconf 77' lang='lat' dir='ltr'>Venus</span> <span class='ocrx_word' id='word_1_113' title='bbox 722 1484 906 1526; x_wconf 80' lang='grc' dir='ltr'>φιλομείδης</span> 
     </span>
     <span class='ocr_line' id='line_1_21' title="bbox 246 1532 905 1574; baseline 0.002 -12"><span class='ocrx_word' id='word_1_114' title='bbox 246 1533 386 1569; x_wconf 85' lang='lat' dir='ltr'>Homeri,</span> <span class='ocrx_word' id='word_1_115' title='bbox 421 1539 453 1563; x_wconf 84' lang='lat' dir='ltr'>et</span> <span class='ocrx_word' id='word_1_116' title='bbox 484 1532 544 1571; x_wconf 76' lang='grc' dir='ltr'>ἡδύ</span> <span class='ocrx_word' id='word_1_117' title='bbox 577 1532 797 1574; x_wconf 76' lang='grc' dir='ltr'>γελοιήσασα;</span> <span class='ocrx_word' id='word_1_118' title='bbox 835 1533 905 1564; x_wconf 86' lang='lat' dir='ltr'>vide</span> 
     </span>
     <span class='ocr_line' id='line_1_22' title="bbox 244 1581 904 1623; baseline 0.003 -12"><span class='ocrx_word' id='word_1_119' title='bbox 244 1581 409 1612; x_wconf 89' lang='lat' dir='ltr'>Heinsium</span> <span class='ocrx_word' id='word_1_120' title='bbox 434 1582 487 1623; x_wconf 91' lang='lat' dir='ltr'>qui</span> <span class='ocrx_word' id='word_1_121' title='bbox 508 1584 646 1613; x_wconf 79' lang='lat' dir='ltr'>renidens</span> <span class='ocrx_word' id='word_1_122' title='bbox 669 1593 706 1613; x_wconf 84' lang='lat' dir='ltr'>ex</span> <span class='ocrx_word' id='word_1_123' title='bbox 726 1583 904 1613; x_wconf 83' lang='lat' dir='ltr'>Florentino</span> 
     </span>
     <span class='ocr_line' id='line_1_23' title="bbox 244 1630 902 1672; baseline 0.002 -12"><span class='ocrx_word' id='word_1_124' title='bbox 244 1631 275 1660; x_wconf 92' lang='lat' dir='ltr'>S.</span> <span class='ocrx_word' id='word_1_125' title='bbox 305 1630 407 1661; x_wconf 85' lang='lat' dir='ltr'>Marci</span> <span class='ocrx_word' id='word_1_126' title='bbox 434 1631 561 1672; x_wconf 90' lang='lat' dir='ltr'>recepit,</span> <span class='ocrx_word' id='word_1_127' title='bbox 590 1642 686 1672; x_wconf 88' lang='lat' dir='ltr'>quum</span> <span class='ocrx_word' id='word_1_128' title='bbox 715 1631 819 1661; x_wconf 77' lang='lat' dir='ltr'>caeteri</span> <span class='ocrx_word' id='word_1_129' title='bbox 847 1631 902 1662; x_wconf 84' lang='lat' dir='ltr'>ha-</span> 
     </span>
     <span class='ocr_line' id='line_1_24' title="bbox 243 1679 903 1721; baseline 0.002 -13"><span class='ocrx_word' id='word_1_130' title='bbox 243 1679 339 1709; x_wconf 86' lang='lat' dir='ltr'>beant</span> <span class='ocrx_word' id='word_1_131' title='bbox 361 1679 409 1709; x_wconf 90' lang='lat' dir='ltr'>vel</span> <span class='ocrx_word' id='word_1_132' title='bbox 438 1681 556 1710; x_wconf 73' lang='lat' dir='ltr'>reclivis</span> <span class='ocrx_word' id='word_1_133' title='bbox 583 1679 633 1710; x_wconf 83' lang='lat' dir='ltr'>vel</span> <span class='ocrx_word' id='word_1_134' title='bbox 662 1681 794 1715; x_wconf 79' lang='lat' dir='ltr'>reclinis,</span> <span class='ocrx_word' id='word_1_135' title='bbox 820 1679 903 1721; x_wconf 83' lang='lat' dir='ltr'>quod</span> 
     </span>
     <span class='ocr_line' id='line_1_25' title="bbox 243 1728 902 1768; baseline 0.003 -11"><span class='ocrx_word' id='word_1_136' title='bbox 243 1733 363 1768; x_wconf 80' lang='lat' dir='ltr'>gratam</span> <span class='ocrx_word' id='word_1_137' title='bbox 387 1728 460 1758; x_wconf 86' lang='lat' dir='ltr'>satis</span> <span class='ocrx_word' id='word_1_138' title='bbox 487 1728 655 1768; x_wconf 82' lang='lat' dir='ltr'>imaginem</span> <span class='ocrx_word' id='word_1_139' title='bbox 682 1728 829 1758; x_wconf 87' lang='lat' dir='ltr'>exhibet:</span> <span class='ocrx_word' id='word_1_140' title='bbox 856 1740 902 1759; x_wconf 82' lang='lat' dir='ltr'>re-</span> 
     </span>
     <span class='ocr_line' id='line_1_26' title="bbox 242 1776 902 1818; baseline 0.003 -13"><span class='ocrx_word' id='word_1_141' title='bbox 242 1777 340 1811; x_wconf 83' lang='lat' dir='ltr'>clinis,</span> <span class='ocrx_word' id='word_1_142' title='bbox 352 1776 405 1817; x_wconf 88' lang='lat' dir='ltr'>qui</span> <span class='ocrx_word' id='word_1_143' title='bbox 419 1782 505 1817; x_wconf 82' lang='lat' dir='ltr'>tergo</span> <span class='ocrx_word' id='word_1_144' title='bbox 521 1787 552 1807; x_wconf 92' lang='lat' dir='ltr'>se</span> <span class='ocrx_word' id='word_1_145' title='bbox 569 1776 700 1806; x_wconf 90' lang='lat' dir='ltr'>inclinat</span> <span class='ocrx_word' id='word_1_146' title='bbox 711 1776 750 1807; x_wconf 92' lang='lat' dir='ltr'>ad</span> <span class='ocrx_word' id='word_1_147' title='bbox 762 1777 880 1818; x_wconf 88' lang='lat' dir='ltr'>aliquid</span> <span class='ocrx_word' id='word_1_148' title='bbox 895 1789 902 1815; x_wconf 83' lang='lat'><em>3</em></span> 
     </span>
     <span class='ocr_line' id='line_1_27' title="bbox 244 1824 900 1866; baseline 0 -11"><span class='ocrx_word' id='word_1_149' title='bbox 244 1824 314 1855; x_wconf 82' lang='lat' dir='ltr'>vide</span> <span class='ocrx_word' id='word_1_150' title='bbox 345 1825 534 1866; x_wconf 86' lang='lat' dir='ltr'>Interpretes</span> <span class='ocrx_word' id='word_1_151' title='bbox 561 1825 601 1855; x_wconf 80' lang='lat' dir='ltr'>ad</span> <span class='ocrx_word' id='word_1_152' title='bbox 630 1825 750 1860; x_wconf 82' lang='lat' dir='ltr'>Silium,</span> <span class='ocrx_word' id='word_1_153' title='bbox 773 1836 804 1855; x_wconf 87' lang='grc' dir='ltr'>ν.</span> <span class='ocrx_word' id='word_1_154' title='bbox 829 1827 900 1856; x_wconf 86' lang='grc'><strong>470.</strong></span> 
     </span>
     <span class='ocr_line' id='line_1_28' title="bbox 243 1872 900 1914; baseline 0.003 -12"><span class='ocrx_word' id='word_1_155' title='bbox 243 1872 294 1903; x_wconf 74' lang='lat' dir='ltr'>Sic</span> <span class='ocrx_word' id='word_1_156' title='bbox 314 1883 348 1903; x_wconf 89' lang='lat' dir='ltr'>os</span> <span class='ocrx_word' id='word_1_157' title='bbox 368 1873 531 1909; x_wconf 87' lang='lat' dir='ltr'>Adonidis,</span> <span class='ocrx_word' id='word_1_158' title='bbox 548 1884 683 1914; x_wconf 88' lang='lat' dir='ltr'>quocum</span> <span class='ocrx_word' id='word_1_159' title='bbox 704 1873 900 1914; x_wconf 81' lang='lat' dir='ltr'>loquebatur,</span> 
     </span>
     <span class='ocr_line' id='line_1_29' title="bbox 246 1921 901 1962; baseline 0.003 -11"><span class='ocrx_word' id='word_1_160' title='bbox 246 1921 359 1951; x_wconf 87' lang='lat' dir='ltr'>intueri</span> <span class='ocrx_word' id='word_1_161' title='bbox 388 1922 489 1962; x_wconf 85' lang='lat' dir='ltr'>potuit</span> <span class='ocrx_word' id='word_1_162' title='bbox 519 1921 643 1952; x_wconf 86' lang='lat' dir='ltr'>reclinis</span> <span class='ocrx_word' id='word_1_163' title='bbox 665 1922 786 1952; x_wconf 69' lang='lat' dir='ltr'>Venus.</span> <span class='ocrx_word' id='word_1_164' title='bbox 834 1923 901 1954; x_wconf 89' lang='lat' dir='ltr'>Hoc</span> 
     </span>
     <span class='ocr_line' id='line_1_30' title="bbox 244 1968 899 2012; baseline 0.003 -13"><span class='ocrx_word' id='word_1_165' title='bbox 244 1968 338 2009; x_wconf 85' lang='lat' dir='ltr'>igitur</span> <span class='ocrx_word' id='word_1_166' title='bbox 369 1969 525 2000; x_wconf 86' lang='lat' dir='ltr'>revocavi.</span> <span class='ocrx_word' id='word_1_167' title='bbox 572 1971 679 2001; x_wconf 86' lang='lat' dir='ltr'>Venus</span> <span class='ocrx_word' id='word_1_168' title='bbox 700 1972 824 2002; x_wconf 68' lang='lat' dir='ltr'>acclinis</span> <span class='ocrx_word' id='word_1_169' title='bbox 839 1973 899 2012; x_wconf 85' lang='lat' dir='ltr'>flo-</span> 
     </span>
     <span class='ocr_line' id='line_1_31' title="bbox 243 2019 899 2060; baseline 0.006 -13"><span class='ocrx_word' id='word_1_170' title='bbox 243 2029 312 2047; x_wconf 74' lang='lat' dir='ltr'>rum</span> <span class='ocrx_word' id='word_1_171' title='bbox 340 2019 460 2048; x_wconf 78' lang='lat' dir='ltr'>cumulo</span> <span class='ocrx_word' id='word_1_172' title='bbox 488 2024 535 2049; x_wconf 86' lang='lat' dir='ltr'>est</span> <span class='ocrx_word' id='word_1_173' title='bbox 565 2019 647 2060; x_wconf 89' lang='lat' dir='ltr'>apud</span> <span class='ocrx_word' id='word_1_174' title='bbox 678 2019 899 2056; x_wconf 85' lang='lat' dir='ltr'>Claudianum,</span> 
     </span>
     <span class='ocr_line' id='line_1_32' title="bbox 245 2066 376 2097; baseline 0.008 -1"><span class='ocrx_word' id='word_1_175' title='bbox 245 2066 329 2097; x_wconf 82' lang='lat' dir='ltr'>xxxi.</span> <span class='ocrx_word' id='word_1_176' title='bbox 346 2068 376 2097; x_wconf 88' lang='lat'>4.</span> 
     </span>
    </p>

    <p class='ocr_par' dir='ltr' id='par_1_7' title="bbox 241 2116 900 2741">
     <span class='ocr_line' id='line_1_33' title="bbox 287 2116 900 2148; baseline 0.005 -3"><span class='ocrx_word' id='word_1_177' title='bbox 287 2116 470 2146; x_wconf 84' lang='lat'>560—707.</span> <span class='ocrx_word' id='word_1_178' title='bbox 496 2117 657 2147; x_wconf 66' lang='lat' dir='ltr'>Atalantes</span> <span class='ocrx_word' id='word_1_179' title='bbox 686 2117 763 2147; x_wconf 86' lang='lat' dir='ltr'>duas</span> <span class='ocrx_word' id='word_1_180' title='bbox 792 2117 900 2148; x_wconf 88' lang='lat' dir='ltr'>habuit</span> 
     </span>
     <span class='ocr_line' id='line_1_34' title="bbox 244 2164 898 2205; baseline 0.003 -10"><span class='ocrx_word' id='word_1_181' title='bbox 244 2165 434 2205; x_wconf 84' lang='lat' dir='ltr'>antiquitas:</span> <span class='ocrx_word' id='word_1_182' title='bbox 459 2164 531 2195; x_wconf 76' lang='lat' dir='ltr'>vide</span> <span class='ocrx_word' id='word_1_183' title='bbox 547 2165 587 2195; x_wconf 88' lang='lat' dir='ltr'>ad</span> <span class='ocrx_word' id='word_1_184' title='bbox 604 2166 668 2195; x_wconf 80' lang='lat' dir='ltr'>viii.</span> <span class='ocrx_word' id='word_1_185' title='bbox 685 2167 760 2196; x_wconf 88' lang='lat'><strong>317.</strong></span> <span class='ocrx_word' id='word_1_186' title='bbox 806 2167 898 2197; x_wconf 73' lang='lat' dir='ltr'>Nunc</span> 
     </span>
     <span class='ocr_line' id='line_1_35' title="bbox 243 2213 900 2254; baseline 0.005 -11"><span class='ocrx_word' id='word_1_187' title='bbox 243 2213 447 2254; x_wconf 82' lang='lat' dir='ltr'>intelligenda</span> <span class='ocrx_word' id='word_1_188' title='bbox 477 2214 632 2250; x_wconf 82' lang='lat' dir='ltr'>Boeotica,</span> <span class='ocrx_word' id='word_1_189' title='bbox 659 2215 804 2246; x_wconf 85' lang='lat' dir='ltr'>Schoenei</span> <span class='ocrx_word' id='word_1_190' title='bbox 837 2216 900 2246; x_wconf 80' lang='lat' dir='ltr'>filia</span> 
     </span>
     <span class='ocr_line' id='line_1_36' title="bbox 242 2262 896 2304; baseline 0.005 -12"><span class='ocrx_word' id='word_1_191' title='bbox 242 2262 332 2303; x_wconf 79' lang='lat' dir='ltr'>(vide</span> <span class='ocrx_word' id='word_1_192' title='bbox 360 2273 423 2293; x_wconf 89' lang='lat' dir='ltr'>ver.</span> <span class='ocrx_word' id='word_1_193' title='bbox 448 2263 537 2301; x_wconf 84' lang='lat'>609.)</span> <span class='ocrx_word' id='word_1_194' title='bbox 567 2275 660 2304; x_wconf 82' lang='lat' dir='ltr'>quam</span> <span class='ocrx_word' id='word_1_195' title='bbox 691 2265 803 2295; x_wconf 73' lang='lat' dir='ltr'>Noster</span> <span class='ocrx_word' id='word_1_196' title='bbox 839 2265 896 2295; x_wconf 86' lang='lat' dir='ltr'>mi—</span> 
     </span>
     <span class='ocr_line' id='line_1_37' title="bbox 246 2311 899 2347; baseline 0.005 -6"><span class='ocrx_word' id='word_1_197' title='bbox 246 2311 339 2346; x_wconf 88' lang='lat' dir='ltr'>nime,</span> <span class='ocrx_word' id='word_1_198' title='bbox 357 2318 390 2341; x_wconf 90' lang='lat' dir='ltr'>ut</span> <span class='ocrx_word' id='word_1_199' title='bbox 412 2311 465 2342; x_wconf 87' lang='lat' dir='ltr'>alii</span> <span class='ocrx_word' id='word_1_200' title='bbox 489 2320 639 2347; x_wconf 85' lang='lat' dir='ltr'>auctores,</span> <span class='ocrx_word' id='word_1_201' title='bbox 656 2324 727 2343; x_wconf 90' lang='lat' dir='ltr'>cum</span> <span class='ocrx_word' id='word_1_202' title='bbox 744 2313 899 2344; x_wconf 86' lang='lat' dir='ltr'>Arcadica</span> 
     </span>
     <span class='ocr_line' id='line_1_38' title="bbox 243 2360 898 2403; baseline 0.005 -13"><span class='ocrx_word' id='word_1_203' title='bbox 243 2360 393 2391; x_wconf 81' lang='lat' dir='ltr'>confudit.</span> <span class='ocrx_word' id='word_1_204' title='bbox 425 2361 462 2390; x_wconf 91' lang='lat' dir='ltr'>Ei</span> <span class='ocrx_word' id='word_1_205' title='bbox 483 2371 573 2391; x_wconf 86' lang='lat' dir='ltr'>cursu</span> <span class='ocrx_word' id='word_1_206' title='bbox 597 2361 753 2403; x_wconf 83' lang='lat' dir='ltr'>superanti</span> <span class='ocrx_word' id='word_1_207' title='bbox 769 2362 898 2393; x_wconf 87' lang='lat' dir='ltr'>velocis-</span> 
     </span>
     <span class='ocr_line' id='line_1_39' title="bbox 241 2409 894 2452; baseline 0.003 -12"><span class='ocrx_word' id='word_1_208' title='bbox 241 2410 335 2440; x_wconf 86' lang='lat' dir='ltr'>simos</span> <span class='ocrx_word' id='word_1_209' title='bbox 361 2409 441 2440; x_wconf 83' lang='lat' dir='ltr'>viros</span> <span class='ocrx_word' id='word_1_210' title='bbox 477 2410 642 2441; x_wconf 80' lang='lat' dir='ltr'>antevertit</span> <span class='ocrx_word' id='word_1_211' title='bbox 671 2410 894 2452; x_wconf 80' lang='lat' dir='ltr'>Hippomenes,</span> 
     </span>
     <span class='ocr_line' id='line_1_40' title="bbox 244 2458 895 2501; baseline 0.003 -13"><span class='ocrx_word' id='word_1_212' title='bbox 244 2458 344 2499; x_wconf 88' lang='lat' dir='ltr'>pomis</span> <span class='ocrx_word' id='word_1_213' title='bbox 357 2459 451 2500; x_wconf 84' lang='lat' dir='ltr'>jactis</span> <span class='ocrx_word' id='word_1_214' title='bbox 471 2459 631 2490; x_wconf 83' lang='lat' dir='ltr'>retardans</span> <span class='ocrx_word' id='word_1_215' title='bbox 646 2460 712 2500; x_wconf 88' lang='lat' dir='ltr'>ejus</span> <span class='ocrx_word' id='word_1_216' title='bbox 728 2459 895 2501; x_wconf 81' lang='lat' dir='ltr'>impetum3</span> 
     </span>
     <span class='ocr_line' id='line_1_41' title="bbox 245 2506 896 2539; baseline 0.006 -4"><span class='ocrx_word' id='word_1_217' title='bbox 245 2506 317 2536; x_wconf 84' lang='lat' dir='ltr'>hinc</span> <span class='ocrx_word' id='word_1_218' title='bbox 342 2517 379 2537; x_wconf 82' lang='lat' dir='ltr'>ex</span> <span class='ocrx_word' id='word_1_219' title='bbox 409 2507 525 2538; x_wconf 86' lang='lat' dir='ltr'>foedere</span> <span class='ocrx_word' id='word_1_220' title='bbox 549 2518 618 2538; x_wconf 89' lang='lat' dir='ltr'>eam</span> <span class='ocrx_word' id='word_1_221' title='bbox 647 2508 736 2538; x_wconf 79' lang='lat' dir='ltr'>duxit</span> <span class='ocrx_word' id='word_1_222' title='bbox 760 2519 896 2539; x_wconf 86' lang='lat' dir='ltr'>uxorem.</span> 
     </span>
     <span class='ocr_line' id='line_1_42' title="bbox 242 2554 896 2597; baseline 0.005 -13"><span class='ocrx_word' id='word_1_223' title='bbox 242 2554 303 2585; x_wconf 85' lang='lat' dir='ltr'>Sed</span> <span class='ocrx_word' id='word_1_224' title='bbox 331 2565 425 2595; x_wconf 90' lang='lat' dir='ltr'>quum</span> <span class='ocrx_word' id='word_1_225' title='bbox 448 2556 563 2596; x_wconf 82' lang='lat' dir='ltr'>gratias</span> <span class='ocrx_word' id='word_1_226' title='bbox 586 2563 690 2597; x_wconf 85' lang='lat' dir='ltr'>ageret</span> <span class='ocrx_word' id='word_1_227' title='bbox 713 2557 813 2587; x_wconf 86' lang='lat' dir='ltr'>nullas</span> <span class='ocrx_word' id='word_1_228' title='bbox 835 2557 896 2588; x_wconf 82' lang='lat' dir='ltr'>Ve-</span> 
     </span>
     <span class='ocr_line' id='line_1_43' title="bbox 246 2603 898 2645; baseline 0.006 -13"><span class='ocrx_word' id='word_1_229' title='bbox 246 2603 320 2638; x_wconf 87' lang='lat' dir='ltr'>neri,</span> <span class='ocrx_word' id='word_1_230' title='bbox 350 2613 443 2643; x_wconf 85' lang='lat' dir='ltr'>quam</span> <span class='ocrx_word' id='word_1_231' title='bbox 471 2604 654 2645; x_wconf 86' lang='lat' dir='ltr'>adjutricem</span> <span class='ocrx_word' id='word_1_232' title='bbox 686 2605 837 2636; x_wconf 86' lang='lat' dir='ltr'>habuerat</span> <span class='ocrx_word' id='word_1_233' title='bbox 865 2606 898 2636; x_wconf 88' lang='lat' dir='ltr'>in</span> 
     </span>
     <span class='ocr_line' id='line_1_44' title="bbox 243 2652 898 2690; baseline 0.002 -7"><span class='ocrx_word' id='word_1_234' title='bbox 243 2652 425 2687; x_wconf 78' lang='lat' dir='ltr'>certamine,</span> <span class='ocrx_word' id='word_1_235' title='bbox 440 2653 495 2683; x_wconf 90' lang='lat' dir='ltr'>illa</span> <span class='ocrx_word' id='word_1_236' title='bbox 515 2654 621 2684; x_wconf 88' lang='lat' dir='ltr'>ambos</span> <span class='ocrx_word' id='word_1_237' title='bbox 641 2654 684 2684; x_wconf 90' lang='lat' dir='ltr'>ita</span> <span class='ocrx_word' id='word_1_238' title='bbox 706 2654 847 2690; x_wconf 80' lang='lat' dir='ltr'>irritavit,</span> <span class='ocrx_word' id='word_1_239' title='bbox 864 2662 898 2685; x_wconf 89' lang='lat' dir='ltr'>ut</span> 
     </span>
     <span class='ocr_line' id='line_1_45' title="bbox 245 2700 896 2741; baseline 0.005 -11"><span class='ocrx_word' id='word_1_240' title='bbox 245 2701 277 2731; x_wconf 86' lang='lat' dir='ltr'>in</span> <span class='ocrx_word' id='word_1_241' title='bbox 301 2702 370 2732; x_wconf 86' lang='lat' dir='ltr'>luco</span> <span class='ocrx_word' id='word_1_242' title='bbox 387 2700 498 2732; x_wconf 77' lang='lat' dir='ltr'>Matris</span> <span class='ocrx_word' id='word_1_243' title='bbox 513 2702 615 2732; x_wconf 75' lang='lat' dir='ltr'>Deum</span> <span class='ocrx_word' id='word_1_244' title='bbox 637 2704 874 2733; x_wconf 78' lang='lat' dir='ltr'>concumberent</span> <span class='ocrx_word' id='word_1_245' title='bbox 890 2715 896 2741; x_wconf 77' lang='lat'><em>3</em></span> 
     </span>
    </p>
   </div>
   <div class='ocr_carea' id='block_1_7' title="bbox 971 1092 1634 1524">
    <p class='ocr_par' dir='ltr' id='par_1_8' title="bbox 971 1092 1634 1524">
     <span class='ocr_line' id='line_1_46' title="bbox 977 1092 1634 1135; baseline -0.003 -11"><span class='ocrx_word' id='word_1_246' title='bbox 977 1094 1072 1135; x_wconf 90' lang='lat' dir='ltr'>idque</span> <span class='ocrx_word' id='word_1_247' title='bbox 1109 1094 1148 1124; x_wconf 92' lang='lat' dir='ltr'>ob</span> <span class='ocrx_word' id='word_1_248' title='bbox 1186 1093 1307 1124; x_wconf 90' lang='lat' dir='ltr'>facinus</span> <span class='ocrx_word' id='word_1_249' title='bbox 1343 1093 1456 1123; x_wconf 85' lang='lat' dir='ltr'>mutati</span> <span class='ocrx_word' id='word_1_250' title='bbox 1495 1098 1566 1123; x_wconf 89' lang='lat' dir='ltr'>sunt</span> <span class='ocrx_word' id='word_1_251' title='bbox 1603 1092 1634 1122; x_wconf 91' lang='lat' dir='ltr'>in</span> 
     </span>
     <span class='ocr_line' id='line_1_47' title="bbox 976 1141 1632 1183; baseline -0.002 -11"><span class='ocrx_word' id='word_1_252' title='bbox 976 1142 1089 1173; x_wconf 89' lang='lat' dir='ltr'>leones.</span> <span class='ocrx_word' id='word_1_253' title='bbox 1128 1142 1218 1173; x_wconf 83' lang='lat' dir='ltr'>Conf.</span> <span class='ocrx_word' id='word_1_254' title='bbox 1236 1142 1520 1183; x_wconf 81' lang='lat' dir='ltr'>Hygin.fab.185;</span> <span class='ocrx_word' id='word_1_255' title='bbox 1538 1141 1632 1182; x_wconf 88' lang='lat' dir='ltr'>Apol-</span> 
     </span>
     <span class='ocr_line' id='line_1_48' title="bbox 974 1191 1631 1232; baseline -0.003 -10"><span class='ocrx_word' id='word_1_256' title='bbox 974 1191 1109 1227; x_wconf 86' lang='lat' dir='ltr'>lodorus,</span> <span class='ocrx_word' id='word_1_257' title='bbox 1125 1192 1189 1222; x_wconf 80' lang='lat'>111.</span> <span class='ocrx_word' id='word_1_258' title='bbox 1206 1192 1247 1221; x_wconf 85' lang='lat' dir='ltr'>ix.</span> <span class='ocrx_word' id='word_1_259' title='bbox 1265 1192 1283 1221; x_wconf 79' lang='lat'>2</span> <span class='ocrx_word' id='word_1_260' title='bbox 1298 1203 1305 1229; x_wconf 73' lang='lat'>3</span> <span class='ocrx_word' id='word_1_261' title='bbox 1332 1191 1543 1232; x_wconf 61' lang='lat' dir='ltr'>Palaephatus,</span> <span class='ocrx_word' id='word_1_262' title='bbox 1562 1201 1631 1231; x_wconf 87' lang='lat' dir='ltr'>cap.</span> 
     </span>
     <span class='ocr_line' id='line_1_49' title="bbox 978 1238 1631 1273; baseline -0.002 -4"><span class='ocrx_word' id='word_1_263' title='bbox 978 1241 1027 1271; x_wconf 86' lang='lat'>14.</span> <span class='ocrx_word' id='word_1_264' title='bbox 1065 1240 1207 1270; x_wconf 82' lang='lat' dir='ltr'>Breviter</span> <span class='ocrx_word' id='word_1_265' title='bbox 1222 1239 1359 1270; x_wconf 84' lang='lat' dir='ltr'>fabulam</span> <span class='ocrx_word' id='word_1_266' title='bbox 1374 1239 1566 1273; x_wconf 86' lang='lat' dir='ltr'>Theocritus,</span> <span class='ocrx_word' id='word_1_267' title='bbox 1582 1238 1631 1268; x_wconf 88' lang='lat' dir='ltr'>Id.</span> 
     </span>
     <span class='ocr_line' id='line_1_50' title="bbox 973 1288 1629 1330; baseline -0.002 -11"><span class='ocrx_word' id='word_1_268' title='bbox 973 1289 1017 1320; x_wconf 83' lang='lat' dir='ltr'>iii.</span> <span class='ocrx_word' id='word_1_269' title='bbox 1035 1290 1076 1319; x_wconf 89' lang='grc'>40</span> <span class='ocrx_word' id='word_1_270' title='bbox 1086 1300 1155 1330; x_wconf 89' lang='lat' dir='ltr'>sqq.</span> <span class='ocrx_word' id='word_1_271' title='bbox 1167 1288 1281 1329; x_wconf 82' lang='lat' dir='ltr'>attigit.</span> <span class='ocrx_word' id='word_1_272' title='bbox 1319 1288 1530 1323; x_wconf 86' lang='lat' dir='ltr'>Tractaverat,</span> <span class='ocrx_word' id='word_1_273' title='bbox 1543 1295 1577 1318; x_wconf 92' lang='lat' dir='ltr'>ut</span> <span class='ocrx_word' id='word_1_274' title='bbox 1592 1299 1629 1319; x_wconf 82' lang='lat' dir='ltr'>ex</span> 
     </span>
     <span class='ocr_line' id='line_1_51' title="bbox 972 1336 1630 1379; baseline -0.003 -11"><span class='ocrx_word' id='word_1_275' title='bbox 972 1338 1162 1379; x_wconf 85' lang='lat' dir='ltr'>Apollodoro</span> <span class='ocrx_word' id='word_1_276' title='bbox 1196 1344 1292 1379; x_wconf 83' lang='lat' dir='ltr'>patet,</span> <span class='ocrx_word' id='word_1_277' title='bbox 1322 1337 1417 1367; x_wconf 85' lang='lat' dir='ltr'>etiarn</span> <span class='ocrx_word' id='word_1_278' title='bbox 1455 1336 1630 1378; x_wconf 82' lang='lat' dir='ltr'>Euripides.</span> 
     </span>
     <span class='ocr_line' id='line_1_52' title="bbox 972 1386 1630 1427; baseline -0.003 -10"><span class='ocrx_word' id='word_1_279' title='bbox 972 1386 1041 1417; x_wconf 91' lang='lat' dir='ltr'>Hoc</span> <span class='ocrx_word' id='word_1_280' title='bbox 1069 1387 1136 1417; x_wconf 92' lang='lat' dir='ltr'>loco</span> <span class='ocrx_word' id='word_1_281' title='bbox 1161 1387 1270 1417; x_wconf 81' lang='lat' dir='ltr'>Venus</span> <span class='ocrx_word' id='word_1_282' title='bbox 1298 1386 1376 1427; x_wconf 87' lang='lat' dir='ltr'>ipsa,</span> <span class='ocrx_word' id='word_1_283' title='bbox 1404 1386 1492 1427; x_wconf 88' lang='lat' dir='ltr'>cujus</span> <span class='ocrx_word' id='word_1_284' title='bbox 1517 1395 1630 1426; x_wconf 84' lang='lat' dir='ltr'>magna</span> 
     </span>
     <span class='ocr_line' id='line_1_53' title="bbox 971 1434 1631 1477; baseline -0.003 -11"><span class='ocrx_word' id='word_1_285' title='bbox 971 1446 1042 1477; x_wconf 79' lang='lat' dir='ltr'>pars</span> <span class='ocrx_word' id='word_1_286' title='bbox 1061 1435 1092 1466; x_wconf 85' lang='lat' dir='ltr'>in</span> <span class='ocrx_word' id='word_1_287' title='bbox 1116 1446 1151 1465; x_wconf 87' lang='lat' dir='ltr'>ea</span> <span class='ocrx_word' id='word_1_288' title='bbox 1174 1445 1206 1465; x_wconf 89' lang='lat' dir='ltr'>re</span> <span class='ocrx_word' id='word_1_289' title='bbox 1229 1435 1339 1469; x_wconf 85' lang='lat' dir='ltr'>fuerat,</span> <span class='ocrx_word' id='word_1_290' title='bbox 1356 1434 1489 1465; x_wconf 85' lang='lat' dir='ltr'>facunde</span> <span class='ocrx_word' id='word_1_291' title='bbox 1509 1444 1577 1464; x_wconf 88' lang='lat' dir='ltr'>eam</span> <span class='ocrx_word' id='word_1_292' title='bbox 1599 1441 1631 1464; x_wconf 90' lang='lat' dir='ltr'>et</span> 
     </span>
     <span class='ocr_line' id='line_1_54' title="bbox 972 1484 1630 1524; baseline 0 -10"><span class='ocrx_word' id='word_1_293' title='bbox 972 1484 1078 1514; x_wconf 89' lang='lat' dir='ltr'>ordine</span> <span class='ocrx_word' id='word_1_294' title='bbox 1094 1489 1207 1514; x_wconf 79' lang='lat' dir='ltr'>narrat.</span> <span class='ocrx_word' id='word_1_295' title='bbox 1247 1484 1315 1514; x_wconf 74' lang='lat' dir='ltr'>Non</span> <span class='ocrx_word' id='word_1_296' title='bbox 1329 1484 1446 1524; x_wconf 78' lang='lat' dir='ltr'>fabula</span> <span class='ocrx_word' id='word_1_297' title='bbox 1461 1494 1562 1513; x_wconf 78' lang='lat' dir='ltr'>rumor</span> <span class='ocrx_word' id='word_1_298' title='bbox 1578 1485 1630 1514; x_wconf 81' lang='lat' dir='ltr'>ille</span> 
     </span>
    </p>
   </div>
   <div class='ocr_carea' id='block_1_8' title="bbox 962 1532 1627 1574">
    <p class='ocr_par' dir='ltr' id='par_1_9' title="bbox 962 1532 1627 1574">
     <span class='ocr_line' id='line_1_55' title="bbox 962 1532 1627 1574; baseline 0 -12"><span class='ocrx_word' id='word_1_299' title='bbox 962 1534 1058 1574; x_wconf 59' lang='lat' dir='ltr'>fflsti</span> <span class='ocrx_word' id='word_1_300' title='bbox 1083 1533 1126 1564; x_wconf 87' lang='lat' dir='ltr'>sic</span> <span class='ocrx_word' id='word_1_301' title='bbox 1142 1534 1262 1573; x_wconf 66' lang='lat' dir='ltr'>fabulae</span> <span class='ocrx_word' id='word_1_302' title='bbox 1291 1544 1389 1563; x_wconf 78' lang='lat' dir='ltr'>manes</span> <span class='ocrx_word' id='word_1_303' title='bbox 1419 1532 1502 1574; x_wconf 89' lang='lat' dir='ltr'>apud</span> <span class='ocrx_word' id='word_1_304' title='bbox 1528 1533 1627 1563; x_wconf 90' lang='lat' dir='ltr'>Hora-</span> 
     </span>
    </p>
   </div>
   <div class='ocr_carea' id='block_1_9' title="bbox 963 1581 1627 2697">
    <p class='ocr_par' dir='ltr' id='par_1_10' title="bbox 969 1581 1627 2013">
     <span class='ocr_line' id='line_1_56' title="bbox 973 1581 1626 1617; baseline 0.003 -7"><span class='ocrx_word' id='word_1_305' title='bbox 973 1581 1060 1617; x_wconf 88' lang='lat' dir='ltr'>tium,</span> <span class='ocrx_word' id='word_1_306' title='bbox 1090 1581 1117 1610; x_wconf 87' lang='lat' dir='ltr'>I.</span> <span class='ocrx_word' id='word_1_307' title='bbox 1143 1581 1205 1611; x_wconf 90' lang='lat' dir='ltr'>Od.</span> <span class='ocrx_word' id='word_1_308' title='bbox 1230 1581 1274 1611; x_wconf 91' lang='lat' dir='ltr'>iv.</span> <span class='ocrx_word' id='word_1_309' title='bbox 1300 1582 1358 1611; x_wconf 74' lang='lat'>162</span> <span class='ocrx_word' id='word_1_310' title='bbox 1398 1591 1459 1611; x_wconf 88' lang='lat' dir='ltr'>non</span> <span class='ocrx_word' id='word_1_311' title='bbox 1485 1589 1532 1611; x_wconf 85' lang='lat' dir='ltr'>est</span> <span class='ocrx_word' id='word_1_312' title='bbox 1559 1581 1626 1612; x_wconf 83' lang='lat' dir='ltr'>haec</span> 
     </span>
     <span class='ocr_line' id='line_1_57' title="bbox 971 1629 1626 1671; baseline 0 -11"><span class='ocrx_word' id='word_1_313' title='bbox 971 1630 1055 1660; x_wconf 85' lang='lat' dir='ltr'>fictio</span> <span class='ocrx_word' id='word_1_314' title='bbox 1092 1629 1131 1660; x_wconf 88' lang='lat' dir='ltr'>ad</span> <span class='ocrx_word' id='word_1_315' title='bbox 1169 1629 1389 1660; x_wconf 87' lang='lat' dir='ltr'>delectandum</span> <span class='ocrx_word' id='word_1_316' title='bbox 1428 1635 1626 1671; x_wconf 85' lang='lat' dir='ltr'>comparata;</span> 
     </span>
     <span class='ocr_line' id='line_1_58' title="bbox 971 1677 1627 1714; baseline 0 -5"><span class='ocrx_word' id='word_1_317' title='bbox 971 1679 1026 1709; x_wconf 86' lang='lat' dir='ltr'>sed</span> <span class='ocrx_word' id='word_1_318' title='bbox 1053 1689 1165 1714; x_wconf 85' lang='lat' dir='ltr'>rumor,</span> <span class='ocrx_word' id='word_1_319' title='bbox 1193 1677 1287 1708; x_wconf 88' lang='lat' dir='ltr'>immo</span> <span class='ocrx_word' id='word_1_320' title='bbox 1314 1678 1397 1708; x_wconf 83' lang='lat' dir='ltr'>fama</span> <span class='ocrx_word' id='word_1_321' title='bbox 1423 1685 1567 1708; x_wconf 87' lang='lat' dir='ltr'>constans</span> <span class='ocrx_word' id='word_1_322' title='bbox 1596 1685 1627 1710; x_wconf 90' lang='lat' dir='ltr'>et</span> 
     </span>
     <span class='ocr_line' id='line_1_59' title="bbox 971 1727 1626 1759; baseline 0 -1"><span class='ocrx_word' id='word_1_323' title='bbox 971 1733 1067 1758; x_wconf 87' lang='lat' dir='ltr'>certa.</span> <span class='ocrx_word' id='word_1_324' title='bbox 1113 1727 1321 1758; x_wconf 84' lang='lat' dir='ltr'>Confunditur</span> <span class='ocrx_word' id='word_1_325' title='bbox 1353 1732 1458 1758; x_wconf 88' lang='lat' dir='ltr'>tamen</span> <span class='ocrx_word' id='word_1_326' title='bbox 1487 1727 1554 1758; x_wconf 76' lang='lat' dir='ltr'>haec</span> <span class='ocrx_word' id='word_1_327' title='bbox 1582 1728 1626 1759; x_wconf 86' lang='lat' dir='ltr'>sa-</span> 
     </span>
     <span class='ocr_line' id='line_1_60' title="bbox 969 1775 1627 1818; baseline 0.003 -13"><span class='ocrx_word' id='word_1_328' title='bbox 969 1777 1062 1815; x_wconf 80' lang='lat' dir='ltr'>bula3</span> <span class='ocrx_word' id='word_1_329' title='bbox 1086 1787 1181 1818; x_wconf 88' lang='lat' dir='ltr'>quum</span> <span class='ocrx_word' id='word_1_330' title='bbox 1204 1775 1286 1806; x_wconf 87' lang='lat' dir='ltr'>enim</span> <span class='ocrx_word' id='word_1_331' title='bbox 1310 1775 1378 1806; x_wconf 84' lang='lat' dir='ltr'>duae</span> <span class='ocrx_word' id='word_1_332' title='bbox 1400 1776 1557 1806; x_wconf 86' lang='lat' dir='ltr'>Atalantae</span> <span class='ocrx_word' id='word_1_333' title='bbox 1579 1777 1627 1807; x_wconf 83' lang='lat' dir='ltr'>su-</span> 
     </span>
     <span class='ocr_line' id='line_1_61' title="bbox 969 1824 1625 1865; baseline 0.002 -10"><span class='ocrx_word' id='word_1_334' title='bbox 969 1826 1058 1861; x_wconf 88' lang='lat' dir='ltr'>erint,</span> <span class='ocrx_word' id='word_1_335' title='bbox 1073 1826 1213 1860; x_wconf 87' lang='lat' dir='ltr'>Tzetzes,</span> <span class='ocrx_word' id='word_1_336' title='bbox 1228 1824 1442 1865; x_wconf 62' lang='lat' dir='ltr'>Palaephatus,</span> <span class='ocrx_word' id='word_1_337' title='bbox 1458 1830 1489 1855; x_wconf 84' lang='lat' dir='ltr'>et</span> <span class='ocrx_word' id='word_1_338' title='bbox 1504 1825 1557 1855; x_wconf 85' lang='lat' dir='ltr'>alii</span> <span class='ocrx_word' id='word_1_339' title='bbox 1573 1826 1625 1856; x_wconf 86' lang='lat' dir='ltr'>tri-</span> 
     </span>
     <span class='ocr_line' id='line_1_62' title="bbox 969 1873 1625 1914; baseline -0.002 -9"><span class='ocrx_word' id='word_1_340' title='bbox 969 1875 1069 1905; x_wconf 86' lang='lat' dir='ltr'>buunt</span> <span class='ocrx_word' id='word_1_341' title='bbox 1089 1875 1146 1905; x_wconf 90' lang='lat' dir='ltr'>hoc</span> <span class='ocrx_word' id='word_1_342' title='bbox 1166 1874 1238 1904; x_wconf 68' lang='lat' dir='ltr'>filiae</span> <span class='ocrx_word' id='word_1_343' title='bbox 1254 1873 1344 1909; x_wconf 84' lang='lat' dir='ltr'>Jasii‚</span> <span class='ocrx_word' id='word_1_344' title='bbox 1360 1874 1444 1914; x_wconf 90' lang='lat' dir='ltr'>quod</span> <span class='ocrx_word' id='word_1_345' title='bbox 1465 1880 1530 1904; x_wconf 87' lang='lat' dir='ltr'>erat</span> <span class='ocrx_word' id='word_1_346' title='bbox 1554 1874 1625 1905; x_wconf 87' lang='lat' dir='ltr'>filiae</span> 
     </span>
     <span class='ocr_line' id='line_1_63' title="bbox 969 1922 1626 1964; baseline 0 -10"><span class='ocrx_word' id='word_1_347' title='bbox 969 1924 1136 1954; x_wconf 84' lang='lat' dir='ltr'>Schoenei:</span> <span class='ocrx_word' id='word_1_348' title='bbox 1164 1922 1329 1953; x_wconf 86' lang='lat' dir='ltr'>Milanioni</span> <span class='ocrx_word' id='word_1_349' title='bbox 1352 1922 1437 1959; x_wconf 90' lang='lat' dir='ltr'>item,</span> <span class='ocrx_word' id='word_1_350' title='bbox 1454 1923 1537 1964; x_wconf 93' lang='lat' dir='ltr'>quod</span> <span class='ocrx_word' id='word_1_351' title='bbox 1560 1930 1626 1954; x_wconf 86' lang='lat' dir='ltr'>erat</span> 
     </span>
     <span class='ocr_line' id='line_1_64' title="bbox 970 1972 1309 2013; baseline -0.006 -11"><span class='ocrx_word' id='word_1_352' title='bbox 970 1972 1186 2013; x_wconf 88' lang='lat' dir='ltr'>Hippomenis.</span> <span class='ocrx_word' id='word_1_353' title='bbox 1224 1973 1309 2002; x_wconf 66' lang='lat' dir='ltr'>Lm.</span> 
     </span>
    </p>

    <p class='ocr_par' dir='ltr' id='par_1_11' title="bbox 963 2020 1625 2697">
     <span class='ocr_line' id='line_1_65' title="bbox 1010 2020 1624 2060; baseline 0 -9"><span class='ocrx_word' id='word_1_354' title='bbox 1010 2022 1086 2051; x_wconf 80' lang='lat'>562.</span> <span class='ocrx_word' id='word_1_355' title='bbox 1113 2021 1174 2051; x_wconf 64' lang='lat' dir='ltr'>Nec</span> <span class='ocrx_word' id='word_1_356' title='bbox 1191 2022 1288 2050; x_wconf 75' lang='lat' dir='ltr'>dicere</span> <span class='ocrx_word' id='word_1_357' title='bbox 1300 2020 1420 2060; x_wconf 58' lang='lat' dir='ltr'>posses]</span> <span class='ocrx_word' id='word_1_358' title='bbox 1449 2020 1538 2050; x_wconf 90' lang='lat' dir='ltr'>Unus</span> <span class='ocrx_word' id='word_1_359' title='bbox 1554 2021 1624 2051; x_wconf 89' lang='lat' dir='ltr'>Me-</span> 
     </span>
     <span class='ocr_line' id='line_1_66' title="bbox 967 2069 1624 2110; baseline 0 -11"><span class='ocrx_word' id='word_1_360' title='bbox 967 2069 1076 2099; x_wconf 89' lang='lat' dir='ltr'>diceus</span> <span class='ocrx_word' id='word_1_361' title='bbox 1097 2081 1148 2099; x_wconf 80' lang='lat' dir='ltr'>nec</span> <span class='ocrx_word' id='word_1_362' title='bbox 1167 2071 1265 2099; x_wconf 81' lang='lat' dir='ltr'>dicere</span> <span class='ocrx_word' id='word_1_363' title='bbox 1286 2075 1452 2108; x_wconf 75' lang='lat' dir='ltr'>promptum</span> <span class='ocrx_word' id='word_1_364' title='bbox 1471 2075 1525 2105; x_wconf 79' lang='lat' dir='ltr'>est,</span> <span class='ocrx_word' id='word_1_365' title='bbox 1542 2069 1624 2110; x_wconf 90' lang='lat' dir='ltr'>quod</span> 
     </span>
     <span class='ocr_line' id='line_1_67' title="bbox 968 2118 1624 2160; baseline -0.003 -11"><span class='ocrx_word' id='word_1_366' title='bbox 968 2119 1146 2149; x_wconf 88' lang='lat' dir='ltr'>Burmanno</span> <span class='ocrx_word' id='word_1_367' title='bbox 1168 2118 1288 2148; x_wconf 89' lang='lat' dir='ltr'>videtur</span> <span class='ocrx_word' id='word_1_368' title='bbox 1308 2129 1345 2148; x_wconf 82' lang='lat' dir='ltr'>ex</span> <span class='ocrx_word' id='word_1_369' title='bbox 1365 2118 1430 2148; x_wconf 84' lang='lat' dir='ltr'>xiii.</span> <span class='ocrx_word' id='word_1_370' title='bbox 1452 2119 1501 2148; x_wconf 88' lang='lat'>10.</span> <span class='ocrx_word' id='word_1_371' title='bbox 1519 2128 1624 2160; x_wconf 91' lang='lat' dir='ltr'>sump-</span> 
     </span>
     <span class='ocr_line' id='line_1_68' title="bbox 968 2168 1624 2208; baseline 0.003 -13"><span class='ocrx_word' id='word_1_372' title='bbox 968 2173 1044 2198; x_wconf 81' lang='lat' dir='ltr'>tum.</span> <span class='ocrx_word' id='word_1_373' title='bbox 1097 2168 1202 2198; x_wconf 71' lang='lat' dir='ltr'>Laude</span> <span class='ocrx_word' id='word_1_374' title='bbox 1234 2169 1354 2206; x_wconf 78' lang='lat' dir='ltr'>pedum,</span> <span class='ocrx_word' id='word_1_375' title='bbox 1377 2168 1534 2208; x_wconf 71' lang='lat' dir='ltr'>jbrmaerte,</span> <span class='ocrx_word' id='word_1_376' title='bbox 1564 2173 1624 2197; x_wconf 85' lang='lat' dir='ltr'>etc.</span> 
     </span>
     <span class='ocr_line' id='line_1_69' title="bbox 967 2215 1621 2257; baseline 0 -11"><span class='ocrx_word' id='word_1_377' title='bbox 967 2216 1036 2246; x_wconf 87' lang='lat' dir='ltr'>Hac</span> <span class='ocrx_word' id='word_1_378' title='bbox 1066 2215 1184 2257; x_wconf 88' lang='lat' dir='ltr'>duplici</span> <span class='ocrx_word' id='word_1_379' title='bbox 1211 2216 1302 2246; x_wconf 88' lang='lat' dir='ltr'>laude</span> <span class='ocrx_word' id='word_1_380' title='bbox 1332 2216 1426 2246; x_wconf 87' lang='lat' dir='ltr'>etiam</span> <span class='ocrx_word' id='word_1_381' title='bbox 1452 2216 1621 2246; x_wconf 87' lang='lat' dir='ltr'>secundum</span> 
     </span>
     <span class='ocr_line' id='line_1_70' title="bbox 967 2264 1623 2305; baseline 0 -11"><span class='ocrx_word' id='word_1_382' title='bbox 967 2264 1042 2295; x_wconf 81' lang='lat' dir='ltr'>alios</span> <span class='ocrx_word' id='word_1_383' title='bbox 1053 2264 1181 2305; x_wconf 85' lang='lat' dir='ltr'>insignis</span> <span class='ocrx_word' id='word_1_384' title='bbox 1192 2270 1275 2303; x_wconf 86' lang='lat' dir='ltr'>erat;</span> <span class='ocrx_word' id='word_1_385' title='bbox 1297 2270 1328 2295; x_wconf 87' lang='lat' dir='ltr'>et</span> <span class='ocrx_word' id='word_1_386' title='bbox 1343 2264 1416 2294; x_wconf 89' lang='lat' dir='ltr'>inde</span> <span class='ocrx_word' id='word_1_387' title='bbox 1428 2265 1544 2305; x_wconf 86' lang='lat' dir='ltr'>pendet</span> <span class='ocrx_word' id='word_1_388' title='bbox 1559 2270 1623 2295; x_wconf 86' lang='lat' dir='ltr'>tota</span> 
     </span>
     <span class='ocr_line' id='line_1_71' title="bbox 966 2313 1623 2349; baseline 0.003 -7"><span class='ocrx_word' id='word_1_389' title='bbox 966 2313 1081 2344; x_wconf 83' lang='lat' dir='ltr'>fabula.</span> <span class='ocrx_word' id='word_1_390' title='bbox 1128 2314 1268 2349; x_wconf 77' lang='lat' dir='ltr'>Pedibus,</span> <span class='ocrx_word' id='word_1_391' title='bbox 1283 2313 1315 2343; x_wconf 89' lang='lat' dir='ltr'>id</span> <span class='ocrx_word' id='word_1_392' title='bbox 1331 2319 1389 2349; x_wconf 88' lang='lat' dir='ltr'>est,</span> <span class='ocrx_word' id='word_1_393' title='bbox 1406 2323 1496 2343; x_wconf 91' lang='lat' dir='ltr'>cursu</span> <span class='ocrx_word' id='word_1_394' title='bbox 1519 2313 1623 2344; x_wconf 86' lang='lat' dir='ltr'>excel-</span> 
     </span>
     <span class='ocr_line' id='line_1_72' title="bbox 966 2362 1625 2404; baseline 0 -12"><span class='ocrx_word' id='word_1_395' title='bbox 966 2362 1028 2392; x_wconf 86' lang='lat' dir='ltr'>lere</span> <span class='ocrx_word' id='word_1_396' title='bbox 1052 2372 1172 2393; x_wconf 85' lang='lat' dir='ltr'>summa</span> <span class='ocrx_word' id='word_1_397' title='bbox 1193 2364 1258 2393; x_wconf 80' lang='lat' dir='ltr'>laus</span> <span class='ocrx_word' id='word_1_398' title='bbox 1281 2363 1364 2404; x_wconf 87' lang='lat' dir='ltr'>apud</span> <span class='ocrx_word' id='word_1_399' title='bbox 1388 2362 1535 2400; x_wconf 87' lang='lat' dir='ltr'>Graecos;</span> <span class='ocrx_word' id='word_1_400' title='bbox 1558 2363 1625 2393; x_wconf 88' lang='lat' dir='ltr'>Ho-</span> 
     </span>
     <span class='ocr_line' id='line_1_73' title="bbox 965 2411 1622 2447; baseline 0.002 -6"><span class='ocrx_word' id='word_1_401' title='bbox 965 2422 1078 2447; x_wconf 87' lang='lat' dir='ltr'>merus,</span> <span class='ocrx_word' id='word_1_402' title='bbox 1101 2412 1162 2442; x_wconf 91' lang='lat' dir='ltr'>Od.</span> <span class='ocrx_word' id='word_1_403' title='bbox 1189 2416 1225 2442; x_wconf 81' lang='grc' dir='ltr'>Θ.</span> <span class='ocrx_word' id='word_1_404' title='bbox 1251 2413 1323 2442; x_wconf 87' lang='grc'><strong>147.</strong></span> <span class='ocrx_word' id='word_1_405' title='bbox 1370 2411 1451 2442; x_wconf 82' lang='lat' dir='ltr'>Satis</span> <span class='ocrx_word' id='word_1_406' title='bbox 1471 2411 1622 2443; x_wconf 90' lang='lat' dir='ltr'>concinne</span> 
     </span>
     <span class='ocr_line' id='line_1_74' title="bbox 965 2460 1622 2502; baseline 0.002 -12"><span class='ocrx_word' id='word_1_407' title='bbox 965 2462 1030 2491; x_wconf 81' lang='lat' dir='ltr'>laus</span> <span class='ocrx_word' id='word_1_408' title='bbox 1044 2463 1149 2500; x_wconf 80' lang='lat' dir='ltr'>pedum</span> <span class='ocrx_word' id='word_1_409' title='bbox 1167 2466 1198 2491; x_wconf 91' lang='lat' dir='ltr'>et</span> <span class='ocrx_word' id='word_1_410' title='bbox 1210 2462 1320 2501; x_wconf 74' lang='lat' dir='ltr'>sormae</span> <span class='ocrx_word' id='word_1_411' title='bbox 1336 2462 1440 2490; x_wconf 76' lang='lat' dir='ltr'>bonum</span> <span class='ocrx_word' id='word_1_412' title='bbox 1456 2460 1514 2490; x_wconf 88' lang='lat' dir='ltr'>sibi</span> <span class='ocrx_word' id='word_1_413' title='bbox 1528 2471 1622 2502; x_wconf 93' lang='lat' dir='ltr'>oppo-</span> 
     </span>
     <span class='ocr_line' id='line_1_75' title="bbox 965 2509 1620 2551; baseline 0.002 -12"><span class='ocrx_word' id='word_1_414' title='bbox 965 2515 1090 2540; x_wconf 90' lang='lat' dir='ltr'>nuntur.</span> <span class='ocrx_word' id='word_1_415' title='bbox 1134 2510 1205 2540; x_wconf 91' lang='lat' dir='ltr'>Non</span> <span class='ocrx_word' id='word_1_416' title='bbox 1226 2510 1318 2551; x_wconf 84' lang='lat' dir='ltr'>igitur</span> <span class='ocrx_word' id='word_1_417' title='bbox 1337 2509 1562 2550; x_wconf 84' lang='lat' dir='ltr'>praeferendum</span> <span class='ocrx_word' id='word_1_418' title='bbox 1583 2520 1620 2540; x_wconf 88' lang='lat' dir='ltr'>ex</span> 
     </span>
     <span class='ocr_line' id='line_1_76' title="bbox 965 2557 1619 2599; baseline 0 -11"><span class='ocrx_word' id='word_1_419' title='bbox 965 2557 1070 2588; x_wconf 89' lang='lat' dir='ltr'>multis</span> <span class='ocrx_word' id='word_1_420' title='bbox 1090 2558 1336 2599; x_wconf 79' lang='lat' dir='ltr'>MSS.fm·mune</span> <span class='ocrx_word' id='word_1_421' title='bbox 1357 2559 1441 2589; x_wconf 83' lang='lat' dir='ltr'>bona.</span> <span class='ocrx_word' id='word_1_422' title='bbox 1478 2559 1619 2588; x_wconf 88' lang='lat' dir='ltr'>Formam</span> 
     </span>
     <span class='ocr_line' id='line_1_77' title="bbox 964 2606 1618 2648; baseline 0 -12"><span class='ocrx_word' id='word_1_423' title='bbox 964 2617 1045 2648; x_wconf 83' lang='lat' dir='ltr'>saepe</span> <span class='ocrx_word' id='word_1_424' title='bbox 1069 2608 1174 2637; x_wconf 51' lang='lat' dir='ltr'>bonum¹</span> <span class='ocrx_word' id='word_1_425' title='bbox 1195 2606 1271 2642; x_wconf 88' lang='lat' dir='ltr'>dici,</span> <span class='ocrx_word' id='word_1_426' title='bbox 1288 2606 1379 2636; x_wconf 86' lang='lat' dir='ltr'>docet</span> <span class='ocrx_word' id='word_1_427' title='bbox 1400 2607 1618 2637; x_wconf 87' lang='lat' dir='ltr'>Burmannus:</span> 
     </span>
     <span class='ocr_line' id='line_1_78' title="bbox 963 2656 1569 2697; baseline 0 -11"><span class='ocrx_word' id='word_1_428' title='bbox 963 2658 1048 2694; x_wconf 80' lang='lat' dir='ltr'>pedes</span> <span class='ocrx_word' id='word_1_429' title='bbox 1061 2666 1115 2697; x_wconf 91' lang='lat' dir='ltr'>pro</span> <span class='ocrx_word' id='word_1_430' title='bbox 1129 2666 1219 2686; x_wconf 89' lang='lat' dir='ltr'>cursu</span> <span class='ocrx_word' id='word_1_431' title='bbox 1235 2656 1373 2686; x_wconf 88' lang='lat' dir='ltr'>solenne.</span> <span class='ocrx_word' id='word_1_432' title='bbox 1565 2658 1569 2659; x_wconf 49' lang='lat'><em>⁷</em></span> 
     </span>
    </p>
   </div>
  </div>
 </body>
</html>
