1779 3130
373 162 992 204 METAMORPHOSEON
1029 160 1146 202 LIB.
1181 161 1246 202 X.
1417 161 1500 201 1523

110 277 330 333 Viderat,
356 277 573 324 offensus
598 276 745 331 vitiis,
773 293 884 339 quae
910 275 1123 339 plurima
1146 275 1298 322 menti

111 351 358 400 Femineae
386 353 579 400 Natura
601 353 756 408 dedit,
784 352 891 399 sine
916 353 1128 415 conjuge
1153 352 1339 398 coelebs
1398 353 1494 397 245

109 428 335 486 Vivebat,
358 429 665 492 thalamique
690 430 773 477 diu
799 437 1028 476 consorte
1053 429 1271 476 carebat.

108 504 308 554 Interea
331 506 529 554 niveum
554 506 676 553 mira
699 506 909 554 feliciter
934 513 1039 554 arte

109 581 307 645 Sculpit
331 583 467 638 ebur,
494 582 802 646 formamque
826 583 979 639 dedit,
1007 598 1108 645 qua
1130 581 1315 628 femina
1337 580 1473 628 nasci

109 657 263 705 Nulla
286 666 479 721 potest3
521 659 787 722 operisque
813 659 888 705 sui
913 658 1143 722 concepit
1167 674 1401 705 amorem.

109 734 324 797 Virginis
350 743 428 783 est
445 752 571 783 verae
595 735 764 791 facies,
787 751 937 799 quam
957 736 1118 782 vivere
1145 733 1336 790 credas,
1396 737 1494 782 250

105 888 170 912 tam
186 882 312 924 accipit.
340 884 366 913 E
382 883 618 924 Philostephani
634 883 765 925 Cypria-

106 930 151 961 cis
177 931 315 961 fabulam
343 932 480 962 referunt
506 931 652 963 Clemens
673 932 767 962 Alex.

108 980 261 1021 Protrept.
276 991 309 1021 p.
323 981 377 1011 50.
391 985 422 1009 et
436 979 593 1011 Arnobius
604 980 767 1011 adv.Gen-

109 1033 155 1058 tes
182 1028 237 1058 lib.
262 1028 303 1059 vi.
330 1039 363 1069 p.
388 1029 462 1063 206,
489 1028 543 1058 sed
568 1028 652 1059 haud
676 1029 770 1070 paulo

108 1076 198 1106 aliter
216 1086 252 1106 ac
270 1076 395 1112 Noster,
416 1075 511 1106 fuisse
531 1076 769 1117 Pygmalionem

108 1135 212 1166 regem
225 1124 332 1166 Cypri,
349 1124 403 1165 qui
419 1124 620 1155 simulacrum
637 1125 769 1156 Veneris

107 1173 190 1214 quod
205 1172 362 1215 religionis
377 1173 461 1215 apud
477 1173 609 1214 Cyprios
626 1173 768 1204 habitum

107 1221 147 1253 sit
172 1222 321 1263 antiquae,
343 1221 389 1252 ita
412 1221 616 1258 adamaverit,
639 1229 674 1254 ut
696 1233 768 1254 cum

107 1282 144 1302 eo
160 1273 393 1302 concumberet.
440 1271 553 1312 Neque
577 1271 670 1301 alitur
689 1272 768 1302 Gni-

107 1320 192 1351 dium
231 1320 389 1362 quendam
427 1319 694 1351 adolescentulum
737 1321 768 1351 in

107 1369 170 1401 alio
197 1370 329 1401 Veneris
357 1369 523 1400 simulacro
558 1369 678 1406 arsisse,
709 1370 768 1400 Po-

105 1419 246 1461 sidippus
261 1418 444 1449 tradiderat.
481 1418 541 1449 Sed
557 1419 670 1449 Noster
686 1419 768 1460 Pyg-

107 1469 273 1500 malionem
299 1468 374 1499 facit
402 1468 585 1498 statuarium
615 1468 768 1510 Cyprium

107 1518 156 1558 (et
180 1517 224 1548 sic
244 1517 340 1549 etiam
362 1517 509 1547 Philostr.
530 1516 598 1547 vit.
621 1516 767 1558 Apollon.

105 1567 206 1609 Tyan.
234 1578 264 1598 v.
295 1565 347 1606 5.)
376 1566 465 1607 cujus
498 1566 637 1596 eburnea
664 1571 768 1597 statua

107 1615 240 1647 Veneris
251 1625 378 1646 munere
388 1615 485 1646 vitam
496 1614 663 1656 acceperit.
684 1615 767 1646 Con-

106 1664 162 1696 fer.
185 1664 343 1696 Meursius
360 1664 392 1694 in
414 1664 518 1706 Cypro
540 1664 574 1694 ii.
627 1664 689 1694 Per
707 1667 768 1695 cri-

107 1725 183 1749 men,
213 1713 245 1744 in
280 1713 419 1744 libidinis
452 1712 644 1754 turpitudine
676 1717 769 1754 atque

108 1761 250 1793 infamia.
296 1762 424 1797 Seneca,
446 1761 547 1802 Epist.
573 1761 625 1792 93.
647 1772 701 1801 per
726 1768 768 1792 te-

107 1813 212 1842 nebras
225 1822 318 1841 oevzim
334 1812 462 1852 ignobile
477 1811 593 1840 emetiri
605 1821 615 1847 ,·
640 1809 768 1841 Sallust.

107 1861 184 1901 Jug.
207 1859 241 1890 ii.
261 1861 292 1890 4.
311 1870 365 1898 per
387 1860 490 1889 luxum
510 1866 597 1899 atque
617 1861 768 1900 ignaviam

105 1915 221 1940 etatem
245 1915 364 1950 agunt3
395 1907 504 1939 Livius
527 1908 547 1939 i.
572 1910 603 1939 5.
628 1914 664 1937 ut
689 1910 767 1938 nudi

95 1960 227 1998 juvenes
258 1969 312 1998 per
349 1958 454 1988 luxum
490 1964 578 1998 atque
615 1958 767 1988 lasciviam

106 2014 276 2038 currerent.

149 2058 224 2088 245.
248 2057 319 2087 Sine
339 2058 466 2097 conjuge
492 2056 768 2086 coelebs—consorte

107 2106 258 2146 carebat]
298 2105 388 2136 Idem
415 2111 460 2136 ter
481 2104 579 2135 dixit:
606 2103 769 2135 tolleretur

107 2155 166 2186 hoc
196 2154 373 2195 tautologiae
405 2153 526 2189 vitium,
552 2154 577 2183 si
606 2163 678 2183 cum
708 2164 770 2184 uno

108 2206 180 2236 MS.
205 2204 327 2235 Heinsii
349 2204 450 2234 coelebs
476 2209 614 2233 mutares
641 2201 771 2243 infelix

106 2255 196 2296 (vide
217 2254 255 2284 ad
277 2254 334 2284 lib.
352 2253 394 2284 ix.
416 2264 478 2284 ver.
494 2254 590 2292 333.)
609 2259 639 2283 et
657 2252 770 2284 deinde

107 2304 226 2344 legeres
253 2312 325 2332 cum
353 2313 413 2332 uno
443 2301 541 2332 Basil.
572 2302 767 2342 thalamoque,

107 2352 192 2394 quod
226 2351 356 2382 Heinsio
390 2356 554 2381 venustum
591 2350 766 2386 videbatur,

108 2403 163 2443 qui
178 2400 355 2432 illustrandi
369 2411 465 2431 causa
481 2401 627 2431 consortia
645 2409 767 2439 corpora

109 2451 218 2482 laudat
230 2461 248 2481 e
261 2449 325 2480 xiii.
340 2451 414 2481 343.
437 2449 498 2480 Sed
515 2454 547 2479 et
563 2449 637 2479 alibi
655 2449 767 2479 Noster

108 2499 250 2531 similiter
264 2499 418 2541 peccavit,
430 2505 464 2529 ut
476 2498 540 2529 viii.
552 2499 613 2529 557
627 2509 634 2536 3
650 2498 693 2528 ix.
711 2498 766 2528 93.

152 2549 229 2579 248.
268 2549 386 2586 Sculpit
401 2549 486 2582 ebur,
504 2547 583 2586 etc.]
625 2547 717 2587 Ergo,
733 2551 768 2576 ut

110 2596 223 2628 Zeuxis
243 2596 326 2638 apud
346 2595 553 2630 Crotoniatas,
573 2605 681 2625 omnes
699 2595 767 2636 pul-

110 2645 292 2676 chritudinis
321 2652 434 2687 parteS,
463 2655 542 2686 quas
572 2650 681 2675 natura
708 2654 767 2674 non

113 2694 166 2724 uni
192 2699 322 2724 cunctas
343 2694 488 2725 concedit
510 2694 605 2732 (nihil
631 2693 713 2722 enim
738 2694 769 2721 in

155 2744 253 2773 ΥΟΕ.
271 2743 328 2772 lv.

835 884 961 922 simplici
990 894 1097 924 genere
1134 884 1267 913 omnibus
1301 893 1332 912 ex
1361 884 1498 922 partibus

832 932 1000 973 perfectum
1022 938 1135 961 natura
1154 932 1302 971 expolivit.
1349 930 1418 962 Cic.
1440 931 1495 961 In—

837 986 922 1011 vent.
952 980 984 1010 ii.
1018 982 1064 1019 l.)
1102 980 1134 1010 in
1167 990 1264 1010 unum
1293 979 1495 1010 simulacrum

836 1033 1058 1067 transtulerat3
1085 1029 1120 1060 ii.
1137 1030 1189 1059 64.
1204 1029 1496 1070 concipereswores,

837 1084 869 1109 et
892 1078 924 1108 ii.
947 1078 1029 1109 Fast.
1047 1078 1273 1120 761.furialos
1296 1079 1378 1119 ignes
1398 1080 1496 1109 conci-

834 1138 914 1167 pere.
961 1127 1084 1167 Concipi
1123 1126 1206 1158 enim
1242 1126 1390 1157 dicuntur
1424 1137 1496 1168 quae

836 1175 976 1206 oriuntur
991 1175 1023 1206 in
1040 1175 1158 1206 animo.

879 1225 953 1255 250.
978 1224 1111 1266 Virginis
1129 1230 1170 1254 est
1186 1223 1396 1265 veraefacies.]
1437 1224 1495 1254 vi-

836 1284 908 1304 vere
938 1272 1101 1304 videbatur
1131 1273 1219 1309 ebur,
1256 1274 1384 1314 virginis
1412 1284 1497 1303 veroe.

837 1323 1035 1353 Burmannus
1056 1331 1233 1363 comparare
1256 1321 1308 1351 hic
1325 1321 1417 1362 jubet
1443 1332 1497 1352 no-

836 1377 900 1401 tam
923 1370 963 1401 ad
986 1370 1056 1401 Art.
1075 1370 1181 1401 Amat.
1200 1369 1223 1400 i.
1247 1370 1301 1400 62.
1322 1369 1375 1400 ubi
1392 1381 1497 1401 veram

836 1420 974 1462 puellam
992 1420 1214 1462 interpretatur
1226 1419 1497 1461 veljuvenculam,

836 1469 868 1500 in
887 1470 985 1512 primo
1004 1469 1089 1506 flore,
1110 1469 1160 1500 vel
1181 1479 1241 1499 non
1261 1469 1411 1504 fucatam,
1428 1480 1497 1510 quae

836 1529 897 1549 non
912 1518 1061 1549 mentitur
1077 1528 1173 1549 annos
1188 1523 1220 1548 et
1235 1517 1329 1548 celat.
1378 1518 1496 1549 Verum

837 1568 869 1598 h.
894 1568 916 1598 1.
945 1579 1015 1598 vera
1037 1572 1084 1598 est
1107 1567 1189 1603 viva,
1213 1572 1247 1597 ut
1274 1566 1341 1608 ipse
1365 1566 1499 1597 Ovidius

835 1617 983 1659 explicat,
1006 1622 1037 1648 et
1059 1627 1130 1658 opp.
1155 1627 1219 1647 ver.
1242 1617 1316 1647 253.
1338 1617 1497 1652 simulam,

837 1666 868 1697 id
884 1671 941 1702 est,
958 1665 998 1696 ad
1016 1665 1194 1707 exemplum
1210 1670 1328 1695 naturae
1343 1674 1498 1706 expressae

839 1715 928 1753 (vide
943 1715 983 1745 ad
998 1714 1043 1745 iii.
1061 1715 1151 1752 158,)
1164 1720 1229 1744 arte
1243 1714 1345 1744 factae.
1377 1713 1418 1743 Et
1433 1724 1498 1745 ver.

836 1765 911 1795 292.
939 1775 992 1794 ora
1021 1775 1079 1794 non
1098 1764 1197 1805 ⁸falsa.
1241 1762 1304 1799 Sic,
1333 1762 1399 1793 viii.
1427 1763 1498 1794 195.

837 1813 991 1843 Daedalus
1005 1812 1145 1843 imitatur
1160 1823 1243 1842 veras
1259 1822 1337 1842 aves.
1369 1811 1498 1848 Moneri,

835 1862 960 1898 saltare,
976 1868 1011 1892 ut
1026 1861 1110 1903 apud
1129 1860 1308 1896 Horatium,
1325 1859 1393 1890 Art.
1410 1860 1499 1891 Poet.

836 1912 910 1943 232.
939 1911 1087 1953 Utfestis
1116 1917 1255 1940 matrona
1279 1910 1389 1940 moveri
1406 1912 1496 1949 jussa

835 1962 958 1998 diebus5
983 1961 1108 1992 Lucret.
1120 1960 1160 1990 iv.
1172 1960 1245 1990 772.
1256 1970 1314 1989 non
1323 1965 1364 1989 est
1375 1960 1496 1995 mirum,

834 2010 999 2040 simulacra
1022 2011 1144 2044 moveri,
1172 2007 1362 2047 Braclziaque
1383 2010 1417 2038 in
1439 2019 1498 2037 nu-

836 2070 948 2089 merum
954 2061 1077 2099 jactare
1093 2064 1121 2088 et
1136 2063 1241 2087 coetera
1255 2058 1383 2087 membra
1395 2067 1406 2091 ,·
1429 2056 1496 2087 Ho-

836 2112 894 2138 rat.
924 2108 988 2138 Sat.
1019 2108 1045 2138 I.
1070 2107 1112 2137 ix.
1140 2107 1193 2136 24.
1221 2116 1334 2136 movere
1357 2106 1497 2136 membra.

837 2156 920 2187 Hinc
933 2155 1038 2186 Tibul.
1049 2156 1076 2186 I.
1089 2155 1141 2186 vii.
1154 2155 1205 2185 38.
1218 2155 1353 2184 suaviter
1365 2153 1402 2184 de
1414 2153 1496 2189 vino,

840 2205 937 2235 Movit
949 2210 977 2234 et
986 2205 1024 2234 acl
1036 2209 1128 2233 certos
1139 2205 1236 2234 nescia
1251 2203 1377 2232 membra
1390 2204 1496 2237 modos,

838 2254 951 2284 saltare
969 2252 1076 2283 docuit
1093 2251 1234 2282 homines
1249 2251 1353 2281 rudes.
1396 2250 1498 2281 Addit

840 2303 964 2339 Noster,
987 2305 1011 2333 si
1034 2313 1093 2332 non
1117 2303 1206 2332 obstet
1230 2301 1409 2335 reverentia,
1429 2300 1497 2330 scil.

838 2350 1007 2386 hominum,
1024 2360 1098 2380 cura
1115 2350 1216 2385 samae,
1234 2349 1286 2379 vii.
1306 2349 1378 2379 146.
1422 2349 1496 2378 Ete-

836 2399 899 2429 nim
915 2399 998 2441 apud
1014 2399 1172 2428 Romanos
1182 2398 1231 2427 vix
1248 2396 1340 2427 sobrii
1355 2396 1496 2427 homines

835 2449 1002 2483 saltabant,
1032 2453 1086 2478 aut
1121 2446 1267 2477 mulieres
1295 2446 1410 2486 probae,
1440 2445 1498 2475 nisi

837 2497 922 2528 festis
936 2497 1066 2534 diebus3
1090 2495 1161 2525 vide
1184 2494 1341 2525 Brouckh.
1357 2493 1396 2524 ad
1420 2494 1495 2524 Pro·-

836 2545 969 2587 pertium
987 2545 1046 2576 IV.
1063 2555 1092 2574 v.
1108 2545 1159 2574 45.
1204 2543 1293 2573 Male
1311 2541 1416 2583 igitur,
1431 2542 1497 2583 opi-

837 2605 902 2630 nor,
921 2593 1081 2624 Schirach.
1127 2597 1147 2610 “
1161 2591 1307 2633 Virgines
1321 2592 1400 2623 bene
1416 2591 1495 2622 edu—

837 2648 913 2673 catae
930 2652 991 2683 prae
1008 2641 1125 2683 pudore
1137 2640 1169 2671 in
1184 2640 1316 2670 virorum
1328 2645 1495 2681 conspectu

838 2691 887 2721 vix
906 2690 1021 2720 audent
1034 2701 1065 2721 se
1082 2689 1237 2721 movere.’'

969 2740 992 2768 X
