1779 3130
250 187 334 228 416
637 184 687 224 Ρ.
722 182 936 224 OVIDII
970 183 1249 235 NASONIS

248 301 315 348 Et
340 298 523 363 patulis
547 297 657 345 iniit
679 305 867 346 tectum
894 298 1105 346 sublime
1130 298 1375 346 fenestris.

246 378 345 423 Vix
369 377 498 422 bene
523 375 854 438 compositum
879 375 1009 422 lecto
1034 381 1361 439 prospexerat
1386 372 1562 436 Iphin3

248 452 522 514 Deriguere
548 452 694 507 oculi,
722 452 1016 514 calidusque
1043 468 1069 498 e
1095 467 1301 515 corpore
1320 450 1536 512 sanguis,

248 530 463 576 Inducto
488 529 691 591 pallore,
718 529 872 591 fugit3
914 536 1197 592 conataque
1222 535 1351 575 retro

246 606 395 653 Ferre
421 605 592 668 pedes,
621 606 790 662 haesit3
833 613 1013 652 conata
1038 613 1257 653 avertere
1283 605 1464 660 vultus,

249 681 358 729 Hoc
372 699 575 746 quoque
591 699 689 729 non
705 682 884 746 potuit:
904 683 1242 745 paulatimque
1254 687 1467 744 occupat
1482 687 1634 736 artus,

248 759 398 813 Quod
422 759 515 806 fuit
538 759 587 805 in
612 759 736 806 duro
755 759 1055 822 jfflnprideni.
1080 766 1296 821 pectore,
1325 771 1520 804 saxum.

248 835 390 882 Neve
415 851 473 882 ea
492 835 610 881 ficta
634 842 797 898 putes,
819 835 1035 879 dominae
1061 835 1154 879 sub
1181 834 1395 895 imagine
1421 834 1618 895 signum

250 912 426 960 Servat
461 911 625 957 adhuc
666 909 878 956 Salamis
898 926 907 956 ε
957 908 1166 956 Veneris
1204 925 1407 973 quoque
1438 909 1637 956 nomine

446 987 690 1050 templum
1541 988 1638 1032 760

247 1064 606 1128 Prospicientis
622 1063 795 1110 habet:
825 1061 1049 1116 Quorum
1063 1078 1264 1118 memor,
1284 1079 1311 1109 o
1331 1078 1457 1118 mea,
1475 1063 1638 1109 lentos

247 1141 404 1197 Pone,
426 1156 616 1205 precor,
644 1140 817 1195 fastus,
846 1146 896 1187 et
921 1140 1104 1186 amanti
1123 1142 1350 1203 jungere,
1380 1139 1634 1204 Nymphe.

249 1219 332 1265 Sic
357 1219 447 1265 tibi
472 1233 565 1265 nec
591 1233 795 1264 vernum
820 1218 1079 1265 nascentia
1101 1217 1253 1279 frigus
1279 1217 1455 1264 adurat

249 1295 423 1351 Poma,
452 1311 543 1341 nec
570 1294 826 1341 excutiant
844 1295 1003 1358 rapidi
1029 1295 1254 1342 florentia
1277 1294 1426 1341 venti.
1541 1296 1634 1339 764

315 1371 440 1418 Haec
460 1372 544 1417 ubi
565 1371 907 1433 nequidquam
932 1371 1114 1418 formas
1136 1372 1274 1418 Deus
1295 1378 1440 1435 aptus
1459 1370 1509 1417 in
1534 1386 1637 1417 om—

1539 529 1633 573 755

250 1447 440 1503 Edidit,
467 1449 516 1494 in
535 1450 770 1511 juvenem
796 1448 957 1503 rediit,
986 1456 1036 1495 et
1060 1449 1208 1496 anilia
1229 1448 1385 1495 demit
1526 1449 1639 1510 [nes

251 1525 591 1572 Instrumenta
616 1525 738 1581 sibi;
779 1526 997 1588 talisque
1024 1526 1252 1590 apparuit
1276 1526 1361 1581 illi,

251 1601 426 1656 Qualis
453 1602 538 1648 ubi
564 1601 817 1665 oppositas
844 1601 1144 1650 nitidissima
1171 1602 1301 1649 Solis
1327 1602 1490 1663 imago

250 1678 414 1725 Evicit
437 1679 612 1734 nubes,
640 1679 879 1742 nullaque
905 1681 1134 1727 obstante
1158 1680 1368 1736 reluxit;
1544 1680 1638 1724 769

248 1755 464 1818 Vimque
491 1762 657 1818 parat:
699 1756 786 1803 sed
811 1756 857 1802 vi
883 1773 980 1803 non
1007 1764 1085 1804 est
1110 1774 1262 1821 opus;
1303 1758 1454 1819 inque
1480 1756 1639 1818 figura

247 1831 412 1894 Capta
438 1832 532 1879 Dei
560 1833 798 1896 Nymphe
824 1840 915 1889 est,
944 1840 994 1881 et
1019 1841 1194 1882 mutua
1217 1835 1425 1881 vulnera
1449 1833 1616 1880 sentit.

291 2040 364 2070 753.
392 2040 446 2069 Vir
467 2040 563 2079 bema]
594 2040 691 2069 Poeta
714 2039 802 2070 addit
825 2041 907 2075 bene,

246 2094 281 2120 ut
308 2089 456 2130 majorem
486 2088 631 2119 ostendat
659 2088 908 2126 festinationem;

246 2138 290 2169 sie
307 2138 381 2168 alibi
400 2138 450 2168 Vi1
468 2139 537 2168 bene
550 2140 696 2175 desierat,-
721 2143 752 2168 et
771 2138 825 2167 Vix
841 2140 910 2168 bene

249 2191 352 2218 missus
375 2194 459 2224 erat‚·
484 2187 527 2218 sic
551 2187 630 2217 infra
648 2188 703 2217 Via:
727 2189 797 2217 bene
815 2189 908 2218 desie-

247 2244 332 2267 rant.
378 2236 526 2267 Heinsius
555 2237 608 2277 qui
638 2239 825 2276 compositum
856 2247 910 2278 pro

248 2288 413 2325 impositum
436 2285 564 2326 recepit,
580 2285 658 2315 illud
683 2285 825 2316 defendit
849 2295 910 2315 non

247 2335 307 2365 nisi
322 2335 359 2364 iis
374 2333 451 2365 locis
472 2334 526 2364 ubi
546 2334 584 2364 de
606 2334 760 2364 cineribus
776 2338 911 2372 composi-

250 2386 296 2419 tis,
314 2384 371 2414 hoc
392 2389 449 2419 est,
466 2384 497 2412 in
512 2389 748 2413 monumentum
765 2382 909 2418 conditis,

247 2443 346 2464 sermo
362 2438 418 2463 est.
463 2432 597 2463 Rectius
612 2432 771 2463 laudasset
783 2433 824 2462 ix.
837 2433 910 2463 503.

248 2489 366 2522 toroque
384 2482 508 2511 Mortua
524 2492 691 2520 componor,
704 2482 756 2511 ubi
772 2481 841 2511 vide
856 2491 910 2511 no-

248 2537 311 2560 tam
328 2536 482 2561 nostram:
507 2530 683 2560 Mitscherl.
700 2535 803 2560 tamen
823 2532 911 2569 impo—

249 2581 337 2609 situm
354 2578 501 2620 praetulit.

292 2628 366 2658 761.
394 2627 633 2667 Prospicientis]
659 2628 728 2658 Hoc
741 2637 911 2668 cognomen

250 2676 375 2717 accepit
390 2686 408 2705 a
423 2676 521 2706 forma
533 2676 747 2718 prospicientis
758 2675 796 2706 de
813 2676 911 2707 fenes-

247 2732 294 2756 tra
316 2725 519 2761 Anaxeretes,
540 2736 610 2766 quae
635 2725 745 2756 eadem
768 2724 870 2766 specie
893 2736 911 2756 a

978 2041 1101 2070 Venere
1122 2038 1153 2070 in
1177 2050 1286 2070 saxum
1309 2049 1456 2070 conversa
1476 2039 1545 2070 fuit.
1591 2040 1642 2070 Ita

976 2095 1061 2119 recte
1077 2089 1241 2129 Micyllus.

1022 2138 1095 2168 762.
1135 2138 1245 2167 Lentos
1271 2138 1388 2178 fastus,
1420 2138 1473 2179 qui
1507 2137 1641 2169 reddunt

978 2187 1099 2228 puellas
1124 2188 1229 2223 lenta-s,
1252 2187 1282 2217 id
1308 2192 1354 2218 est
1380 2186 1541 2225 difficiles;
1572 2187 1640 2218 vide

978 2235 1017 2266 ad
1034 2235 1100 2266 xiii.
1120 2236 1192 2266 799.

1022 2285 1097 2315 763.
1124 2285 1172 2314 Sic
1194 2284 1262 2326 ejus
1281 2291 1338 2320 est,
1355 2284 1420 2326 qui,
1440 2290 1475 2315 ut
1498 2284 1642 2326 impetret

979 2334 1017 2363 ab
1039 2334 1134 2364 altero
1150 2334 1233 2375 quod
1256 2334 1397 2376 petierat,
1413 2345 1484 2364 cum
1503 2334 1639 2364 obtesta-

978 2382 1061 2412 tione
1071 2382 1099 2412 ei
1108 2388 1291 2424 apprecatur
1299 2382 1428 2424 aliquid.
1444 2383 1538 2412 Urere
1546 2381 1642 2412 etiam

979 2430 1018 2460 de
1035 2431 1146 2472 frigore
1162 2431 1295 2468 dicitur;
1321 2431 1390 2462 Cic.
1407 2431 1499 2462 Tusc.
1513 2431 1547 2461 ii.
1567 2432 1618 2461 17.

1023 2480 1096 2509 766.
1124 2481 1229 2509 sinilia
1258 2483 1456 2510 instrumenta
1481 2480 1641 2520 eleganter

980 2534 1072 2558 vocat
1094 2539 1197 2569 rugas,
1214 2539 1306 2560 canos
1330 2535 1361 2560 et
1381 2529 1511 2570 reliqua,
1528 2528 1640 2570 quibus

977 2577 1142 2612 efficiebat,
1154 2584 1187 2608 ut
1199 2588 1276 2608 anus
1289 2589 1354 2609 esse
1368 2579 1542 2616 videretur3
1558 2578 1638 2608 conf.

978 2636 1057 2657 vers.
1073 2627 1145 2657 654.
1162 2632 1193 2657 et
1213 2628 1288 2658 655.

1022 2676 1097 2706 770.
1130 2676 1167 2706 In
1182 2677 1292 2718 figura
1315 2678 1392 2716 capi,
1409 2682 1443 2707 ut
1459 2676 1498 2707 vi.
1515 2677 1590 2708 490.
1607 2679 1640 2708 in

979 2726 1032 2755 illu
1048 2731 1174 2762 astum,-
1198 2726 1263 2757 viii.
1279 2726 1332 2757 50.
1348 2729 1424 2757 arsit
1439 2727 1469 2756 ῖη
1486 2726 1552 2757 illa.
