1779 3130
223 207 306 247 :378
611 205 660 244 P.
696 202 906 244 OVIDII
945 203 1221 244 NASONIS

228 321 356 366 Cum
383 318 509 365 duce
539 318 744 364 Cnmaea
769 317 893 364 fallit
917 332 1143 364 sermone
1172 318 1408 364 laborem.
1483 317 1607 381 [pit;

226 396 462 457 Dumque
483 394 573 441 iter
591 394 892 442 horrendum
913 411 1001 458 per
1021 409 1180 457 opaca
1200 394 1493 456 crepuscula
1507 409 1613 440 car—

226 477 256 495 “
282 471 382 517 Seu
412 471 520 518 Dea
544 478 597 517 tu
623 487 858 534 praesenS,
881 488 968 517 seu
997 471 1086 517 Dis
1112 470 1439 532 gratissima‚''
1456 470 1610 524 dixit;

225 553 255 570 “
279 546 511 593 Numinis
537 547 693 593 instar
718 547 813 593 eris
835 562 1032 609 semper
1050 547 1194 592 mihi:
1224 563 1405 609 meque
1426 546 1616 593 fatebor

225 621 450 669 Muneris
476 638 587 669 esse
614 623 700 677 tui,
730 638 842 684 quae
869 639 947 669 me
974 623 1084 669 loca
1107 622 1277 669 mortis
1303 623 1453 677 adire,
1524 625 1614 668 125

225 698 349 752 Quae
376 700 484 746 loca
509 716 587 746 me
613 700 728 746 visae
755 700 951 746 voluisti
977 700 1185 747 evadere
1213 700 1398 746 mortis.

224 775 324 822 Pro
350 777 532 838 quibus
559 777 714 823 aerias
740 777 928 823 meritis
955 784 1156 823 evectus
1183 777 1243 822 ad
1274 792 1417 822 auras

224 851 434 914 Templa
458 852 549 898 tibi
576 860 806 907 statuam,
828 852 1041 899 tribuam
1066 853 1155 898 tibi
1182 853 1303 899 turis
1330 853 1614 899 honorem.''

219 928 449 992 Respicit
473 930 604 975 hunc
630 937 783 983 vates,
807 936 857 976 et
882 930 1210 992 suspiratibus
1238 930 1443 985 haustis,

223 1011 251 1028 “
265 1004 374 1051 Nec
394 1005 503 1052 Dea
518 1006 675 1060 sum,'’
692 1006 835 1060 dixit,
859 1011 997 1053 “nec
1016 1007 1141 1054 sacri
1163 1007 1285 1054 turis
1306 1008 1489 1053 honore
1521 1010 1612 1053 130

221 1080 508 1128 Humanum
534 1082 739 1144 dignare
765 1090 942 1145 caput:
983 1100 1079 1130 neu
1105 1084 1303 1131 nescius
1330 1099 1478 1134 erres,

220 1157 330 1204 Lux
356 1166 540 1206 aeterna
564 1159 700 1213 mihi,
728 1160 1041 1223 carituraque
1068 1160 1164 1207 fine
1190 1161 1416 1215 dabatur,

222 1234 274 1280 Si
302 1251 412 1282 mea
436 1236 689 1297 virginitas
715 1236 907 1283 Phoebo
932 1237 1176 1300 patuisset
1201 1237 1400 1283 amanti.

223 1310 356 1358 Dum
374 1319 540 1359 tamen
557 1313 682 1359 hanc
701 1322 882 1376 sperat,
901 1314 1018 1360 dum
1036 1329 1454 1377 praecorrumpere
1470 1314 1612 1360 donis

219 1387 307 1435 Me
332 1388 497 1451 cupit3
541 1396 552 1412 ‘
577 1389 736 1452 Elige,
765 1391 847 1446 ait,
875 1391 1010 1453 virgo
1039 1391 1262 1445 Cumaea‚
1291 1390 1410 1452 quid
1436 1398 1606 1453 optes:

222 1463 423 1527 Optatis
450 1466 638 1528 potiere
663 1466 761 1512 tuis
781 1466 808 1513 :'
848 1483 940 1528 ego
966 1467 1181 1530 pulveris
1208 1467 1371 1513 hausti
1520 1469 1610 1512 136

221 1539 508 1588 Ostendens
534 1544 803 1599 cumulum,
827 1551 951 1606 quot
975 1543 1181 1590 haberet
1206 1559 1412 1605 corpora
1431 1543 1606 1606 pulvis,

217 1616 312 1663 Tot
337 1617 454 1663 mihi
480 1619 669 1666 natales
696 1620 982 1682 contingere
1006 1636 1132 1666 vana
1157 1620 1338 1682 rogavi.

220 1692 421 1740 Excidit
445 1702 669 1757 optarem
688 1698 897 1759 juvenes
924 1713 1125 1759 quoque
1152 1696 1376 1759 protinus
1402 1711 1554 1742 annos
1576 1713 1585 1742 :

219 1767 324 1815 Hos
345 1776 512 1817 tamen
539 1771 620 1818 ille
646 1771 766 1818 mihi
785 1773 951 1829 dabat,
971 1780 1308 1835 aeternamque
1329 1773 1602 1834 juventam,

946 1957 999 1988 sed
1036 1958 1187 1988 reclamat
1218 1957 1277 1988 loci
1312 1956 1416 1988 series.
1463 1957 1608 1988 Numinis

215 1962 233 1981 a
260 1952 392 1983 librariis
417 1954 589 1995 profectum
619 1955 751 1991 videtur,
780 1967 875 1998 quum

204 2002 299 2041 fallit
315 2002 407 2033 facile
423 2003 558 2044 potuerit
573 2005 670 2046 repeti
687 2016 723 2035 ex
741 2007 780 2036 vi.
796 2007 848 2037 60.

261 2051 330 2080 122.
355 2052 454 2090 Opaca
468 2055 658 2092 crepuscula,
671 2054 723 2084 lux
741 2055 879 2095 maligna

215 2107 246 2131 et
262 2101 371 2131 similis
385 2102 580 2143 crepusculO‚
592 2103 684 2143 quale
701 2103 784 2144 apud
800 2104 878 2134 infe-

214 2160 261 2180 ros
282 2160 347 2180 esse
369 2151 463 2181 solet:
489 2150 533 2181 Sic
557 2154 678 2182 obscura
703 2154 876 2192 crepuscula

214 2197 252 2229 de
267 2209 395 2240 vespera
412 2199 443 2229 in
461 2205 583 2230 noctem
599 2200 780 2237 inclinante,
791 2202 877 2232 Fast.

215 2258 246 2277 v.
267 2248 346 2283 1633
370 2248 482 2279 inferos
498 2259 569 2279 vero
590 2261 710 2288 opacum
731 2252 876 2280 mundum

215 2296 293 2326 dicit
310 2298 442 2327 Metam.
461 2308 489 2327 v.
504 2298 564 2328 507
580 2309 587 2335 3
613 2298 721 2329 Burm.

260 2346 330 2376 125.
364 2346 504 2376 Muneris
527 2357 582 2377 esse
608 2349 665 2382 tui,
681 2347 810 2382 fatebor,
827 2358 875 2378 me

213 2392 326 2423 debere
356 2404 405 2425 me
434 2405 567 2436 meaque
596 2402 709 2426 cuncta
739 2395 813 2434 tibi3
847 2408 875 2426 v.

212 2442 287 2472 343.
306 2443 422 2473 Cereris
436 2454 535 2474 sumus
550 2446 647 2474 omniu
665 2456 782 2475 munus.
818 2446 876 2476 Ae-

216 2492 274 2520 rius
289 2502 381 2521 auras
396 2491 437 2521 ix.
453 2492 530 2522 219.

260 2540 331 2570 128.
360 2540 478 2580 Templa
495 2543 548 2571 tibi
563 2548 704 2578 statuam,
721 2543 799 2582 etc.]
826 2543 876 2574 Cf.

217 2587 328 2628 Virgil.
344 2589 376 2619 d.
392 2589 413 2619 1.
429 2590 567 2621 71-74,
583 2591 635 2621 ubi
651 2591 737 2622 libris
750 2591 876 2632 Sibylli-

214 2635 262 2666 nis
278 2637 421 2668 honorem
435 2638 612 2670 habendum
628 2639 789 2682 promittit.
826 2641 875 2672 De

215 2683 301 2714 libris
317 2685 379 2714 illis
395 2686 488 2717 etiam
504 2687 571 2718 haec
588 2694 690 2718 nostra
706 2689 799 2719 verba
820 2699 873 2719 ca-

214 2732 327 2772 pienda
353 2744 419 2764 esse
442 2741 548 2765 censet
574 2736 715 2776 Heynius
739 2736 777 2766 nd
802 2736 832 2766 d.
853 2736 874 2766 1.

945 2006 1022 2037 1111111
1044 2006 1141 2036 instar
1158 2007 1227 2041 eris,
1243 2006 1361 2046 templa
1383 2006 1438 2035 tibi
1460 2012 1606 2041 statuam,

945 2061 975 2086 et
1001 2055 1076 2085 turis
1097 2055 1242 2085 honorem
1265 2056 1410 2085 tribuam.
1458 2055 1521 2085 Nec
1543 2056 1607 2086 Deir

943 2116 1017 2137 sum.
1030 2115 1082 2134 uec
1095 2109 1162 2134 ture
1177 2104 1305 2144 dignum
1320 2103 1488 2134 humanum
1503 2111 1608 2145 caput.

991 2153 1064 2182 134.
1112 2152 1368 2191 Ρι·ιῑίὀ.>·]’ῑι,ἰη)θι’0
1406 2154 1502 2187 donis,
1534 2158 1604 2182 ante

945 2211 1140 2242 corrumpere
1169 2200 1269 2237 donis,
1299 2211 1393 2241 quam
1429 2201 1607 2232 concubitu.

945 2249 1125 2291 Dupliciter
1152 2249 1357 2291 corrumpitur
1384 2249 1468 2290 virgo
1492 2256 1606 2288 patens,

945 2310 1015 2340 quae
1028 2298 1074 2329 sui
1090 2298 1180 2328 facile
1197 2299 1317 2340 copiam
1341 2298 1426 2330 facit.
1472 2299 1605 2329 Praecor-

944 2355 1034 2387 rupta
1052 2348 1145 2377 etiam
1161 2347 1203 2377 ix.
1220 2348 1283 2377 296
1299 2359 1305 2384 3
1330 2347 1402 2378 vide
1419 2347 1457 2377 ad
1476 2358 1537 2378 rer.
1553 2350 1605 2378 55.

991 2397 1063 2426 137.
1091 2396 1167 2430 Quot
1185 2396 1314 2431 haberet,
1329 2396 1405 2435 etc.]
1431 2396 1520 2427 Unus
1535 2397 1605 2427 Me-

944 2444 1053 2475 diceus
1068 2451 1137 2485 quot
1153 2446 1305 2476 haberent.
1342 2446 1463 2475 EJcidit
1475 2452 1603 2483 optarem

943 2503 980 2524 ex
1004 2493 1101 2523 altero
1123 2493 1365 2534 Hamburgensi,
1384 2504 1444 2523 uno
1460 2493 1605 2524 Leidensi

944 2547 976 2571 et
1001 2552 1061 2571 uno
1088 2552 1143 2572 suo
1173 2542 1260 2572 dedit
1286 2541 1452 2580 Heinsiu53
1487 2543 1604 2577 caeteri,

943 2592 1053 2620 ercidit
1071 2597 1107 2620 ut
1124 2597 1263 2629 peterem.
1307 2591 1397 2621 Hanc
1419 2596 1604 2631 postremam

943 2639 1107 2669 lectionem
1123 2639 1240 2669 habent
1255 2639 1378 2669 codices
1393 2639 1501 2680 Regii:
1526 2645 1557 2670 et
1572 2641 1602 2670 in

943 2687 1050 2718 codice
1082 2688 1122 2719 A.
1152 2687 1265 2728 legitur
1297 2687 1506 2719 interlinearis
1536 2688 1603 2718 haec

942 2737 1060 2777 glossa:
1087 2738 1201 2768 excidit
1219 2747 1234 2767 a
1250 2743 1362 2767 mente.
