1779 3130
218 171 302 213 380

604 169 654 209 P.
689 168 903 209 OVIDII
940 169 1216 211 NASONIS

223 284 437 332 Sedibus
464 281 737 330 Euboicam
765 283 954 346 Stygiis
980 284 1187 345 emergit
1212 283 1261 329 in
1289 284 1460 330 urbem
1516 287 1606 331 155

221 360 394 406 Troius
421 357 627 415 AEneas;
669 360 924 422 sacrisque
950 377 1013 407 ex
1039 376 1174 407 more
1199 360 1368 417 litatis,

222 436 388 482 Litora
413 435 515 481 adit
539 436 758 482 nondum
783 436 988 482 nutricis
1014 436 1248 483 habentia
1272 451 1466 482 nomen.

223 511 319 558 Hic
345 528 547 574 quoque
574 512 864 559 substiterat
887 521 1001 577 post
1025 513 1173 560 taedia
1197 514 1346 575 longa
1368 513 1593 559 laborum

222 587 442 634 Neritius
471 587 751 644 Macareus,
780 605 947 636 comes
974 589 1278 652 experientis
1302 588 1485 635 Ulixei.

224 664 491 711 Desertum
517 665 768 728 quondam
788 666 964 712 mediis
988 666 1072 728 qui
1091 666 1297 729 rupibus
1323 665 1482 712 AEtnae
1519 667 1612 712 160

223 741 399 788 Noscit
417 741 824 796 Achaemeniden,
852 742 1219 805 improvisoque
1246 749 1498 804 repertum

225 818 403 865 Vivere
429 818 661 874 miratus3
707 824 736 842 “
765 818 861 872 Qui
888 827 936 865 te
963 834 1186 873 casusve,
1215 818 1415 864 Deusve

225 894 797 948 Servat‚Achaemenide?
813 895 946 951 cur,'’
958 895 1173 958 inquit‚“
1186 895 1396 942 barbara
1408 895 1613 941 Graium

223 971 379 1018 Prora
401 971 569 1018 vehit?
606 971 792 1034 petitur
815 978 991 1018 vestrae
1018 987 1128 1033 quae
1153 978 1284 1018 terra
1309 971 1486 1018 carinae
1504 971 1552 1017 ?’'

224 1047 367 1093 Talia
391 1047 635 1109 quaerenti
653 1049 758 1110 jam
783 1064 880 1094 non
902 1048 1120 1094 hirsutus
1147 1048 1348 1102 amictu,

1524 1050 1614 1094 165

225 1124 339 1170 Jam
366 1141 500 1180 suus,
529 1132 579 1171 et
603 1125 759 1187 spinis
786 1132 1013 1172 conserto
1039 1125 1258 1186 tegmine
1284 1124 1447 1180 nullis,

227 1201 379 1248 Fatur
398 1201 803 1249 Achaemenides:
834 1201 1021 1249 Iterum
1042 1202 1408 1265 Polyphemon,
1431 1208 1481 1247 et
1506 1201 1615 1247 illos

226 1277 484 1340 Aspiciam
509 1277 687 1324 fluidos
712 1278 927 1325 humano
954 1279 1194 1340 sanguine
1220 1278 1399 1334 rictus3

227 1353 338 1400 Hac
365 1353 484 1399 mihi
511 1353 551 1399 si
577 1354 738 1416 potior
762 1354 939 1401 domus
966 1362 1042 1402 est
1066 1354 1340 1417 Ithaceque
1365 1353 1559 1401 carina:

230 1430 283 1477 Si
302 1430 465 1476 minus
483 1430 673 1477 AEnean
688 1447 898 1478 veneror
914 1431 1151 1493 genitore,
1170 1447 1260 1478 nec
1278 1447 1497 1494 unquam
1521 1434 1614 1478 170

228 1579 315 1610 dedit
331 1579 441 1610 Caieta
456 1580 566 1610 AEneae
584 1579 706 1617 nutrix3
731 1579 819 1620 Virg.
837 1579 888 1610 vii.

229 1628 297 1658 init.

275 1678 346 1708 158.
381 1677 441 1707 Hic
469 1688 580 1717 quoque
605 1678 788 1713 substiterat,
812 1678 888 1718 etc.]

229 1725 267 1755 In
288 1724 395 1755 Sicilia
411 1725 551 1756 desertus
573 1731 638 1756 erat
653 1736 732 1756 unus
747 1737 784 1757 ex
800 1727 891 1756 sociis

230 1774 364 1816 UlyssiS,
396 1774 658 1813 Achaemenides3
697 1775 785 1816 Virg.
818 1776 891 1805 iEn.

230 1822 274 1852 iii.
285 1823 348 1853 590
363 1833 422 1863 sqq
437 1834 444 1859 3
469 1823 523 1853 sed
536 1823 583 1853 hic
597 1835 708 1863 quoque
724 1824 803 1854 alius
819 1824 892 1854 sub-

231 1871 371 1902 stiterat:
410 1871 499 1912 cujus
529 1872 571 1901 rei
598 1882 693 1902 causa
722 1882 786 1902 ver.
816 1873 891 1902 440.

232 1925 382 1949 narratur.
426 1920 467 1949 Et
492 1919 550 1949 hoc
576 1920 664 1949 finxit
689 1920 773 1950 haud
799 1920 892 1950 dubie

232 1968 366 1999 Ovidius
395 1968 460 2009 ipse
488 1968 527 1998 ad
553 1969 730 2010 exemplum
757 1969 893 2009 Virgilii.

232 2018 301 2047 Nec
331 2017 426 2046 male.
486 2017 537 2047 Ita
565 2017 647 2047 enim
678 2018 894 2057 cognoscimus

232 2065 353 2106 reliqua
368 2064 406 2095 de
423 2064 627 2106 Polyphemo,
644 2072 674 2096 et
689 2065 727 2095 de
744 2066 894 2096 erroribus

233 2113 365 2155 Ulyssis.
411 2114 592 2149 Subsistunt,
619 2115 672 2155 qui
704 2120 826 2145 cessant
855 2115 894 2144 ab

232 2163 342 2193 itinere
375 2169 406 2193 et
442 2162 558 2193 haerent
593 2164 710 2204 aliquo.
759 2164 896 2193 Neritius

234 2212 310 2242 forte
327 2222 342 2242 a
360 2212 477 2246 Ner-ito,
489 2218 587 2252 patre,
602 2212 721 2243 Ithacae
738 2212 895 2243 conditore

235 2267 267 2291 et
293 2271 391 2301 genus
417 2271 435 2290 a
460 2262 538 2292 Jove
566 2261 712 2297 ducente,
738 2271 754 2291 a
779 2271 840 2301 quo
864 2267 896 2291 et

236 2309 356 2345 Nerito,
369 2309 486 2339 Ithacae
500 2310 606 2344 monti,
618 2320 730 2340 nomen
745 2310 895 2347 inditum3

237 2359 364 2388 Homer.
381 2357 441 2388 Od.
460 2362 497 2388 P.
512 2359 588 2388 207.
608 2358 714 2399 ibique
737 2358 840 2389 Schol.
858 2369 895 2388 ex

240 2407 400 2437 Acusilao.
448 2407 619 2446 Esperiens,
631 2414 776 2449 expertus
787 2407 896 2443 multa,

238 2456 336 2486 multa
370 2455 508 2486 subiens.
556 2456 666 2487 Mediis
702 2458 836 2495 rupibus.
866 2456 897 2487 in

240 2511 327 2535 antro
341 2504 524 2545 Polyphemi
540 2505 615 2535 socii
631 2505 742 2547 trepidi
758 2516 828 2536 eum
845 2505 897 2536 de-

238 2559 417 2591 seruerant3
436 2553 525 2594 Virg.
542 2555 604 2584 616
618 2565 687 2595 sqq.
725 2555 784 2584 Pro
800 2556 899 2585 mediis

240 2603 288 2640 qui
310 2603 433 2638 rupibus
448 2601 542 2642 vulgo
564 2605 593 2632 iu
617 2605 750 2642 rupibus,
767 2609 797 2633 et
818 2613 899 2638 mox,

243 2649 316 2682 Quis
338 2656 374 2678 te.
421 2650 502 2680 Vide
518 2651 733 2681 Burmannurn
751 2651 789 2681 ad
808 2651 898 2682 Phae-

242 2697 341 2733 durni,
357 2698 382 2727 Ι.
398 2699 460 2728 fab.
477 2698 542 2729 xiii.
556 2700 584 2730 6.
600 2700 651 2730 ubi
666 2700 832 2735 existimat,
845 2711 897 2730 ve·

957 1586 1038 1610 teres
1063 1585 1162 1610 certos
1183 1579 1277 1610 fuisse
1302 1578 1466 1620 elegantiae
1491 1589 1565 1613 suae.
1589 1584 1622 1609 et

957 1628 1010 1659 ubi
1026 1630 1088 1668 qni,
1107 1627 1159 1658 ubi
1182 1630 1245 1668 quis
1259 1632 1430 1669 praestaret,
1447 1638 1503 1658 usu
1524 1628 1619 1658 fuisse

958 1676 1076 1712 doctos,
1095 1677 1168 1707 licet
1191 1687 1246 1707 nos
1266 1687 1347 1718 saepe
1369 1676 1400 1706 in
1422 1675 1469 1706 his
1488 1676 1619 1706 fluctue-

959 1735 1038 1756 mus.
1085 1725 1234 1760 Barbara,
1263 1724 1399 1765 Phrygia
1435 1724 1495 1765 (xi.
1528 1724 1619 1764 162.)

958 1774 1101 1815 Trojana.
1147 1774 1187 1803 Et
1201 1772 1312 1804 mirum
1325 1779 1400 1809 erat,
1418 1773 1450 1803 in
1466 1783 1503 1803 ea
1519 1773 1620 1803 classe

960 1833 1026 1853 esse
1048 1822 1188 1853 Graium.
1234 1822 1347 1862 Itaque
1370 1821 1435 1863 ipse
1454 1821 1620 1852 Achaeme-

961 1871 1048 1902 nides
1063 1871 1121 1901 hoc
1139 1881 1200 1901 ver.
1216 1872 1289 1901 220.
1305 1871 1427 1912 repetit.

1007 1920 1078 1950 166.
1119 1919 1208 1955 Suus,
1233 1919 1285 1960 qui
1305 1920 1370 1960 jam
1395 1918 1434 1949 ad
1457 1918 1620 1960 pristinum

961 1969 1079 1998 cultum
1108 1967 1252 2003 redierat,
1279 1973 1314 1997 ut
1345 1967 1469 2008 agnosci
1504 1971 1620 2008 posset.

963 2017 1062 2057 Spinis
1086 2023 1263 2051 consertum,
1291 2022 1467 2051 consutum,
1493 2022 1621 2056 tegmen,

961 2076 999 2095 ne
1018 2065 1114 2107 panni
1131 2064 1353 2095 dilaberentur.
1398 2065 1476 2094 Haec
1497 2074 1623 2105 quoque

963 2114 1085 2154 Virgilii
1103 2114 1207 2148 verba,
1218 2124 1281 2144 ver.
1295 2114 1368 2144 593.
1380 2112 1418 2143 de
1435 2113 1492 2143 hoc
1507 2112 1623 2143 Achae-

962 2161 1107 2192 menide:
1158 2162 1237 2191 Dira
1275 2163 1406 2197 illuvies,
1442 2163 1625 2202 immissaque

964 2213 1064 2247 barba,
1092 2212 1265 2241 consertum
1291 2218 1428 2252 tegumen
1454 2213 1565 2251 spinis:
1593 2218 1624 2241 at

965 2267 1071 2291 caetera
1090 2260 1218 2290 Graius.

1010 2309 1080 2340 167.
1103 2309 1455 2349 Fata1·Achaemenides.]
1480 2309 1626 2350 Sequitur

963 2359 1060 2388 oratio
1086 2357 1180 2388 animi
1208 2357 1450 2393 commotissimi,
1476 2368 1533 2388 nec
1559 2358 1626 2390 sine

964 2406 1086 2437 horrore
1108 2405 1331 2436 reminiscentis
1351 2406 1523 2446 gravissimi
1542 2406 1624 2448 peri-

965 2455 1038 2491 culi,
1054 2466 1090 2485 ex
1107 2465 1168 2496 quo
1183 2455 1396 2496 inexspectato
1413 2461 1552 2486 servatus
1565 2461 1624 2486 est.

965 2504 1068 2534 Etiam
1081 2505 1181 2544 gravis
1193 2504 1248 2534 illa
1261 2504 1435 2539 obtestatio,
1446 2506 1553 2534 iterum
1566 2505 1623 2534 Po-

967 2555 1131 2594 lyphemon,
1148 2558 1208 2583 etc.
1225 2563 1375 2594 perquam
1391 2553 1625 2584 accommodata

965 2602 1291 2633 Achaemenidissorti.
1330 2602 1453 2632 Fluidos
1467 2605 1625 2644 sanguine,

967 2650 1048 2680 unde
1077 2651 1195 2681 fluebat
1227 2649 1373 2690 sangui53
1413 2651 1506 2681 etiam
1536 2651 1626 2691 Virg.

968 2700 1039 2729 626.
1055 2706 1120 2728 atro
1134 2700 1402 2740 viembrtifluentiu
1421 2700 1496 2729 tabo.
