1779 3130
385 149 1003 191 METAMORPHOSEON
1040 150 1157 193 LIB.
1192 151 1282 193 IX.

1437 154 1522 196 119

143 264 270 311 Utve
296 272 445 311 tenax
472 264 673 326 gravida
698 271 866 311 manat
889 265 1064 312 tellure
1089 264 1342 322 bitumen3

141 339 269 386 Utve
295 341 388 386 sub
413 340 679 387 adventum
706 340 937 402 spirantis
962 341 1074 388 lene
1101 341 1283 388 Favoni

1426 346 1523 390 660

141 415 255 462 Sole
282 415 597 471 remollescit,
625 431 736 477 quae
760 415 940 477 frigore
966 417 1188 463 constitit
1211 418 1359 472 unda,

143 491 228 538 Sic
253 491 467 538 lacrimis
493 498 790 554 consumpta
810 492 912 538 suis
939 492 1180 540 Phoebeia
1207 493 1384 556 Byblis

137 567 359 615 Vertitur
384 568 433 614 in
460 567 662 622 fontem,
691 568 775 630 qui
803 583 933 614 nunc
959 585 1160 631 quoque
1182 570 1391 617 vallibus
1417 570 1512 618 illis

138 644 335 692 Nomen
356 645 507 692 habet
531 645 770 701 dominae3
801 645 1040 708 nigraque
1067 646 1159 692 sub
1181 646 1292 692 ilice
1318 655 1502 694 manat.

204 720 298 767 IX.
340 720 492 767 Fama
516 721 626 767 novi
651 727 854 767 centum
882 721 1102 768 Cretaeas
1128 721 1332 769 forsitan
1357 724 1506 770 urbes

143 795 406 859 Implesset
430 796 664 852 monstri;
706 797 745 842 si
772 813 868 843 non
895 797 1132 844 miracula
1156 814 1313 861 nuper

1428 802 1524 846 666

138 873 314 936 Iphide
341 881 530 920 mutata
556 874 707 920 Crete
732 873 963 937 propiora
985 874 1198 921 tulisset.

136 949 372 997 Proxima
399 950 648 997 Gnosiaco
672 966 786 997 nam
813 952 1065 1013 quondam
1093 951 1314 998 Phaestia
1337 967 1488 1013 regno

136 1026 409 1089 Progenuit
433 1027 596 1084 tellus,
624 1028 791 1090 ignoto
815 1028 1015 1079 nomine
1042 1028 1271 1091 Ligdum,

177 1211 252 1242 663.
271 1210 409 1241 Vertitur
425 1210 609 1252 insontem]
630 1211 743 1242 Noster
753 1211 794 1242 A.

137 1259 176 1291 A.
191 1259 297 1296 tradit,
315 1270 385 1290 earn
409 1259 522 1300 laqueo
548 1259 642 1290 vitam
666 1260 792 1291 finiisse.

136 1308 204 1339 Nee
228 1307 316 1338 aliter
340 1308 459 1339 Conon.
474 1314 588 1344 narrat,
605 1310 636 1339 2.
660 1314 691 1339 et
718 1309 792 1339 Par-

134 1357 220 1388 then.
229 1358 314 1387 Erot.
324 1357 372 1387 xi:
385 1357 564 1388 Antoninus
576 1357 728 1388 Liberalis
739 1368 794 1388 au-

134 1412 208 1443 tem,
220 1408 272 1437 30.
288 1413 395 1437 auctor
410 1413 468 1442 est,
483 1417 551 1437 eam
568 1407 599 1437 in
615 1407 792 1449 Hamadry-

135 1456 224 1486 adem
241 1466 307 1487 esse
324 1466 342 1486 a
352 1456 508 1498 Nymphis
520 1462 684 1491 mutatam,
698 1467 794 1497 quum

134 1515 167 1536 se
179 1505 327 1536 voluisset
338 1516 354 1536 e
367 1506 494 1547 scopulo
507 1506 698 1547 praecipitem
709 1505 794 1542 dare,

136 1560 167 1585 et
191 1555 305 1585 fontem
330 1564 346 1584 e
370 1564 445 1584 saxo
469 1561 648 1585 manantem
675 1555 794 1585 dictum

136 1602 277 1645 δάκρυον
290 1602 452 1643 Βίβλιόος.
480 1605 679 1634 Burmannus
694 1605 793 1646 suspi-

135 1658 235 1687 catur,
248 1662 317 1682 eam
333 1652 532 1693 suspendisse
549 1663 581 1683 se
598 1653 637 1683 ad
655 1654 751 1683 ilicem
763 1658 794 1684 et

133 1701 206 1731 inde
228 1700 394 1731 delicuisse
418 1700 450 1730 in
473 1701 602 1732 fontem.
654 1702 793 1732 Fuerunt

134 1749 219 1780 haud
231 1749 332 1780 dubiae
345 1749 437 1780 variae
451 1749 489 1781 de
504 1760 542 1780 ea
558 1760 588 1781 re
602 1750 793 1781 traditiones.

137 1799 251 1829 Nomen
277 1800 411 1835 dominre,
441 1799 552 1839 Byblis
580 1800 650 1829 fons
676 1800 792 1840 passim

134 1853 401 1879 commemoratur.
449 1848 550 1889 Nigra
575 1858 593 1879 a
619 1848 792 1889 nigricante

134 1897 243 1928 virore.
288 1896 338 1927 Sic
354 1903 385 1927 et
398 1897 488 1938 Virg.
504 1897 575 1928 Ecl.
592 1896 633 1928 vi.
648 1899 700 1928 55.
717 1897 791 1929 Cul.

137 1947 208 1977 138.
232 1948 308 1977 ilicis
331 1953 356 1976 et
384 1949 476 1987 nigrae
502 1948 617 1986 species.
661 1946 713 1977 De
739 1947 793 1978 illo

125 1996 218 2036 fonte
233 2001 264 2025 et
278 1996 354 2025 valle
369 1994 440 2025 vide
457 1995 495 2026 ad
510 2005 573 2026 ver.
588 1995 663 2026 633.

177 2045 358 2075 665-796.
382 2044 465 2083 Iphis
480 2055 577 2085 quum
589 2043 719 2074 Ianthen
734 2055 791 2074 ux-

133 2104 216 2124 orem
240 2094 354 2125 ducere
380 2093 489 2129 vellet,
516 2092 609 2124 Isidis
635 2092 750 2124 auxilio
773 2103 792 2123 e

135 2142 253 2182 virgine
269 2147 407 2173 mutatur
422 2141 454 2171 in
470 2152 613 2183 puerum.
659 2141 736 2171 Ilaec
752 2151 790 2172 ex

134 2191 295 2222 Nicandro
318 2191 410 2222 refert
433 2191 550 2221 Anton.
566 2190 635 2220 Lib.
652 2200 721 2232 cap.
739 2191 790 2220 17.

135 2240 218 2279 Iphis
244 2239 287 2270 ibi
312 2244 441 2270 vocatur
470 2238 659 2280 Leucippus.
703 2238 792 2269 Reli-

134 2299 212 2330 quas
235 2288 400 2319 varietates
421 2287 486 2319 suis
508 2287 584 2318 locis
606 2286 792 2318 videbimus.

134 2338 256 2374 Fabula
278 2338 432 2379 superiore
461 2337 630 2369 nefandum
656 2347 792 2368 amorem

133 2387 251 2423 retulit,
269 2398 352 2418 nune
367 2387 528 2429 subjungit
543 2386 765 2428 prodigiosum.

178 2438 254 2467 665.
271 2437 367 2467 Fama
381 2436 480 2477 novi]
507 2435 601 2467 Viam
616 2435 675 2466 sibi
690 2435 793 2466 munit

133 2485 173 2516 ad
189 2485 326 2516 fabulam
343 2495 411 2527 seq.
439 2485 577 2520 Cretaeas,
593 2494 704 2526 nempe
719 2484 794 2525 quia

135 2533 236 2564 Cauni
260 2540 347 2575 pater
369 2533 442 2565 inde
465 2533 623 2569 oriundus,
639 2543 704 2563 ver.
719 2533 793 2570 443.

135 2581 162 2612 Ε
177 2582 270 2613 Creta
284 2582 441 2624 profectus
456 2592 511 2612 nos
525 2592 561 2612 eo
575 2581 710 2612 reducit.
741 2581 793 2612 De

135 2637 252 2661 centnm
263 2632 289 2663 C
294 2637 366 2662 retae
382 2631 508 2663 urbibus
519 2631 589 2662 vide
601 2630 641 2662 ad
652 2630 707 2661 vii.
719 2631 793 2661 481.

138 2678 306 2711 Monstrum
322 2685 354 2711 et
369 2682 562 2716 miraculum,
579 2679 664 2711 mirae
685 2689 791 2721 corpo-

861 1222 930 1242 rum
945 1213 1239 1249 transformationes,
1257 1219 1291 1245 ut
1305 1213 1339 1245 ii.
1356 1214 1429 1245 367.
1461 1215 1522 1245 Τιι-

863 1262 953 1291 iisset.
1009 1261 1090 1292 Plin.
1120 1262 1218 1292 VIII.
1251 1263 1310 1304 Ep.
1342 1274 1394 1294 xx.
1419 1265 1452 1293 2.
1483 1264 1523 1294 de

862 1309 1019 1340 miraculis
1064 1316 1194 1345 naturae,
1231 1322 1294 1351 quae
1338 1313 1363 1341 si
1409 1314 1522 1343 tulisset

863 1359 990 1388 Achaia.

906 1408 980 1437 668.
999 1407 1139 1443 Phaestos,
1154 1407 1254 1448 (Plin.
1265 1408 1308 1440 iv.
1319 1420 1345 1440 s.
1355 1410 1408 1440 20.
1425 1410 1524 1441 Plzaes-

863 1456 942 1491 tum)
959 1456 1032 1486 urbs
1046 1461 1078 1486 et
1092 1456 1175 1497 regio
1189 1456 1298 1488 insulae
1312 1458 1426 1490 Cretae.
1460 1459 1523 1490 Sed

865 1504 982 1535 Gnosns
998 1505 1096 1535 multo
1111 1504 1263 1536 celebrior
1278 1506 1416 1538 Phaesto.
1447 1508 1524 1549 Lig-

862 1555 918 1583 dus
942 1554 1026 1595 apud
1045 1555 1196 1585 Antonin.
1212 1555 1363 1597 Lamprus
1382 1562 1523 1594 vocatur,

862 1609 892 1633 et
921 1613 1010 1638 uxor,
1035 1613 1106 1643 quae
1136 1603 1249 1634 Nostro
1276 1603 1435 1635 Telethusa
1464 1612 1522 1642 est,

862 1650 1009 1681 Galatea.
1037 1651 1150 1682 Monet
1184 1651 1333 1683 Heinsius
1365 1663 1455 1694 posse
1492 1659 1524 1684 et

862 1700 1004 1741 Lygdum
1032 1699 1150 1739 scribi;
1187 1711 1259 1731 nam
1297 1707 1328 1732 et
1353 1701 1466 1743 λίγδος
1492 1708 1524 1734 et

860 1747 981 1789 λύγδος
997 1749 1111 1779 Graeca
1127 1759 1206 1780 esse.
1238 1749 1329 1780 Idem
1345 1750 1435 1780 malit
1451 1761 1523 1782 cum

860 1797 969 1837 paucis
983 1798 1063 1827 MSS
1079 1800 1225 1839 ignotum,
1247 1799 1312 1829 sine
1329 1809 1437 1831 causa.
1484 1801 1523 1832 In

861 1855 980 1886 argum.
1006 1846 1172 1883 Lactantii,
1188 1847 1247 1878 Ed.
1263 1848 1371 1878 Colon.
1396 1848 1523 1888 Lydus,

861 1901 895 1925 ut
911 1901 941 1926 et
956 1895 1031 1927 Ald.
1048 1895 1078 1926 h.
1092 1896 1114 1926 l.
1129 1896 1233 1937 Hujus
1254 1896 1386 1927 nominis
1402 1898 1475 1928 urbs
1489 1898 1522 1929 in

862 1945 968 1975 Creta.
1020 1945 1127 1986 Ignoto
1156 1947 1285 1981 nomine,
1316 1956 1373 1976 nec
1403 1947 1523 1978 clarum

861 1993 953 2024 rebus
968 1994 1073 2034 gestis,
1088 2004 1146 2025 nec
1164 1994 1259 2024 nobili
1273 2004 1387 2035 genere
1402 2000 1523 2027 natum.

862 2042 1003 2083 Utroque
1026 2043 1119 2073 modo
1147 2043 1262 2074 dicitur
1287 2055 1402 2081 nomen,
1426 2051 1458 2076 et
1482 2045 1522 2077 de

860 2091 944 2122 fama
967 2097 998 2122 et
1021 2092 1059 2123 de
1085 2092 1206 2133 generis
1231 2092 1406 2124 nobilitate.
1451 2094 1523 2126 Vir-

859 2141 964 2181 gilius,
988 2141 1118 2172 AEneid.
1142 2142 1184 2172 ix.
1205 2142 1278 2172 343.
1304 2143 1437 2172 Multam
1459 2145 1522 2174 siue

860 2192 978 2221 nomine
991 2191 1114 2229 plebem.
1144 2189 1270 2231 Ignotus
1285 2197 1389 2221 autem
1406 2191 1522 2232 passim

861 2249 915 2280 pro
935 2239 1065 2280 ignobili
1087 2244 1119 2270 et
1141 2240 1284 2270 obscuro.
1332 2240 1455 2276 Census,
1474 2240 1521 2271 di-

860 2288 954 2324 vitiae,
970 2294 1005 2319 ut
1020 2288 1064 2319 iii.
1081 2290 1153 2319 588.
1191 2288 1231 2319 In
1246 2290 1312 2323 illo,
1328 2288 1423 2320 illius.
1457 2289 1522 2320 No-

859 2338 988 2374 bilitate,
1008 2338 1114 2379 jocose
1140 2337 1270 2368 dictum.
1315 2336 1404 2368 Male
1428 2336 1522 2379 igitur

859 2391 966 2416 auctor
979 2386 1161 2426 Argumenti
1172 2396 1344 2427 generosam
1359 2385 1387 2416 ei
1399 2388 1522 2426 stirpem

859 2434 979 2469 tribuit.
1025 2435 1094 2465 Hac
1107 2435 1175 2475 ejus
1192 2434 1348 2465 notatione
1369 2439 1473 2466 autem
1489 2440 1522 2467 et

860 2482 917 2513 viri
940 2483 1099 2514 decretum
1122 2482 1294 2513 illustratur
1318 2488 1349 2513 et
1368 2483 1521 2515 auxilium

860 2531 888 2562 ei
911 2531 1021 2562 latum.
1068 2532 1106 2562 In
1127 2533 1190 2565 vita
1210 2531 1371 2562 hominum
1383 2533 1466 2571 fides
1487 2532 1520 2564 in

859 2578 966 2622 primis
991 2586 1159 2622 spectatur,
1179 2580 1432 2617 fundamentum,
1454 2588 1519 2618 aut,

859 2629 1030 2661 secundum
1046 2631 1154 2661 Horat.
1173 2630 1199 2660 Ι.
1215 2629 1280 2660 Od.
1293 2629 1378 2662 xxiv.
1391 2630 1420 2661 6.
1435 2640 1520 2661 soror

857 2678 996 2717 justitiae.
