1779 3130
253 175 337 217 162

640 174 690 214 P.
725 172 835 213 OVI
844 172 936 212 DII
972 171 1251 212 NASONIS

259 289 543 336 Concubitu
568 287 720 334 vetito
747 293 937 333 naturae
964 286 1130 349 pollue
1156 285 1333 332 foedus.

258 365 397 412 Velle
423 371 570 427 puta;
611 380 689 410 res
715 363 824 426 ipsa
846 370 1008 410 vetat:
1049 362 1160 426 pius
1186 363 1286 417 ille,
1313 377 1600 424 memorque

258 440 420 497 Juris3
451 447 515 495 et,
538 440 588 486 o!
611 440 788 486 vellem
813 439 985 486 similis
1007 438 1140 485 furor
1158 445 1292 486 esset
1311 438 1361 484 in
1379 439 1463 484 illo
1481 438 1522 484 !''
1546 441 1641 484 355

262 517 497 563 Dixerat:
527 524 578 563 at
599 516 830 579 Cinyras,
851 531 1000 577 quem
1025 515 1169 578 copia
1193 514 1344 577 digna
1363 530 1640 577 procorum,

260 593 393 647 Quid
418 592 582 647 faciat,
609 592 838 639 dubitare
862 592 995 647 facit,
1024 592 1230 638 scitatur
1253 592 1316 638 ab
1342 592 1465 654 ipsa,

261 669 558 716 Nominibus
583 669 747 724 dictis,
775 671 917 731 cujus
942 669 1061 716 velit
1085 685 1196 716 esse
1222 668 1401 715 mariti.

262 745 354 792 Illa
379 746 490 792 silet
515 746 689 809 primo,
717 745 991 808 patriisque
1016 746 1065 791 in
1090 746 1308 792 vultibus
1332 746 1542 799 haerens,

261 822 473 877 AEstuat‚
500 830 551 869 et
572 823 741 885 tepido
767 823 1010 869 suffundit
1033 822 1222 868 lumina
1246 837 1369 868 rore.

1548 824 1645 867 360

260 899 482 960 Virginei
509 899 720 962 Cinyras
746 901 853 947 haec
878 900 1086 947 credens
1113 915 1223 946 esse
1248 898 1455 953 timoris,

265 974 405 1022 Flere
432 983 582 1030 vetat,
610 977 870 1039 siccatque
897 993 1065 1038 genas,
1093 983 1246 1038 atque
1274 975 1443 1021 oscula
1461 973 1642 1036 jungit.

261 1050 469 1114 Myrrha
483 1052 612 1099 datis
629 1052 834 1098 nimium
851 1053 1058 1115 gaudet3
1085 1052 1429 1115 consultaque,
1448 1051 1647 1113 qualem

264 1126 420 1190 Optet
444 1128 626 1175 habere
650 1129 824 1185 virum,
852 1135 881 1152 ‘⁵
899 1129 1111 1175 similem
1137 1128 1277 1183 tibi‚''
1299 1127 1453 1175 dixit:
1491 1134 1541 1174 at
1566 1127 1646 1174 ille

265 1202 380 1249 Non
406 1204 710 1251 intellectam
735 1221 908 1251 vocem
933 1205 1210 1261 collaudat3
1251 1212 1316 1259 et,
1345 1210 1375 1227 “
1397 1211 1504 1250 esto
1551 1206 1647 1250 365

264 1278 387 1325 Tam
414 1281 496 1342 pia
520 1281 764 1344 sempe1·‚''
791 1282 886 1328 ait:
926 1281 1126 1344 pietatis
1151 1281 1349 1327 nomine
1373 1281 1523 1336 dicto,

267 1355 482 1403 Demisit
506 1358 668 1404 vultus
695 1358 897 1404 sceleris
923 1358 1016 1404 sibi
1041 1358 1241 1405 conscia
1263 1359 1417 1419 virgo.

266 1431 441 1479 Noctis
467 1441 573 1481 erat
596 1434 843 1490 medium;
872 1450 1117 1498 curasque
1143 1441 1193 1482 et
1216 1450 1423 1498 corpora
1447 1449 1648 1480 somnus

264 1575 356 1610 valet,
381 1586 450 1616 quae
474 1582 575 1617 potest
600 1576 686 1617 leges
712 1577 923 1618 praescribere,

263 1634 340 1664 quas
355 1625 470 1655 nemini
486 1625 600 1655 violare
616 1626 699 1656 licet.
738 1625 841 1656 Etiam
858 1626 922 1656 Ho-

264 1680 323 1702 rat.
340 1673 386 1703 II.
403 1674 468 1704 Su.
484 1675 505 1704 i.
524 1676 575 1705 51.
593 1675 721 1713 Imperet
742 1676 794 1704 hoc
810 1682 923 1706 nutura

264 1728 375 1760 putens,
392 1730 423 1753 et
439 1723 561 1758 Noster,
577 1723 619 1753 ix.
635 1724 710 1754 757.
727 1723 758 1753 in
778 1724 924 1755 similima

266 1782 308 1806 re,
327 1773 365 1802 At
388 1784 442 1802 71011
467 1774 529 1802 vult
553 1773 688 1806 Natura.
704 1776 851 1812 potentior
866 1786 924 1803 om-

267 1822 351 1851 uibus
366 1823 439 1851 istis.
484 1822 583 1862 Vulg.
596 1825 733 1861 parentis
750 1823 825 1852 Nat.
842 1833 923 1853 nunc

266 1868 317 1898 vix
336 1869 396 1899 loc.
413 1870 518 1900 habet.
563 1871 632 1900 Nec
652 1871 757 1911 placet
774 1871 925 1912 conjectio

266 1918 437 1949 Burmanni
455 1922 597 1958 patentis,
614 1930 708 1960 quam
723 1920 788 1961 ipse
807 1919 850 1950 sic
871 1931 923 1951 ex-

267 1967 384 2008 plicat:
410 1972 430 1984 ‘¹
444 1968 567 1998 Natura
590 1974 677 2010 patet
700 1969 774 1999 satis
797 1969 871 2005 late,
895 1974 925 2000 et

267 2022 300 2047 ut
316 2027 353 2047 ex
369 2017 512 2048 omnibus
533 2017 643 2059 eligas,
658 2017 819 2059 permittit,
835 2018 924 2048 dum-

266 2065 357 2096 modo
373 2076 391 2096 a
405 2066 501 2107 patris
514 2067 609 2097 vetito
622 2066 791 2097 concubitu
806 2073 835 2097 te
852 2077 925 2097 con-

265 2114 405 2145 tineas.’‘
454 2115 574 2151 Fascius,
598 2116 693 2156 leges,
718 2126 797 2156 quas
822 2115 926 2147 liberis

268 2169 298 2194 et
314 2164 494 2205 parentibus
508 2165 680 2206 praescribit
697 2165 833 2196 Natura.

311 2214 386 2244 356.
407 2213 547 2254 Cinyras,
564 2226 648 2254 quem
664 2216 760 2253 copia,
775 2214 852 2254 etc.]
872 2214 926 2245 Se-

267 2262 371 2303 quitur
399 2262 488 2293 locus
517 2263 700 2294 suavissime
736 2263 867 2305 scriptus
896 2270 927 2295 et

265 2310 376 2351 plenus
405 2311 570 2342 tenerrimo
600 2311 733 2342 affectu:
766 2313 849 2351 copia
878 2314 924 2342 di-

266 2370 347 2399 gna3
373 2359 560 2390 Oxoniensis
581 2365 612 2390 et
632 2371 712 2390 unus
726 2360 861 2396 Heinsii,
879 2373 925 2391 co-

267 2410 319 2447 pia
343 2420 474 2450 magna,-
504 2408 588 2450 quod
612 2420 649 2440 ex
673 2409 926 2450 interpretatione

267 2456 357 2487 fluxit
370 2469 377 2495 3
394 2457 555 2498 Virgilius,
569 2458 684 2498 Georg.
697 2458 720 2488 i.
734 2459 806 2488 507.
817 2461 927 2500 dignus

269 2506 372 2541 honor,
390 2517 531 2548 magnus.
569 2508 745 2538 Nominibus
760 2510 859 2544 dictis,
874 2519 927 2539 ex-

271 2554 378 2594 positis
394 2566 556 2596 procorum
579 2555 774 2593 nominibus;
801 2556 928 2594 ταύτην

272 2600 321 2631 διὰ
347 2603 469 2640 κάλλος
492 2605 638 2635 πλεῖστοι
666 2606 717 2635 καὶ
743 2605 775 2635 ἐκ
799 2606 928 2636 πόλεων

271 2657 435 2689 πλείστων
458 2659 668 2699 ἐμνήστευον,
688 2660 731 2690 ait
752 2661 930 2691 Antoninus

271 2704 431 2737 Liberalis.
468 2709 564 2746 Cuius
577 2710 691 2743 mariti,
708 2708 793 2739 deest
810 2712 927 2749 conju'c,

990 1586 1072 1607 more
1104 1577 1295 1607 Graecorum.
1333 1575 1383 1607 Sic
1410 1576 1454 1606 iii.
1484 1577 1559 1607 283.
1593 1587 1650 1606 esse

989 1626 1082 1656 Jorz's.

1033 1676 1107 1705 361.
1128 1674 1450 1715 Virginei—timoris]
1477 1674 1592 1704 Parum
1603 1684 1651 1704 re·
1681 1715 1686 1720 „

992 1723 1061 1757 fert,
1074 1728 1177 1753 utrum
1190 1723 1302 1752 timoris
1312 1732 1351 1752 an
1362 1732 1432 1752 cum
1445 1722 1550 1752 multis
1558 1722 1651 1753 MSS.

990 1773 1111 1811 pudoris
1127 1771 1228 1812 legas:
1255 1771 1354 1800 ambae
1375 1770 1458 1801 enim
1473 1770 1536 1800 illae
1555 1770 1649 1801 affec-

993 1821 1091 1851 tiones
1115 1819 1210 1850 animi
1234 1820 1410 1861 conjunctae
1435 1819 1498 1850 fere
1518 1830 1584 1850 esse
1602 1830 1651 1850 so-

992 1869 1079 1907 lent;
1113 1869 1178 1900 vid.
1209 1870 1300 1900 Plato
1331 1869 1505 1910 Euthyphr.
1535 1879 1568 1910 p.
1594 1870 1649 1899 26.

992 1919 1068 1950 edit.
1084 1919 1188 1949 Fisch.

1035 1969 1111 1999 364.
1137 1969 1269 1999 Similem
1288 1967 1370 2007 tibi]
1399 1967 1523 1998 Callide
1542 1978 1575 1998 se
1597 1979 1650 1999 ex-

992 2018 1080 2059 pedit
1103 2018 1244 2059 Myrrha,
1260 2017 1323 2048 sere
1346 2023 1381 2047 ut
1397 2027 1463 2047 ver.
1481 2018 1544 2047 276
1567 2018 1651 2059 Pyg-

992 2066 1118 2097 malion.

1035 2116 1108 2146 368.
1123 2116 1247 2145 Somnus
1262 2115 1302 2145 sol
1308 2116 1359 2150 rit,
1373 2113 1504 2150 relaxat,
1516 2126 1650 2154 corpora,

992 2165 1132 2195 membra
1151 2163 1286 2205 corporis
1304 2168 1398 2194 antea
1414 2163 1546 2199 intenta,
1563 2164 1652 2205 (vide

993 2213 1032 2244 ad
1049 2213 1101 2243 vii.
1122 2212 1210 2252 185.)
1229 2213 1375 2253 idemque
1390 2214 1476 2243 solvit
1491 2224 1589 2249 curas,
1606 2213 1652 2244 fa-

993 2262 1046 2297 cit,
1065 2268 1099 2292 ut
1115 2261 1255 2292 homines
1269 2262 1439 2292 liberentur
1454 2262 1545 2292 curis.
1573 2263 1650 2294 Pas-

993 2310 1051 2341 sim
1067 2310 1209 2346 oceurfit,
1225 2312 1305 2340 curis
1325 2312 1439 2341 solutus
1460 2316 1491 2342 et
1506 2313 1652 2343 exolutus.

994 2360 1071 2390 vid.
1088 2359 1281 2390 Schwarzius
1300 2359 1340 2389 ad
1364 2360 1513 2396 Plinium,
1529 2361 1652 2402 Paneg.

995 2409 1053 2438 79:
1079 2409 1187 2438 solvere
1204 2408 1297 2449 igitur
1314 2419 1396 2439 nunc
1413 2409 1444 2438 in
1464 2409 1582 2450 dilogia
1596 2420 1651 2451 po-

993 2457 1097 2488 situm.
1135 2457 1282 2488 Similiter
1295 2457 1450 2495 Tibullus,
1465 2459 1530 2490 III.
1547 2458 1656 2490 iii.2l.

995 2514 1103 2537 mentes
1115 2507 1264 2537 hominum
1277 2518 1412 2547 curoeque
1423 2508 1572 2538 levantur.
1597 2508 1651 2537 Ιη-

994 2557 1114 2591 domito,
1131 2554 1321 2596 ἀόαμάστῳ,
1339 2556 1567 2587 ardentissimo.
1598 2557 1651 2587 In-

997 2606 1123 2635 domitus
1137 2616 1229 2640 amor,
1245 2604 1278 2635 ii.
1293 2604 1387 2635 Trist.
1404 2606 1486 2643 5853
1503 2607 1653 2636 indomitae

996 2655 1058 2689 irae,
1083 2664 1175 2695 supra
1199 2665 1229 2683 v.
1247 2654 1298 2685 41.
1345 2654 1517 2690 Retractat,
1541 2654 1654 2696 repetit

996 2711 1114 2737 secum,
1129 2708 1161 2733 ut
1177 2702 1218 2733 iv.
1233 2703 1307 2733 568.
