1779 3130
205 172 288 212 290
598 168 647 207 P.
680 165 892 207 OVIDII
926 165 1205 206 NASONIS

209 283 349 329 Tunc
376 288 596 345 poteram
622 279 804 341 magni,
832 280 872 326 si
898 295 995 326 non
1022 292 1271 341 superare,
1294 277 1469 324 morari
1493 280 1593 324 446

209 357 440 405 Hectoris
466 372 602 402 arma
626 356 777 402 meis:
818 355 900 401 illo
926 355 1014 401 sed
1039 362 1263 416 tempore
1288 353 1470 407 nullus,

210 434 312 480 Aut
336 448 458 495 puer
484 431 672 479 Hector
697 439 802 478 erat
823 449 831 478 :
867 447 998 477 nunc
1025 447 1103 477 me
1129 445 1240 476 mea
1263 428 1432 475 deficit
1457 436 1594 475 aetas.

213 508 346 562 Quid
372 508 459 554 tibi
486 509 722 554 victorem
750 506 932 569 gemini
959 506 1265 568 Periphanta
1289 503 1491 567 Pyreti;

210 585 443 647 Ampyca
468 585 588 646 quid
614 583 854 631 referam?
889 583 973 644 qui
1001 581 1426 644 quadrupedantis
1455 580 1596 626 Oecli

216 660 351 706 Fixit
376 661 425 706 in
452 661 657 707 adverso
683 675 888 706 cornum
915 659 1020 705 sine
1047 657 1253 719 cuspide
1276 657 1431 702 vultu.
1503 659 1594 702 451

213 736 370 783 Vecte
398 735 773 782 Pelethronium
801 734 1065 780 Macareus
1092 734 1140 779 in
1166 739 1340 795 pectus
1367 732 1543 778 adacto

216 812 401 858 Stravit
426 811 783 874 Erygdupum:
820 810 1021 857 memini
1047 817 1098 856 et
1122 809 1367 856 venabula
1390 808 1535 854 condi

212 887 438 949 Inguine,
470 886 690 934 Nessaeis
716 887 944 933 manibus
970 887 1212 948 conjecta,
1241 884 1456 947 Cymeli.

216 963 325 1010 Nec
351 970 405 1008 tu
430 962 698 1010 credideris
724 970 919 1009 tantum
944 960 1187 1008 cecinisse
1211 960 1375 1006 futura
1507 961 1604 1005 455

213 1038 531 1101 Ampyciden
559 1037 810 1101 Mopsum.
874 1037 1054 1100 Mopso
1074 1037 1329 1099 jaculante
1353 1034 1573 1081 biformis

221 1114 488 1169 Occubuit,
508 1113 791 1176 frustraque
816 1114 953 1175 loqui
979 1112 1188 1160 tentavit
1213 1111 1407 1166 Odites,

216 1190 298 1236 Ad
322 1196 545 1236 mentum
570 1190 752 1251 lingua,
782 1196 1049 1251 mentoque
1074 1189 1135 1235 ad
1162 1194 1365 1249 guttura
1388 1186 1506 1233 fixo.

221 1264 456 1328 Quinque
478 1265 587 1312 neci
605 1265 819 1312 Caeneus
835 1265 1056 1318 dederat,
1073 1264 1470 1327 Stiphelumque‚
1486 1262 1609 1309 Bro-

422 1357 676 1403 mumque,
1286 1339 1609 1401 [Pyracmon.

221 1417 694 1479 Antimachumque,
758 1416 1128 1478 Helimumque,
1189 1414 1611 1477 securiferumque

221 1493 441 1539 Vulnera
461 1509 559 1539 non
578 1493 800 1548 memini3
831 1508 1106 1545 numerum,
1125 1507 1406 1553 nomenque
1426 1491 1609 1537 notavi.

225 1569 461 1615 Provolat
487 1567 705 1616 Emathii
732 1567 901 1631 spoliis
928 1575 1145 1614 armatus
1172 1566 1361 1622 Halesi,
1514 1569 1611 1613 462

227 1707 420 1737 Graecorum.
460 1706 674 1737 Tunc—tunc.
710 1710 886 1747 Περιαυτο-

226 1755 325 1796 >xo->sia
336 1755 403 1785 haec
416 1755 510 1786 senile
523 1755 673 1794 quiddam
689 1761 746 1790 est,
759 1761 789 1785 et
801 1754 887 1785 aetati

227 1810 338 1834 nostrae
376 1804 496 1845 (inquit
529 1805 609 1835 Cato
646 1805 886 1841 Ciceronianus)

227 1852 419 1884 conceditur.
467 1852 642 1887 Videtisne,
667 1853 720 1888 ait,
743 1860 777 1883 ut
804 1853 886 1894 apud

230 1903 399 1932 Homerum
417 1901 585 1942 saepissime
604 1902 717 1932 Nestor
737 1902 775 1932 de
790 1902 886 1931 virtu-

231 1951 313 1981 tibus
328 1949 391 1980 suis
406 1949 574 1991 praedicet?
590 1949 713 1980 tertiam
728 1950 809 1980 enim
821 1950 888 1990 jam

951 1717 1097 1746 gyrosque
1112 1707 1228 1736 dedere.
1273 1704 1333 1735 Sed
1349 1703 1481 1740 Plinius,
1496 1704 1548 1736 vii.
1560 1705 1615 1736 57.

954 1755 985 1785 id
1001 1765 1125 1787 nomen,
1144 1760 1177 1784 ut
1193 1753 1360 1796 proprium,
1372 1759 1519 1795 usurpat:
1539 1754 1613 1784 Fre-

954 1815 1005 1834 nos
1023 1804 1231 1834 Pelethronius
1256 1805 1380 1834 invenit.
1425 1803 1477 1833 Sic
1498 1808 1529 1834 et
1546 1804 1614 1845 Hy-

954 1852 1055 1893 ginus,
1085 1852 1148 1882 fab.
1177 1853 1254 1883 274.
1310 1853 1405 1882 Condi
1435 1857 1466 1882 et
1494 1854 1615 1883 recondi

955 1911 1040 1931 arma
1052 1901 1209 1936 dicuntur,
1220 1906 1283 1931 tam
1297 1910 1393 1941 quum
1407 1900 1616 1941 deponuntur,

956 1959 1049 1991 quam
1066 1959 1162 1990 quum
1177 1959 1286 1990 corpus
1299 1954 1475 1990 penetrant.

233 2005 356 2029 aetatem
376 1998 535 2029 hominum
551 1999 681 2034 vixerat,
699 2009 754 2029 nec
774 2004 839 2029 erat
861 1998 889 2028 ei

233 2046 412 2082 verendum,
428 2057 466 2076 ne
491 2056 565 2076 vera
587 2046 626 2077 de
648 2057 680 2077 se
704 2047 889 2088 praedicans,

234 2096 326 2126 nimis
348 2094 503 2125 videretur
527 2100 582 2124 aut
608 2095 743 2125 insolens
767 2100 821 2125 aut
844 2094 889 2124 lo-

235 2154 333 2185 quax,
346 2149 406 2174 etc.
445 2143 570 2178 Nullus,
582 2143 729 2173 nondum.
764 2144 814 2173 Me
829 2154 891 2173 mea

235 2193 336 2232 deficit
359 2199 439 2227 aetus,
456 2191 535 2221 vires
555 2202 603 2221 me
627 2191 787 2226 deficiunt,
804 2191 889 2222 dese-

236 2246 318 2276 runt,
336 2240 440 2270 fractae
456 2245 627 2270 senectute.

281 2289 354 2319 449.
380 2288 500 2318 Gemini
519 2288 637 2327 Pyr-eti,
655 2287 802 2318 Centauri
818 2287 893 2317 dicti

234 2338 347 2379 gemini
359 2335 433 2377 quia
448 2346 485 2366 ex
497 2342 585 2377 parte
599 2336 742 2370 hominis,
755 2345 792 2365 ex
808 2341 893 2377 parte

238 2385 311 2426 equi
340 2384 460 2415 vultum
498 2390 529 2414 et
562 2385 690 2414 sormam
726 2383 895 2421 haberent3

240 2434 310 2465 vide
329 2443 397 2474 quae
420 2438 526 2463 notata
545 2433 658 2463 fuerint
676 2432 715 2463 de
732 2432 788 2462 hoe
804 2442 895 2462 voca-

240 2483 313 2513 bulo
331 2483 369 2512 ad
384 2483 416 2512 ii.
433 2484 506 2513 555.
524 2482 584 2512 Ed.
621 2482 751 2511 Cornum
767 2493 775 2517 ‚·
793 2480 897 2511 confer

241 2531 306 2562 viii.
322 2532 395 2560 678.
424 2530 660 2566 Pelethronimn,
676 2530 774 2559 saltus
789 2529 821 2558 in
837 2530 896 2559 Pe-

242 2581 284 2610 lio
307 2578 476 2609 Thessaliae
506 2584 628 2617 monte3
658 2578 730 2608 inde
757 2577 897 2619 Lapithae

245 2628 429 2658 Pelethronii
459 2627 533 2658 dicti
549 2639 556 2663 ;
587 2627 748 2668 Virgilius,
780 2626 896 2666 Georg-

242 2675 289 2708 iii.
318 2676 387 2706 115.
417 2675 517 2706 Frena
548 2675 733 2706 Pelethronii
762 2674 898 2713 Lapichae

1001 1999 1074 2029 455.
1094 1998 1155 2028 Nec
1170 2004 1203 2027 tu
1219 1999 1380 2027 credideris
1394 2003 1524 2032 tantum,
1534 1999 1613 2039 εἴα]

958 2047 1031 2076 Non
1050 2052 1137 2076 vates
1164 2046 1263 2076 solum
1286 2046 1426 2086 Mopsus,
1442 2045 1495 2076 sed
1521 2045 1615 2077 etiarn

957 2094 1089 2125 bellator
1104 2100 1258 2124 strenuus.
1304 2095 1480 2134 Ampycides
1497 2095 1618 2134 Mopsus

958 2143 1051 2174 etiam
1077 2142 1161 2183 apud
1188 2142 1362 2173 Hesiodum
1387 2141 1419 2173 d.
1442 2143 1463 2173 l.
1489 2141 1615 2182 legitur.

959 2191 1030 2221 Fuit
1041 2190 1194 2231 Apollinis
1210 2190 1352 2220 sacerdos
1368 2195 1399 2220 et
1411 2197 1508 2226 vates,
1522 2197 1616 2233 atque

960 2240 1053 2270 etiam
1069 2239 1225 2269 venationi
1242 2238 1408 2280 Calydonii
1432 2239 1497 2280 apri
1521 2239 1617 2271 inter-

961 2288 1038 2326 fuit3
1062 2287 1128 2318 viii.
1156 2289 1229 2318 316.
1254 2289 1327 2318 350.
1373 2288 1536 2328 B{fi>rmis;
1562 2290 1618 2320 Ci-

963 2347 1032 2367 cero
1046 2337 1138 2367 Tusc.
1153 2337 1184 2366 ii.
1200 2338 1231 2367 8.
1249 2337 1404 2377 biformato
1417 2339 1526 2376 impetu
1544 2337 1620 2369 Cen-

965 2391 1080 2414 taurus.
1111 2384 1257 2425 Sequitur
1267 2394 1337 2426 pars
1346 2384 1458 2414 fabulae
1472 2395 1520 2420 ea,
1532 2387 1620 2427 cujus

964 2443 1059 2464 causa
1074 2433 1173 2463 onmis
1189 2433 1254 2464 haec
1268 2433 1401 2464 narratio
1415 2433 1568 2464 instituta.

1008 2482 1080 2511 462.
1097 2482 1202 2520 Spoliis
1217 2488 1351 2511 armatus
1366 2482 1427 2520 (ita
1442 2487 1488 2511 est
1503 2482 1534 2512 in
1550 2493 1619 2514 nos-

964 2530 1018 2559 tris
1041 2530 1186 2569 Regiis3)
1211 2541 1290 2560 unus
1312 2530 1498 2560 Basileensis
1522 2533 1621 2569 spoliis

964 2584 1097 2613 ornatus,
1115 2579 1282 2619 eleganter,
1294 2578 1400 2619 judice
1424 2578 1618 2611 Burmanno.

967 2626 1069 2656 Media
1084 2633 1153 2657 oetns
1168 2625 1291 2662 dicitur,
1308 2636 1377 2667 quae
1397 2625 1476 2656 inter
1494 2627 1618 2667 juveni-

964 2674 1026 2705 lem
1049 2681 1081 2706 et
1103 2675 1232 2706 senilem
1256 2680 1303 2705 est
1321 2674 1460 2715 (Cicero,
1479 2676 1552 2706 Sen.
1567 2677 1619 2706 20.
