1779 3130
337 161 378 201 M
389 162 504 202 ΕΤΑ
514 162 955 205 MORPHOSEON
990 164 1108 205 LIB.
1142 164 1252 206 XV.

1405 166 1490 206 435

105 272 219 320 Rite
254 275 443 331 Deum;
487 275 812 339 Delphosque
848 294 1000 332 nico&
1028 278 1294 341 ipsumque
1327 280 1483 326 reclu-

102 349 319 405 AEthera,
344 360 392 398 et
411 360 634 412 augustie
653 353 883 400 reserabo
907 354 1107 400 oracula
1125 355 1320 401 mentis.
1349 354 1486 417 [dam

101 424 304 486 Magna,
333 443 422 474 nee
450 428 657 489 ingeniis
683 429 953 490 evestigata
978 430 1211 492 priorum,

100 500 326 563 Quaeque
352 504 435 549 diu
461 505 662 559 latuere,
690 521 891 553 canam:
927 507 1069 567 juvat
1094 506 1162 553 ire
1188 523 1275 569 per
1299 507 1400 553 alta

99 575 274 630 Astra;
309 579 451 639 juvat
475 580 616 626 terris
643 587 693 627 et
718 581 859 628 inerti
887 583 1005 628 sede
1031 582 1232 638 relictis,

1392 585 1482 629 148

100 651 247 700 Nube
273 654 400 709 vehi,
427 656 676 718 validique
702 656 919 703 humeris
946 657 1174 704 insistere
1200 657 1442 715 Atlantis3

100 726 437 792 palantesque
463 731 651 778 animos
677 733 860 794 passim
888 749 943 779 ae
970 733 1171 779 rationis
1197 741 1403 795 egentes

98 803 405 867 Despectare
431 809 617 869 procul,
635 809 973 871 trepidosque,
992 810 1284 873 obitumque
1305 810 1480 857 timen—

99 880 181 927 Sic
208 882 471 937 exhortari,
500 885 780 947 seriemque
806 886 1028 933 evolvere
1053 886 1138 932 fati
1162 903 1171 933 :

1384 888 1481 948 [tes

164 956 207 1001 O
228 974 384 1019 genus
405 961 668 1006 attonitum
694 961 872 1022 gelidae
898 961 1157 1009 formidine
1182 962 1380 1009 mortis!

96 1033 227 1087 Quid
250 1034 424 1098 Styga,
444 1036 562 1097 quid
580 1037 825 1092 tenebras,
844 1038 963 1099 quid
984 1038 1183 1084 nomina
1198 1054 1322 1086 vana
1338 1039 1480 1086 time-

97 1109 360 1158 Materiem
384 1119 567 1168 vatum,
594 1112 1026 1176 l'alsiquerpiacula
1049 1114 1253 1160 mundi?

1376 1116 1477 1177 [tis,

95 1186 317 1249 Corpora
342 1187 443 1234 sive
467 1205 612 1250 rogus
637 1189 852 1244 flamma,
880 1205 967 1236 seu
994 1190 1107 1236 tabe
1132 1196 1352 1238 vetustas

94 1262 384 1319 Abstulerit,
413 1266 542 1311 mala
567 1282 713 1328 posse
739 1266 840 1328 pati
867 1282 964 1312 non
989 1267 1090 1312 ulla
1115 1267 1318 1329 putetis.

90 1372 222 1401 alterum
246 1372 368 1414 accepit
388 1371 537 1402 Heinsius
556 1383 593 1403 ex
614 1374 749 1413 Bel-neg.

90 1420 214 1450 Tliuan.
230 1421 327 1460 primo
341 1421 456 1450 Moreti
473 1427 504 1450 et
517 1420 594 1451 aliis.
620 1421 749 1457 Priores,

92 1468 280 1509 antiquiores·
305 1468 466 1507 homines;
489 1469 560 1499 vide
585 1469 749 1500 Heinsium

94 1516 133 1546 ad
150 1527 212 1546 ver.
229 1518 298 1547 104.

138 1566 207 1595 147.
241 1566 337 1595 Juvat
372 1568 415 1595 ire
445 1578 497 1605 per
530 1567 594 1596 alm
627 1567 746 1606 Astra]

90 1613 238 1643 Heinsius
255 1620 344 1654 putat
360 1624 480 1644 versum
504 1615 668 1645 sublimem
688 1616 750 1645 fore

90 1668 122 1691 et
146 1672 298 1697 sonorum,
323 1662 347 1692 si
369 1663 553 1693 rescribatur
574 1674 627 1702 per
650 1666 750 1694 ardua

93 1713 192 1746 Astra,
210 1717 243 1741 ut
265 1711 373 1741 ultima
392 1711 480 1742 litera
498 1714 555 1742 τοῦ
574 1714 671 1742 ardna
693 1712 747 1743 eli-

88 1759 179 1790 datur
194 1760 233 1790 ob
248 1766 428 1801 sequentem
445 1761 583 1791 vocalem
599 1760 687 1791 initio
701 1772 748 1791 se-

88 1809 213 1849 quentis
241 1819 354 1839 versus.
399 1809 430 1838 si
460 1809 600 1839 ultimam
626 1809 747 1840 literam

90 1859 146 1887 τοῦ
158 1859 256 1886 ardua
267 1856 339 1887 elidi
353 1857 442 1892 nolis,
455 1868 558 1888 versus
573 1857 748 1898 dactylicus

90 1905 227 1935 manebit
242 1906 347 1946 etjam
365 1906 457 1936 talem
475 1906 606 1936 vidimus
621 1907 652 1936 in
667 1907 745 1937 libro

89 1955 141 1985 xii.
157 1956 230 1985 395.
276 1955 313 1984 ln
329 1955 382 1984 illo
396 1954 489 1985 etiam
505 1955 573 1985 loco
589 1956 745 1986 revocavi-

87 2014 155 2034 mus
188 2003 353 2033 lectionem
389 2003 544 2039 codicum,
573 2003 744 2034 secundum

88 2063 182 2093 quam
195 2062 300 2082 versus
313 2063 372 2082 non
388 2053 486 2083 solum
500 2058 546 2083 est
558 2052 744 2094 dactylicus,

85 2100 140 2131 sed
163 2100 258 2131 etiam
282 2101 422 2131 abundat
444 2101 576 2141 syllaba,
600 2112 681 2142 quae,
705 2103 745 2131 ob

87 2149 224 2179 vocalem
241 2149 459 2190 subsequentis
476 2160 591 2185 versus,
604 2150 746 2189 eliditur3

87 2198 144 2227 lioe
160 2203 263 2228 autem
278 2198 344 2228 loco
359 2198 434 2227 niliil
448 2198 629 2228 mutandum
646 2198 745 2228 credi—

85 2257 163 2281 mus,
199 2246 274 2287 quia
310 2246 425 2287 primus
462 2247 635 2286 Hamburg.
666 2257 745 2276 unus

87 2296 264 2327 Heinsianae
289 2295 515 2326 emendationis
538 2296 596 2325 fuit
617 2301 744 2334 anctor3

86 2345 179 2375 immo
195 2345 311 2375 codicis
331 2345 424 2374 nostri
441 2344 533 2385 Regii
550 2345 587 2374 Β.
603 2344 745 2373 librarius

85 2394 314 2435 scripsitjnvnt
334 2396 376 2423 ire
397 2404 448 2432 pei·
469 2400 549 2423 astra
571 2395 647 2428 alta,
667 2399 744 2422 tam-

87 2452 181 2483 quam
201 2452 322 2472 omnem
339 2441 426 2472 dubii
446 2442 548 2472 locum
567 2442 675 2471 tollere
691 2451 743 2471 vo-

85 2490 189 2521 luerit.
226 2491 334 2520 Mente
352 2500 399 2519 me
417 2490 558 2520 attollam
574 2499 667 2530 supra
682 2495 741 2519 ter-

85 2549 162 2569 ram.
217 2539 360 2569 Graviter
389 2544 420 2568 et
447 2549 516 2569 vere
547 2540 625 2568 iners
652 2540 742 2568 sedes.

90 2588 150 2617 Pro
169 2594 196 2617 et
214 2590 304 2617 inerti
321 2587 385 2617 Sixi
400 2587 497 2617 codex
515 2587 609 2617 habet
625 2588 743 2616 ›nm-tali

87 2642 120 2667 ut
149 2635 189 2666 sit
217 2636 382 2678 appositio,
408 2638 495 2666 terris
525 2638 643 2666 mortali
668 2637 742 2670 sede,

86 2686 207 2715 relictis.
274 2685 428 2715 Caeterum
469 2685 577 2714 Horat.
618 2685 642 2714 1.
682 2683 744 2713 Od.

1387 1271 1475 1314 157

818 1373 926 1403 xxxiv.
943 1375 975 1404 9.
992 1373 1070 1403 dixit
1087 1375 1176 1403 hrum
1194 1375 1293 1404 tellus.
1325 1374 1478 1411 Palantes,

818 1422 871 1462 qui
886 1428 1010 1463 propter
1032 1433 1148 1452 errores
1165 1428 1195 1452 et
1214 1421 1402 1463 cupiditates
1417 1422 1477 1454 huc

817 1471 892 1501 illuc
923 1477 1085 1512 vagantur,
1115 1471 1222 1501 relicta
1251 1471 1379 1501 salutari
1410 1472 1473 1503 via.

819 1519 972 1561 Respexit
992 1525 1095 1550 autem
1115 1519 1302 1555 Lucretium,
1319 1520 1352 1550 ii.
1369 1522 1389 1550 9
1405 1532 1475 1563 sqq.

817 1569 856 1599 de
882 1569 974 1599 editis
994 1568 1186 1610 Sapientium
1211 1568 1353 1610 templis:
1379 1571 1476 1600 “De-

817 1619 936 1658 spiccre
963 1618 1044 1647 unde
1069 1628 1165 1658 queas
1189 1617 1276 1652 alios,
1300 1617 1478 1658 passimque

817 1667 920 1697 videre
951 1667 1072 1700 Errare,
1103 1671 1196 1707 atque
1224 1666 1305 1696 viam
1334 1667 1477 1706 palantes

815 1726 951 1755 quaerere
978 1714 1059 1750 vitm,
1085 1715 1211 1745 Certare
1243 1714 1377 1754 ingenio,
1404 1726 1476 1745 con-

816 1763 941 1793 tendere
966 1763 1164 1798 nol›ilitate,'’
1182 1769 1242 1793 etc.
1266 1763 1360 1804 idque
1383 1764 1476 1805 paulo

815 1817 883 1852 post
907 1811 1012 1841 tribuit
1036 1813 1173 1846 rationis,
1199 1811 1372 1853 sapientiae,
1396 1823 1474 1853 eges-

815 1863 884 1890 lali.
931 1862 1051 1895 Seriem,
1067 1867 1252 1901 perpetuum
1277 1870 1379 1890 rerum
1404 1872 1473 1891 cur-

812 1918 893 1938 sum.
920 1909 1072 1944 ΕυοίιὊι-ε,
1087 1918 1247 1945 enarrare;
1265 1910 1473 1949 solveresato-

815 1967 880 1986 rum
914 1967 1031 1987 arcuna
1064 1956 1143 1986 dixit
1168 1956 1328 1997 Virgilius,
1353 1958 1427 1988 AEn.
1451 1957 1474 1988 i.

813 2007 887 2036 262.

860 2055 930 2084 154.
959 2054 1113 2089 Tenebras,
1137 2052 1223 2083 Orci.
1269 2054 1330 2083 Pro
1355 2056 1473 2084 nomina

813 2103 901 2133 multi
916 2106 1056 2133 numina.-
1075 2114 1175 2133 nonum
1188 2114 1270 2143 sicpe
1283 2110 1329 2132 est
1345 2104 1472 2143 figmen-

813 2156 890 2187 tum,
916 2158 946 2181 et
975 2151 1140 2193 opponitur
1169 2150 1231 2188 rei3
1262 2151 1422 2187 Horatius,
1448 2152 1474 2182 Ι.

813 2200 875 2230 Od.
891 2199 934 2229 ἰν.
951 2201 1003 2229 24.
1021 2211 1075 2229 1101*
1089 2199 1266 2239 *s‘iiltnla’que
1291 2210 1407 2228 memes:
1431 2199 1473 2230 ibi

813 2248 882 2278 vide
913 2248 1057 2277 Lambiu.
1106 2248 1212 2277 Falsus
1238 2249 1378 2282 wirundus,
1400 2249 1471 2278 sub-

813 2303 982 2331 terraneus,
1003 2307 1095 2337 quem
1121 2297 1276 2326 finxerunt
1301 2300 1332 2325 et
1357 2295 1387 2325 in
1412 2307 1474 2336 quo

812 2345 1016 2375 describendo
1036 2344 1180 2385 occupati
1204 2349 1275 2373 sunt
1292 2349 1379 2373 vates.
1423 2344 1473 2374 lbi

812 2394 942 2423 crimina
957 2393 988 2422 in
1003 2392 1122 2434 superis
1137 2391 1301 2422 commissa
1314 2394 1394 2430 piari
1406 2403 1472 2423 cre-

812 2441 965 2472 debantur
1001 2441 1114 2471 debitis
1151 2439 1264 2481 poeniS.
1319 2440 1473 2481 Exemplo

811 2495 882 2520 sunt
913 2489 1076 2525 Tantalus,
1107 2490 1208 2523 Ixion,
1241 2487 1358 2528 Tityos,
1402 2489 1471 2520 Nec.

812 2537 1009 2579 Pythagoraei
1033 2538 1201 2578 negabant,
1220 2536 1339 2566 animas
1361 2536 1470 2578 impio-

813 2597 877 2616 rum
895 2592 963 2627 post
984 2586 1130 2627 repetitas
1144 2585 1343 2625 migrationes
1362 2595 1472 2626 poenas

812 2634 875 2676 pati
899 2642 993 2675 alque
1017 2646 1033 2664 a
1050 2634 1149 2665 Furiis·
1164 2633 1278 2665 vexari.
1328 2634 1470 2671 Venatus,

813 2689 966 2713 senectus
