1779 3130
232 170 318 212 430
623 169 672 208 Ρ.
708 168 923 210 OVIDII
961 169 1238 211 NASONIS

230 283 462 330 Pondere
487 298 636 345 poma
660 299 765 339 suo,
793 284 1100 347 tumidaeque
1125 284 1175 329 in
1199 284 1382 331 vitibus
1408 300 1543 332 uvae:

229 359 360 405 Sunt
384 359 549 406 herbae
575 359 765 415 dulces,
793 367 926 415 sunt,
954 376 1065 422 quae
1091 359 1353 407 mitescere
1375 360 1595 416 flamma,

226 434 516 497 Mollirique
543 443 762 497 queant:
804 452 897 482 nec
922 436 1062 482 vobis
1090 436 1280 482 lacteus
1307 436 1482 482 humor

225 510 461 574 Eripitur‚
490 527 581 558 nec
610 512 758 558 mella
781 512 940 575 thymi
966 511 1241 559 redolentia
1266 512 1455 559 florem.
1557 517 1620 560 80

224 587 444 649 Prodiga
467 588 680 643 divitias,
708 589 1046 651 alimentaque
1073 587 1212 635 mitia
1237 589 1386 635 tellus
1498 590 1621 651 [bet.

226 664 476 726 Suggerit,
501 673 652 727 atque
679 667 852 728 epulas
880 666 986 712 sine
1006 665 1144 711 caede
1164 672 1213 712 et
1234 665 1474 726 sanguine
1496 682 1620 728 prae-

225 741 389 787 Carne
413 740 528 787 ferae
555 741 732 788 sedant
751 742 970 804 jejunia3
1011 757 1104 787 nec
1131 748 1297 787 tamen
1323 757 1524 789 omnes:

225 816 425 880 Quippe
463 833 639 879 equus,
676 826 727 865 et
762 818 1000 881 pecudes,
1037 825 1361 880 armentaque
1399 818 1620 880 gramine

422 893 610 940 vivunt.
1481 895 1619 957 [que‚

222 967 291 1015 At
311 969 494 1031 quibus
521 969 775 1031 ingenium
802 977 880 1018 est
905 970 1410 1032 immansuetumque,
1437 971 1618 1017 ferum-

222 1044 575 1107 Armeniaeque
601 1046 770 1107 tigres,
797 1046 1122 1108 iracundique
1147 1047 1333 1102 leones,
1556 1050 1617 1094 86

223 1121 455 1184 Cumque
475 1123 605 1185 lupis
622 1124 738 1178 ursi,
751 1123 966 1186 dapibus
987 1139 1099 1170 cum
1116 1123 1357 1185 sanguine
1377 1124 1613 1185 gaudent.

221 1196 334 1244 Heu
362 1207 606 1261 quantum
632 1201 794 1247 scelus
821 1208 912 1256 est,
935 1200 984 1246 in
1008 1200 1198 1248 viscera
1221 1200 1411 1247 viscera
1434 1200 1598 1256 condi,

222 1275 579 1338 Congestoque
604 1278 804 1324 avidum
830 1278 1156 1341 pinguescere
1182 1293 1388 1340 corpore
1416 1293 1613 1341 corpus,

219 1350 542 1415 Alteriusque
568 1354 872 1401 animantem
898 1353 1162 1401 animantis
1189 1353 1348 1400 vivere
1373 1353 1499 1400 leto!
1551 1357 1614 1400 90

217 1484 329 1514 bamve
354 1489 508 1520 naturam,
540 1491 644 1516 tamen
663 1487 804 1527 flamma,
830 1497 882 1517 co—

217 1531 352 1573 quendo,
371 1533 532 1564 mitescere
546 1540 686 1575 possunt.
730 1535 882 1574 Eripitur,

215 1581 420 1612 interdicitur.
470 1583 656 1623 Proflorem,
675 1585 879 1625 vulgoflore:

216 1635 384 1671 utrumque
402 1636 496 1662 recte.

259 1680 310 1709 83.
330 1680 524 1720 Carneseroe,
541 1681 622 1721 etc.]
644 1682 721 1712 Esus
737 1683 879 1714 carnium

216 1726 334 1757 similes
358 1728 459 1758 reddit
484 1728 623 1759 homines
644 1729 763 1763 bestiis.
779 1731 880 1772 iisque

216 1776 458 1808 immanissimis.
518 1778 692 1819 Ingcaimn,
732 1780 881 1811 naturalis

215 1825 349 1861 indoles,
373 1826 490 1862 bestiis,
519 1828 692 1863 arboribus,
721 1829 802 1869 agris
828 1829 879 1859 tri-

213 1874 330 1904 buitur.
355 1876 502 1905 Armenia’
514 1878 605 1917 tigres
617 1876 712 1907 etiam
727 1877 793 1906 viii.
810 1879 879 1908 121.

215 1929 245 1953 et
262 1923 389 1964 passim.
434 1926 583 1955 Armeniae
599 1932 703 1955 autem
724 1926 878 1966 adjective

214 1972 414 2013 capiendum,
428 1979 461 2003 nt
472 1974 571 2004 solent
586 1980 684 2014 poetae
699 1986 707 2011 3
724 1975 878 2011 Tibullus,

214 2020 277 2050 111.
302 2021 342 2050 vi.
366 2022 415 2051 15.
438 2027 469 2051 et
493 2022 682 2063 Propertius,
708 2023 736 2052 I.
761 2023 806 2053 ix.
826 2025 876 2054 19.

215 2071 373 2099 Armenias
398 2071 510 2110 tIgres;
536 2070 607 2100 Am.
631 2071 663 2100 ii.
685 2072 748 2101 xiv.
770 2073 822 2103 35.
847 2076 877 2103 2⁴11

216 2119 364 2147 Armeniis
380 2120 470 2159 tigres
487 2120 618 2149 latebris.

257 2168 309 2196 88.
326 2167 398 2196 Heu.
413 2174 558 2206 quantum
575 2170 680 2204 scelus,
696 2170 775 2209 estu]
803 2171 875 2200 Sce-

214 2216 262 2245 lus
285 2221 344 2250 est,
371 2226 482 2256 corpus
506 2216 553 2246 sui
577 2218 698 2257 generis
722 2217 877 2248 alimentis

214 2265 340 2299 nutrire,
361 2265 510 2306 caedeque
534 2266 737 2296 animantium
762 2267 875 2297 vivere.

215 2313 375 2354 Repetitio
407 2315 566 2344 verborum
602 2317 713 2345 viscera
750 2318 872 2350 riscera,

213 2374 332 2401 CUI'POJ'C

212 2417 242 2440 et
266 2422 329 2441 ver.
357 2413 427 2441 175.
453 2414 601 2453 sanguine
629 2415 762 2454 sangnis,
790 2424 872 2444 nunc

213 2470 274 2490 non
292 2466 338 2490 est
355 2470 457 2490 merus
472 2460 569 2495 lusus,
585 2467 619 2490 ut
639 2462 770 2502 putabat
784 2462 872 2492 Schi-

213 2508 346 2543 rachius,
363 2508 417 2539 sed
434 2509 522 2544 facit,
542 2517 575 2540 ut
591 2510 635 2539 vis
650 2512 706 2540 τοῦ
722 2513 768 2540 sai
784 2521 872 2551 gene-

211 2558 253 2586 ris
273 2557 380 2587 fortius
399 2557 562 2587 sentiatur.
613 2558 726 2588 Viscera
748 2559 873 2589 omnino

213 2615 330 2635 carnes.
363 2605 506 2636 Servius:
529 2611 548 2622 “
566 2606 727 2648 Quidquid
745 2608 802 2637 sub
820 2618 872 2638 co-

212 2653 257 2683 rio
280 2660 337 2689 est,
353 2654 472 2684 viscera
494 2654 646 2692 dicunt;''
671 2655 742 2686 vide
766 2656 805 2686 ad
828 2656 871 2686 vi.

213 2703 286 2732 651.
310 2709 340 2732 et
363 2702 402 2732 de
426 2705 550 2733 condere
573 2704 611 2734 ad
636 2705 716 2741 6643
742 2704 796 2735 xii.
824 2705 872 2735 17.

355 2373 471 2402 corpas,
491 2365 673 2393 animantem
697 2367 872 2399 ιιιιὶιηιικίὶε,

953 1487 1096 1527 Congesta
1111 1496 1241 1525 corpore,
1255 1485 1410 1525 congestis
1426 1485 1615 1527 corporibus.

953 1535 1153 1576 Pitzgaescere
1169 1545 1239 1565 cum
1256 1533 1375 1564 invidia
1391 1534 1520 1565 dictum.
1553 1535 1614 1565 Pio

948 1585 1142 1622 alteriusque,
1174 1583 1374 1613 Burmannus
1400 1583 1491 1612 malit
1520 1584 1615 1613 alter-

951 1634 1061 1672 nisque,
1093 1638 1125 1661 ut
1156 1637 1203 1661 est
1232 1631 1264 1661 in
1294 1631 1436 1661 Francos.
1494 1632 1615 1662 Scilicet

950 1691 1032 1711 nunc
1049 1680 1244 1721 indignantis
1259 1686 1315 1711 est.
1361 1681 1446 1720 Lege
1462 1680 1615 1711 orationes

949 1729 1027 1760 duas
1057 1730 1131 1770 περὶ
1159 1728 1390 1770 σαρκοφαγίας,
1419 1739 1488 1770 quae
1518 1729 1613 1759 ascri-

949 1779 1065 1808 buntur
1087 1778 1268 1808 Plutarcho.
1318 1777 1451 1807 Vulnera
1473 1779 1613 1808 mandere

949 1826 1061 1857 (lurum
1078 1838 1142 1868 pro,
1157 1827 1274 1857 bestias
1289 1826 1466 1856 vulneratas
1481 1832 1512 1856 et
1526 1836 1611 1857 mac-

948 1882 1049 1913 tatas3
1073 1877 1094 1906 i.
1123 1877 1192 1907 190.
1218 1877 1327 1905 vulnus
1350 1877 1492 1910 recidere,
1516 1886 1612 1906 mem—

946 1925 1036 1955 brum
1066 1925 1194 1955 vnlnere
1223 1924 1413 1955 morbidum.
1472 1925 1612 1965 Cyclopes

946 1983 1054 2004 carnes
1095 1973 1175 2003 adeo
1215 1973 1368 2003 humanas
1409 1972 1612 2004 devorabant.

946 2021 1073 2052 Homer.
1090 2021 1152 2052 Od.
1168 2021 1189 2052 i.
1203 2022 1279 2051 289.
1295 2021 1370 2051 311.
1394 2021 1456 2052 Sed
1472 2022 1609 2063 respexit

947 2070 977 2100 h.
1001 2070 1024 2101 l.
1049 2071 1137 2112 Virg.
1163 2070 1293 2101 AEneid.
1319 2070 1363 2100 iii.
1388 2071 1461 2101 626.
1486 2070 1539 2102 ubi
1571 2071 1610 2102 de

946 2119 1096 2160 Cyclope,
1117 2120 1186 2150 Vidi
1207 2127 1273 2149 atro
1292 2131 1380 2160 quum
1401 2122 1529 2150 membra
1539 2122 1608 2160 flu—

945 2171 1024 2198 entia
1036 2170 1101 2198 talu»
1117 2170 1288 2204 Manderel,
1300 2176 1327 2199 et
1341 2171 1432 2210 tepidi
1448 2175 1609 2200 tremerent

943 2219 995 2245 ,sab
1011 2219 1147 2247 dentibus
1164 2224 1260 2247 artas.
1284 2217 1502 2248 Gronovianus
1515 2217 1610 2248 habet

944 2267 1008 2295 lato
1038 2268 1137 2301 dente,
1168 2277 1221 2307 pro
1250 2277 1341 2303 sanim
1372 2265 1514 2307 illudque
1544 2276 1605 2296 uon

943 2315 1088 2356 displicet
1113 2317 1304 2351 Burmanno,
1330 2322 1363 2345 ut
1389 2315 1428 2344 sit
1453 2315 1605 2356 oppositio

943 2363 1021 2394 inter
1032 2366 1130 2394 tristia
1148 2365 1271 2394 [ulnera
1285 2370 1316 2394 et
1330 2366 1394 2394 law
1405 2367 1501 2394 [lente.
1527 2365 1607 2394 Mali

941 2424 1032 2442 mares
1047 2413 1163 2443 ventris
1178 2419 1249 2443 sunt
1264 2413 1426 2443 voracitas.
1469 2412 1604 2448 Persius,

941 2460 972 2489 iu
994 2461 1071 2502 prol.
1087 2467 1178 2491 vocat
1194 2468 1332 2491 ventrem
1354 2461 1500 2500 artificem
1519 2463 1604 2496 mali,

942 2515 975 2539 ut
993 2511 1119 2550 γαστὴρ
1143 2509 1316 2551 κακοεργός
1337 2510 1467 2540 Homer.
1484 2509 1546 2539 Od.
1566 2514 1603 2540 E.

940 2559 990 2588 54.
1017 2558 1101 2588 me.
1139 2559 1264 2589 Vellem
1280 2559 1425 2599 equidem
1442 2558 1600 2589 Parisinus

942 2607 1041 2637 editor
1068 2618 1172 2638 versus
1195 2607 1313 2648 prologi
1342 2607 1480 2638 Persiani
1505 2618 1600 2648 appo-

941 2655 1065 2691 suisset,
1079 2656 1111 2686 in
1126 2655 1240 2697 quibus
1261 2656 1349 2686 audit
1365 2662 1471 2686 venter
1489 2655 1599 2686 artifex

941 2704 1025 2735 mali.
1051 2705 1109 2735 En.
