1779 3130
264 184 320 224 44
653 183 702 222 Ρ.
737 182 949 223 OVIDII
986 181 1263 223 NASONIS

268 298 406 344 Affer
430 313 604 360 opem3
647 311 941 358 mersaeque,
969 311 1162 359 precor,
1184 295 1378 343 feritate
1403 304 1611 359 paterna

270 377 364 430 Da,
390 374 642 437 Neptune,
666 375 858 420 locum:
887 374 964 420 vel
991 373 1056 419 sit
1076 374 1214 419 locus
1241 373 1349 436 ipsa
1374 373 1566 429 licebit3

270 451 418 498 Hunc
436 466 639 513 quoque
656 450 1008 513 complectar.’⁷
1048 449 1208 496 Movit
1228 457 1379 513 caput
1395 465 1654 512 aequoreus

269 527 637 589 Concussitque
662 527 763 573 suis
788 542 959 573 omnes
985 526 1273 573 assensibus
1295 526 1482 572 undas:
1525 526 1652 587 [rex,

269 603 515 651 Extimuit
540 604 586 650 N
592 605 805 667 ymphe3
847 604 999 650 nabat
1023 611 1217 650 tamen:
1258 603 1366 666 ipse
1391 601 1608 649 natantis

267 680 481 728 Pectora
505 683 772 743 tangebam
797 681 992 743 trepido
1018 679 1244 727 salientia
1269 687 1404 726 motu
1425 696 1434 726 ε

1558 681 1653 725 606

269 757 505 820 Dumque
531 774 590 805 ea
614 764 884 811 contrecto,
914 763 1071 803 totum
1096 757 1361 803 durescere
1388 756 1520 803 sensi

269 834 481 896 Corpus,
510 842 560 881 et
585 835 788 881 inducta
812 832 957 879 condi
984 831 1259 895 praecordia
1283 839 1429 879 terra.

268 910 402 956 Dum
428 911 618 974 loquor,
648 911 881 974 amplexa
906 917 982 956 est
1007 917 1142 956 artus
1169 925 1296 956 nova
1326 917 1458 957 terra
1481 915 1653 955 natan-

267 986 332 1032 Et
357 988 518 1048 gravis
540 988 747 1035 increvit
768 987 972 1034 mutatis
997 987 1160 1034 insula
1185 987 1438 1033 membris.

1535 988 1650 1048 [tes‚

333 1063 422 1111 VI.
451 1064 626 1111 Amnis
647 1066 708 1112 ab
736 1066 812 1111 his
833 1065 1011 1112 tacuit:
1040 1064 1227 1111 factum
1253 1064 1477 1110 mirabile
1503 1078 1653 1110 cunc-

269 1140 524 1188 Moverat:
566 1142 734 1188 irridet
759 1142 1048 1193 credentes;
1090 1148 1245 1203 utque
1273 1141 1494 1187 Deorum
1554 1141 1654 1202 [tos

309 1307 383 1336 603.
398 1307 491 1336 Hunc·
508 1319 618 1347 quoque
634 1309 828 1347 complectnr;
846 1308 926 1338 Bur-

267 1365 400 1385 mannus
416 1356 524 1387 mallet
540 1357 589 1386 Sic
605 1368 724 1397 quoque,
740 1357 806 1387 sine
822 1367 927 1387 causa.

269 1403 417 1435 Heinsius
446 1405 499 1446 qui
535 1407 612 1436 hanc
642 1417 679 1436 ex
708 1406 928 1436 vetustioribus

269 1452 396 1488 invexit,
423 1453 615 1495 explicabat,
636 1460 800 1496 postquam
824 1455 857 1486 in
880 1454 926 1485 in-

267 1502 368 1532 sulam
384 1502 441 1533 erit
462 1514 619 1535 conversa.
660 1505 855 1544 Complector,
870 1516 927 1536 un-

267 1550 315 1581 dis
341 1551 418 1582 meis
447 1552 573 1582 alluam.
622 1553 926 1585 Movit-concussit-

268 1611 333 1639 que,
355 1606 416 1631 etc.
438 1601 536 1632 instar
556 1602 654 1639 Jovis,
678 1603 700 1633 i.
721 1604 793 1634 179.
830 1605 928 1635 Movit

267 1655 368 1687 caput,
405 1649 489 1680 idem
536 1652 632 1691 quod,
682 1653 791 1683 annuit
827 1653 925 1694 preci-

266 1697 336 1727 bus.

311 1747 383 1777 605.
399 1747 550 1778 Extimuit*
569 1748 716 1788 Nymphe,
730 1750 809 1790 ete]
824 1750 923 1780 Heiu-

265 1794 309 1824 sio
334 1794 383 1825 hic
408 1807 513 1827 versus
540 1803 572 1826 et
594 1804 654 1828 tres
683 1804 848 1839 sequentes
871 1799 924 1829 de-

265 1844 351 1874 lendi
366 1844 508 1875 videntur
526 1852 580 1876 aut
600 1847 709 1877 saltem
733 1847 795 1877 duo
816 1848 878 1878 609
894 1854 925 1878 et

267 1893 330 1922 610
354 1892 442 1932 (vide
468 1894 547 1924 infra
571 1901 675 1924 notam
700 1896 791 1934 603)
819 1907 857 1927 ne
878 1897 925 1927 bis

265 1940 350 1970 idem
378 1941 509 1973 dicatur.
556 1943 754 1974 Burmannus
780 1945 926 1976 admonet

267 1990 341 2026 604,
358 1991 420 2020 605
440 1996 470 2021 et
491 1992 553 2022 606
578 1993 684 2023 abesse
707 2003 725 2023 a
741 1993 926 2024 Francofur-

268 2039 358 2074 tensi,
372 2045 403 2069 et
417 2038 495 2070 duos
509 2047 674 2081 sequentes
690 2041 782 2072 fuisse
794 2042 925 2083 margini

269 2087 432 2129 ascriptos.
486 2089 675 2130 Tangebam3
701 2090 926 2122 Ambrosianus

266 2141 297 2166 et
326 2146 406 2166 unus
435 2137 610 2173 Mediceus,
641 2140 812 2174 mulcebam,
842 2139 925 2180 quod

269 2185 387 2214 amanti
422 2187 523 2227 aptius
557 2186 679 2227 judicat
716 2188 925 2220 Burmannus.

267 2232 368 2263 Immo
385 2241 447 2264 tam
464 2235 637 2276 periculoso
654 2242 801 2277 tempore,
818 2243 922 2279 tange-

269 2281 316 2311 hat
331 2283 432 2322 potius
451 2283 597 2324 amplexu
613 2291 753 2325 pectora.

311 2330 385 2361 608.
403 2331 583 2361 Condantur
595 2338 625 2362 et
640 2343 687 2368 ea,
701 2343 770 2374 quae
782 2333 813 2364 in
831 2335 923 2365 aliam

268 2377 395 2409 formam
418 2385 601 2417 transeunt,
628 2381 698 2411 vide
722 2382 761 2412 ad
785 2383 827 2412 ix.
851 2384 923 2414 389.

268 2427 423 2467 Equidem
445 2429 584 2465 arbitror,
600 2440 705 2460 versus
724 2431 786 2461 609
809 2438 839 2462 et
862 2433 924 2463 610

269 2475 352 2505 Dum
383 2478 660 2516 loquor—membris
688 2489 754 2510 esse
783 2491 923 2512 resecan-

268 2523 342 2560 dos3
364 2535 436 2555 nam
458 2526 574 2567 priores
592 2533 724 2568 quatuor
744 2529 842 2559 multo
861 2530 923 2562 ele-

266 2572 424 2612 gantiores
438 2581 519 2605 sunt.
565 2576 655 2611 Quod
676 2577 737 2607 duo
758 2588 795 2608 ex
815 2578 852 2609 iis
869 2580 922 2610 ab·

268 2627 340 2651 suut
364 2632 382 2652 a
397 2624 643 2654 Francofurtensi
659 2626 789 2663 Codice,
807 2633 837 2657 et
855 2639 924 2670 sqq.

267 2668 329 2699 duo
355 2670 386 2700 in
412 2672 547 2712 margine
571 2674 706 2715 ascripti,
731 2675 762 2705 id
793 2676 869 2706 nihil
891 2677 923 2707 in

268 2718 325 2748 hac
346 2729 441 2750 causa
464 2721 619 2759 decernitg
644 2728 808 2763 potuerunt
832 2732 884 2756 aut
906 2737 923 2756 a

996 1307 1162 1337 festinante
1189 1307 1313 1338 librario
1338 1307 1450 1342 omitti,
1470 1312 1524 1338 aut
1547 1307 1586 1338 ab
1607 1316 1654 1341 eo,

996 1356 1049 1397 qui
1074 1362 1242 1398 postremos
1258 1367 1363 1386 versus
1385 1356 1538 1397 genuinos
1558 1362 1653 1398 puta-

996 1413 1053 1442 ret,
1072 1411 1105 1435 ut
1120 1415 1176 1445 ego
1192 1405 1302 1436 sentio.

1039 1455 1220 1485 611—724.
1259 1455 1415 1484 Philemon
1453 1462 1481 1485 et
1511 1454 1651 1495 Baucis.]

997 1506 1040 1536 [t
1076 1505 1275 1534 Menecrates
1312 1503 1469 1534 Xanthius
1503 1503 1656 1544 Lyciacas

996 1555 1117 1585 fabulas
1139 1554 1318 1595 collegerat,
1336 1555 1421 1585 unde
1442 1554 1483 1585 vi.
1501 1556 1564 1585 313
1584 1565 1654 1596 sqq.

996 1614 1057 1634 una
1072 1604 1202 1645 repetita
1218 1609 1275 1639 est,
1292 1603 1336 1634 sic
1356 1604 1435 1635 alius
1453 1604 1582 1645 scriptor
1597 1614 1652 1645 po-

995 1653 1053 1683 tuit
1073 1653 1226 1694 Phrygias
1254 1658 1397 1689 tractare,
1423 1664 1554 1695 quarum
1583 1663 1653 1694 pars

995 1702 1061 1733 haec
1085 1708 1189 1733 nostra
1214 1709 1273 1733 est.
1319 1703 1399 1733 Eam
1422 1713 1495 1733 vero
1519 1703 1654 1733 Ovidius

995 1752 1202 1793 copiosissime
1220 1752 1463 1793 suavissimeque
1482 1752 1654 1783 exornavit.

993 1800 1200 1832 Ruhnkenius
1215 1801 1253 1831 ad
1267 1800 1453 1832 Callimachi
1469 1801 1654 1842 fragmenta,

993 1862 1023 1892 p.
1039 1851 1112 1881 580.
1129 1862 1198 1881 eum
1220 1851 1394 1892 suspicatur
1408 1851 1506 1881 multa
1521 1861 1558 1881 ex
1575 1850 1650 1881 Cal-

992 1900 1120 1930 limachi
1144 1900 1267 1930 Hecala
1285 1906 1462 1930 mutuatum
1484 1910 1562 1935 esse,
1581 1910 1651 1941 quae

993 1954 1025 1978 et
1047 1948 1115 1989 ipsa
1142 1948 1243 1979 fuerat
1267 1959 1345 1979 anus
1368 1949 1572 1990 paupercula,
1598 1949 1652 1979 sed

994 1996 1206 2038 hospitalitate
1228 1997 1367 2038 insignis.
1411 1997 1521 2038 Hyriei
1546 1998 1653 2029 sabula

994 2045 1066 2075 huic
1094 2052 1204 2076 nostrae
1227 2045 1336 2076 similis
1359 2052 1501 2077 narratur
1522 2046 1605 2077 Fast.
1621 2058 1652 2077 v.

994 2095 1056 2125 499
1071 2105 1140 2136 sqq.
1178 2097 1223 2125 Ab
1239 2097 1294 2131 his,
1310 2101 1379 2136 post
1395 2095 1472 2126 haec.
1511 2096 1651 2133 Factum,

994 2148 1029 2173 ut
1043 2153 1134 2173 versu
1150 2144 1212 2174 578
1229 2150 1260 2173 et
1281 2144 1343 2174 7-26
1358 2157 1363 2173 :
1390 2155 1451 2174 non
1466 2144 1560 2185 igitur
1575 2152 1651 2181 erat,

994 2201 1048 2222 cur
1071 2192 1339 2234 Heinsiusfiztum
1357 2193 1512 2224 suaderet.
1556 2194 1650 2235 Regii

993 2241 1100 2275 nostri,
1126 2242 1262 2282 jactum.
1332 2242 1478 2278 Moremt,
1517 2243 1650 2274 admira-

993 2290 1075 2321 tione
1103 2296 1134 2320 et
1163 2296 1249 2320 metu
1279 2291 1418 2321 Deorum
1455 2291 1651 2334 impleverat.

994 2339 1116 2378 Spretor
1146 2343 1280 2372 Deorum
1309 2346 1374 2370 erat
1403 2340 1444 2370 ad
1473 2341 1650 2382 exemplum

992 2388 1111 2418 Ixionis
1123 2387 1218 2430 patris
1228 2394 1258 2418 et
1268 2388 1417 2429 Phlegyae
1429 2389 1490 2419 avi.
1523 2390 1563 2420 Et
1578 2390 1651 2422 talis

993 2437 1088 2468 etiam
1111 2439 1217 2468 mentis
1227 2438 1329 2479 feror,
1345 2444 1449 2468 mente
1465 2438 1570 2475 feroci,
1585 2450 1651 2471 esse

992 2486 1082 2516 solet.
1134 2486 1175 2516 Ut
1204 2487 1339 2527 ponitur,
1364 2497 1460 2527 quum
1485 2497 1579 2519 causa
1607 2488 1650 2519 rei

992 2544 1028 2564 ex
1048 2535 1184 2565 moribus
1204 2534 1336 2576 alicujus
1352 2534 1509 2576 repetitur.
1548 2536 1652 2568 Iiz'oiie

993 2590 1100 2620 natus,-
1125 2583 1244 2614 Ixionis
1263 2583 1346 2614 filius
1367 2594 1405 2613 ex
1422 2584 1648 2616 Centaurorum

990 2642 1114 2672 genere,
1144 2632 1197 2673 qui
1233 2633 1386 2674 Superum
1423 2639 1650 2675 contemptores

991 2680 1181 2711 inducuntur
1208 2691 1226 2711 a
1246 2680 1346 2722 poetis
1368 2687 1403 2712 ut
1427 2688 1458 2712 et
1480 2682 1646 2725 Cyclopes.

992 2728 1022 2757 Si
1039 2731 1109 2759 dant
1125 2741 1134 2765 ,·
1160 2729 1183 2760 si
1200 2739 1252 2760 eos
1267 2736 1358 2771 putas
1371 2729 1444 2760 dare
1460 2740 1559 2772 posse.
