1779 3130
357 165 928 207 METAMORPHOSEO
938 167 980 207 N
1014 166 1133 208 LIB.
1169 167 1275 208 XV.

1423 170 1508 209 455

119 279 269 326 Clara
293 280 384 326 fuit
411 280 618 342 Sparte:
663 296 857 342 magnae
883 280 1082 342 viguere
1112 281 1369 344 Mycenae;

119 356 227 403 Nec
253 372 352 402 non
379 357 666 420 Cecropiae3
708 373 799 404 nec
827 373 924 404 non
952 357 1245 420 Amphionis
1266 375 1420 406 arces.

116 432 229 479 Vile
255 434 415 478 solum
443 433 621 496 Sparte
647 440 751 480 est:
792 434 903 479 altae
929 433 1155 480 cecidere
1183 434 1443 496 Mycenae:

117 508 483 571 OEdipodioniae
509 509 629 571 quid
655 516 787 565 sunt,
815 508 907 554 nisi
933 509 1114 564 fabula,
1142 510 1361 558 Thebae?

116 583 249 638 Quid
272 584 563 631 Pandioniae
588 592 792 641 restant,
811 586 904 631 nisi
929 603 1125 642 nomen,
1145 586 1386 634 Athenae?
1408 591 1506 635 430

118 657 267 706 Nunc
315 676 517 723 quoque
561 661 864 708 Dardaniam
912 660 1042 708 fama
1089 670 1164 709 est
1211 679 1507 726 consurgere

317 736 530 783 Romam
550 755 559 792 ;

113 812 544 876 Appenninigenae
571 830 682 876 quae
709 814 936 877 proxima
960 813 1228 877 Thybridis
1256 817 1400 863 undis

116 888 252 936 Mole
278 890 370 936 sub
395 890 582 951 ingenti
609 907 769 937 rerum
795 890 1083 937 fundamina
1107 892 1259 953 ponit.

117 965 240 1013 Haec
267 966 415 1029 igitur
439 968 643 1014 formam
671 968 941 1014 crescendo
967 975 1140 1022 mutat,
1169 975 1218 1014 et
1241 969 1356 1015 olim

117 1042 354 1090 Immensi
381 1051 532 1107 caput
557 1043 689 1090 orbis
714 1043 835 1090 erit:
876 1043 946 1089 sic
971 1043 1137 1091 dicere
1161 1052 1316 1099 vateS‚

1410 1049 1506 1093 435

116 1119 468 1183 Faticinasque
494 1120 659 1167 ferunt
679 1128 862 1167 sortes:
892 1127 1237 1183 quantumque
1261 1124 1506 1179 recordor,

115 1196 394 1244 Priamides
421 1196 645 1249 Helenus
671 1197 824 1252 flenti,
852 1197 1107 1260 dubioque
1133 1199 1323 1255 salutis,

116 1272 328 1320 Dixerat
346 1273 532 1328 AEneae,
560 1289 715 1336 quum
741 1289 818 1320 res
840 1273 1054 1335 Trojana
1078 1274 1296 1322 labaret:

115 1354 146 1372 “
173 1348 304 1397 Nate
327 1349 452 1406 Dea,
480 1350 520 1396 si
547 1357 664 1397 nota
688 1350 806 1398 satis
831 1351 1074 1413 praesagia
1099 1358 1278 1398 nostrae

114 1546 199 1570 stret.
245 1541 398 1580 Perquam
423 1539 517 1579 igitur
540 1539 777 1580 inopportunam

116 1589 167 1620 hic
196 1589 346 1619 inculcari
377 1590 502 1630 Spartes
531 1594 561 1619 et
590 1587 778 1628 reliquarum

116 1638 239 1669 urbium
264 1638 474 1669 mentionem!
505 1639 541 1668 30
560 1637 642 1674 Quia
664 1637 778 1678 Pytha-

115 1697 198 1727 gorae
215 1691 307 1717 aetate
324 1686 371 1717 vel
388 1685 523 1716 maxime
538 1685 704 1715 floruerunt
717 1683 779 1715 illae

116 1736 220 1767 urbes.
263 1736 326 1766 Sed
344 1736 410 1777 jam
432 1735 557 1777 saepius,
574 1734 605 1764 in
630 1734 688 1764 hac
711 1733 780 1775 ipsa

116 1785 304 1826 Pythagorae
335 1784 472 1814 oratione
502 1783 668 1825 aliquoties
697 1781 777 1813 vidi-

118 1845 199 1870 mus,
216 1833 367 1864 Ovidium
391 1832 619 1863 anachronismi
641 1842 673 1862 se
694 1842 778 1862 reum

116 1882 238 1917 fecisse,
255 1888 296 1917 et,
313 1883 403 1923 quasi
418 1882 549 1912 oblitum
569 1881 627 1917 sui,
645 1880 780 1921 antiquis

116 1931 308 1972 temporibus
325 1930 477 1967 tribuisse,
490 1940 559 1971 quae
577 1940 637 1959 non
652 1928 710 1959 nisi
725 1939 779 1959 sua

117 1985 211 2010 aetate
227 1979 289 2010 dici
305 1985 440 2020 possent.
486 1979 598 2019 Neque
614 1978 645 2008 hi
658 1988 703 2008 vs-
720 1977 777 2007 im-

116 2027 259 2070 pediunt,
284 2038 345 2069 quo
374 2027 476 2058 minus
500 2032 591 2069 poeta
616 2037 678 2057 ver.
702 2027 777 2056 431.

117 2077 279 2107 commode
307 2077 347 2107 ad
372 2077 482 2107 Romae
512 2076 602 2107 initia
628 2081 778 2106 transeat.

117 2126 266 2156 Omnium
294 2125 422 2156 minime
447 2132 551 2155 autem
578 2125 673 2155 MSS.
701 2135 777 2165 quo-

115 2174 248 2204 rundam
265 2174 455 2215 negligentia
469 2174 519 2204 hic
536 2183 656 2203 movere
670 2183 776 2213 quem-

117 2233 211 2264 quam
228 2222 330 2253 debet.
368 2223 486 2252 Fabula
502 2228 533 2252 et
549 2233 654 2251 nornen
670 2221 776 2251 dicun-

115 2277 165 2302 tur
177 2276 286 2313 gentes
295 2272 449 2312 urbesque
462 2271 585 2301 deletae.
613 2269 775 2310 Virgilius,

119 2320 193 2350 AEn.
217 2319 273 2350 vii.
300 2321 374 2349 412.
400 2331 483 2350 nunc
509 2331 649 2360 magnum
678 2326 775 2349 manet

117 2368 219 2398 Ardea
242 2379 367 2405 ⁷10men;
391 2368 462 2399 vide
477 2368 638 2398 Drakenb.
655 2368 694 2398 ad
719 2367 774 2397 Sil.

117 2416 138 2448 i.
153 2418 228 2447 293.

160 2466 234 2496 431.
260 2465 352 2496 Nunc
364 2477 475 2506 qnoque
485 2466 687 2500 Dardaniam,
698 2464 774 2505 etc.]

117 2513 288 2544 Commode
310 2521 341 2544 et
362 2514 519 2555 ingeniose
534 2513 705 2544 orationem
721 2513 775 2543 de-

117 2562 206 2593 duxit
219 2562 260 2593 ad
271 2563 380 2593 Romae
392 2569 423 2593 et
434 2562 521 2593 initia
531 2568 562 2593 et
574 2562 775 2593 incrementa.

119 2611 322 2648 Dardaniam,
339 2622 408 2653 quae
425 2611 575 2652 originem
593 2611 688 2642 debet
701 2611 775 2641 Tro-

112 2660 188 2702 jano
202 2662 325 2692 AEneae.
355 2661 551 2702 Consurgere,
566 2671 702 2701 surgere,
716 2661 775 2689 Ro-

119 2721 205 2745 mam,
222 2710 423 2741 fundamenta
442 2710 512 2751 poni
538 2720 635 2740 rerum
660 2710 772 2739 Roma*

848 1548 970 1568 narum.
1018 1539 1285 1579 Appenninigenae,
1311 1550 1347 1569 cx
1378 1540 1506 1581 Appen-

847 1586 920 1617 nino
957 1586 1149 1627 profluentis,
1182 1597 1293 1617 novum
1332 1588 1504 1629 epitheton.

849 1636 932 1666 Mole
948 1637 999 1665 sub
1016 1637 1144 1677 ingenti,
1160 1635 1203 1665 ita
1222 1641 1256 1666 ut
1278 1637 1373 1667 moles
1397 1637 1507 1678 iugens

847 1690 1087 1725 superstruatur.
1142 1684 1262 1720 Forma,
1295 1685 1395 1726 prima
1423 1687 1507 1718 urbis

846 1732 1025 1768 delineatio,
1041 1732 1191 1774 regnique
1207 1733 1282 1764 fines
1296 1734 1397 1775 primi.

891 1783 964 1812 436.
981 1781 1169 1821 Γιιίίσὶιιαε.]
1197 1781 1333 1818 Quidam
1349 1786 1506 1820 vaticinas,

848 1835 925 1860 teste
950 1829 1102 1868 Ciofan03
1137 1830 1189 1860 alii
1205 1830 1386 1871 fczticrttzcz53
1414 1833 1506 1874 Regii

848 1879 1121 1920 nostrifaticinus,·
1147 1879 1229 1910 conf.
1244 1879 1282 1909 ad
1300 1880 1425 1912 ix.417.
1455 1884 1505 1913 De

850 1928 964 1958 Heleno
978 1927 1047 1957 vide
1064 1927 1128 1958 xiii.
1140 1929 1212 1958 723.
1257 1929 1332 1959 Erat
1347 1929 1504 1962 οἰωνοπό-

847 1977 916 2007 λων
940 1976 988 2017 ὄχ’
1011 1977 1142 2017 ἄριστος
1163 1977 1308 2012 Homero,
1328 1978 1369 2008 Il.
1393 1982 1426 2010 Z.
1450 1981 1503 2011 76.

846 2025 1017 2060 Vaticinia,
1032 2025 1145 2066 quibus
1161 2026 1293 2056 [Eneam
1305 2027 1370 2068 jam
1387 2029 1505 2068 prosec-

845 2079 947 2105 turum
973 2073 1108 2110 instruit,
1133 2074 1227 2105 habet
1252 2075 1338 2116 Virg.
1360 2078 1435 2109 AEn.
1459 2077 1503 2109 iii.

845 2124 1026 2153 374—462.
1073 2123 1235 2159 [secor-dor,
1251 2134 1361 2166 nempe
1378 2126 1504 2157 audive-

844 2178 892 2202 rat
907 2171 974 2202 haec
990 2171 1194 2212 Pythagoras,
1208 2183 1303 2213 quum
1321 2175 1505 2215 Euphorbus

844 2226 936 2250 esset.
981 2221 1069 2250 Male
1085 2222 1218 2251 AEneam
1242 2221 1363 2252 heroem
1384 2222 1505 2255 inducit

843 2269 892 2299 hic
902 2270 1037 2308 flentem.

885 2320 958 2349 439.
989 2319 1031 2354 Si,
1057 2318 1322 2360 quandoquidem,
1349 2326 1383 2351 ut
1411 2332 1505 2364 saepe.

843 2367 874 2396 Si
890 2373 959 2397 uota
974 2369 1044 2397 satis
1060 2368 1156 2397 habes.
1196 2368 1265 2409 Ipse
1282 2369 1400 2399 AEneas
1417 2372 1500 2412 apud

843 2415 934 2455 Virg.
952 2416 1088 2446 Heleno:
1116 2419 1136 2432 “
1153 2416 1214 2452 Qui
1230 2418 1356 2448 numina
1372 2418 1498 2457 Phoebi,

843 2464 905 2501 Qui
923 2465 1069 2506 tripodaS,
1086 2465 1183 2495 Clarii
1198 2466 1310 2500 lauros,
1327 2467 1378 2507 qui
1400 2468 1501 2500 sidera

842 2514 949 2549 sentis,
977 2514 1018 2544 Et
1048 2514 1206 2544 volucrum
1243 2514 1405 2555 linguaS,’'
1436 2523 1498 2548 etc.

844 2562 1094 2599 Flamma—iter,
1122 2563 1235 2593 evades
1261 2574 1314 2604 per
1340 2565 1496 2596 flammam

842 2611 1018 2653 ferrumque
1055 2622 1172 2653 sospes.
1222 2613 1381 2653 Pergama,
1412 2626 1498 2657 spem

842 2671 988 2692 novorum
1004 2662 1224 2701 Pergamorum
1240 2662 1483 2694 condendorum.
