1779 3130
259 168 342 208 104

651 163 702 203 Ρ.
737 161 949 203 OVIDII
983 161 1263 203 NASONIS

259 281 408 327 Dicta
431 278 460 325 J
466 278 568 324 ovis
595 292 790 324 movere
818 276 984 323 Deos:
1026 292 1117 323 nec
1146 276 1358 323 sustinet
1380 277 1526 330 ullus,

259 356 427 410 Quum
462 353 665 400 videant
704 353 863 399 fessos
904 351 1341 409 Rhadamanthon,
1377 360 1427 399 et
1460 352 1647 399 AEacon

460 430 617 485 annis,

258 507 323 554 Et
348 506 536 561 Minoa,
566 506 706 569 queri
730 522 739 553 :
781 506 882 568 qui,
911 506 1029 552 dum
1054 505 1146 551 fuit
1170 505 1361 567 integer
1386 505 1492 560 aevi,
1552 506 1650 550 440

257 583 522 629 Terruerat
547 598 768 644 magnas,
796 582 905 645 ipso
931 597 1133 644 quoque
1159 582 1374 636 nomine,
1403 588 1595 642 gentes.

257 659 397 706 Tunc
424 667 529 706 erat
554 659 815 714 invalidus,
845 658 1231 720 Deionidenque
1245 659 1464 719 juventae

258 736 458 783 Robore
485 735 733 789 Miletum,
757 734 1053 796 Phoeboque
1078 741 1285 796 parente
1312 734 1599 796 superbum,

254 812 522 859 Pertimuit
538 830 549 868 3
591 812 902 873 credensque
929 810 1030 857 suis
1057 811 1314 872 insurgere
1339 809 1521 872 regnis,

258 888 407 934 Haud
432 895 601 934 tamen
626 895 702 934 est
727 887 900 950 patriis
926 903 1093 934 arcere
1118 887 1384 950 penatibus
1411 903 1576 933 ausus.

258 964 447 1027 Sponte
472 963 618 1026 fugis,
644 964 837 1020 Milete,
865 971 966 1019 tua,
994 964 1246 1025 celerique
1272 963 1440 1010 carina

1548 964 1644 1008 446

253 1040 448 1102 AEgaeas
473 1040 660 1087 metiris
688 1056 860 1102 aquas,
888 1047 938 1087 et
963 1039 1012 1085 in
1038 1039 1194 1086 Aside
1219 1047 1353 1086 terra

255 1117 445 1163 Moenia
465 1117 744 1171 constituis,
773 1116 1004 1180 positoris
1031 1117 1266 1163 habentia
1291 1132 1488 1163 nomen.

256 1192 352 1240 Hic
379 1193 486 1249 tibi,
515 1194 634 1239 dum
660 1192 886 1255 sequitur
907 1193 1079 1255 patriae
1105 1193 1391 1240 curvamina
1414 1194 1532 1256 ripae

255 1269 380 1316 Filia
405 1269 649 1317 Maeandri
674 1269 823 1316 toties
850 1270 1106 1316 redeuntis
1133 1270 1326 1325 eodem,

1547 1272 1644 1317 450

255 1346 470 1408 Cognita
496 1347 717 1410 Cyanee,
746 1346 1004 1410 praestanti
1034 1362 1245 1409 corpora
1269 1346 1441 1402 forma,

293 1469 368 1499 440.
399 1468 522 1510 Integer
545 1471 610 1505 criti,
637 1468 690 1510 qui
717 1475 764 1499 est
788 1469 914 1500 florente

252 1516 355 1547 adhuc
372 1523 474 1547 aetate.
506 1517 590 1558 Opp.
608 1518 771 1553 invalidus,
790 1517 914 1547 confec-

251 1570 301 1595 tus
311 1565 408 1595 senio.
455 1565 522 1604 Ipso
540 1567 655 1596 nomine
670 1572 781 1595 terrere
802 1572 913 1606 gentes,

254 1613 365 1643 summi
390 1620 421 1643 et
451 1613 558 1644 invicti
585 1613 743 1644 bellatoris
777 1615 914 1652 notati03

250 1661 370 1698 Florus,
387 1662 451 1692 III.
472 1673 500 1692 x.
525 1663 589 1699 203
614 1663 768 1697 Jusfinus,
791 1663 852 1692 XI.
870 1663 913 1693 vi.

254 1712 312 1747 153
336 1711 442 1741 XLII.
462 1722 490 1741 v.
509 1713 559 1742 13.
603 1711 666 1742 Sed
683 1712 797 1742 Noster
813 1722 915 1742 rursus

250 1760 371 1790 videtur
386 1760 498 1790 Minoa
518 1760 698 1791 Secundum
721 1771 793 1790 cum
815 1760 914 1801 primo

250 1809 439 1845 confudisse,
461 1809 550 1849 (vide
579 1808 618 1839 ad
645 1809 709 1839 viii.
737 1810 826 1847 120.)
855 1809 914 1840 nisi

250 1868 347 1889 unum
368 1863 489 1888 tanturn
505 1858 616 1887 Minoa
636 1857 729 1888 fuisse
750 1857 914 1888 credamus

250 1917 322 1937 cum
337 1906 503 1936 Aristotele
521 1907 614 1937 Polit.
628 1905 689 1936 ii.9
706 1912 736 1937 et
755 1907 803 1937 10.
851 1906 913 1935 Mi-

253 1956 340 1990 letus,
351 1953 507 1995 Apollinis
521 1954 613 1990 filius,
629 1956 789 1985 Deionides
805 1965 823 1985 a
835 1955 911 1985 Dei-

251 2013 308 2033 one
331 2009 429 2033 matre
453 2002 555 2033 dictus
580 2003 713 2039 videtur,
733 2014 913 2044 quanquam

250 2062 287 2082 ea
302 2051 334 2081 in
348 2061 380 2081 re
394 2050 505 2081 mirum
522 2051 553 2081 in
569 2052 694 2082 modum
713 2053 833 2082 variant
849 2052 912 2082 Ve-

249 2106 348 2130 teres:
389 2099 459 2129 vide
490 2099 679 2140 Interpretes
709 2099 748 2130 ad
777 2100 809 2130 h.
835 2100 856 2130 1.
883 2106 914 2130 et

251 2149 440 2178 Munkerum
464 2148 503 2178 ad
526 2148 682 2178 Lactantii
705 2149 836 2189 Argum.
882 2148 913 2179 Is

250 2208 346 2238 quum
373 2197 405 2227 in
436 2197 573 2228 affectati
597 2198 683 2238 regni
708 2197 914 2239 suspicionem

251 2245 425 2280 incidisset,
444 2245 586 2276 Minoem
604 2253 638 2276 ut
654 2252 738 2276 metu
753 2246 912 2281 liberaret,

250 2305 321 2324 cum
344 2294 503 2324 sanctione
527 2305 582 2325 sua
604 2294 695 2336 sugit,
715 2295 860 2336 venitque
883 2295 914 2325 in

250 2353 335 2372 oram
350 2342 563 2378 Anactoriam‚
577 2343 630 2372 ubi
643 2343 790 2373 Miletum
807 2342 914 2373 condi-

251 2391 308 2421 dit.
354 2392 431 2421 Haec
455 2391 514 2432 ipsi
537 2391 656 2422 Milesii
679 2392 717 2423 de
741 2392 912 2432 originibus

250 2440 312 2469 suis
341 2439 516 2470 tradebant.
564 2441 701 2471 Pausan.
724 2441 857 2471 Achaic.
881 2453 912 2483 p.

250 2489 323 2518 524.
361 2487 476 2518 Confer
498 2489 648 2530 Apollod.
664 2489 727 2519 III.
742 2489 763 2519 i.
785 2491 815 2519 2.
861 2491 911 2521 De

252 2536 359 2565 Mileto
388 2536 457 2566 vide
485 2543 517 2567 et
542 2537 697 2579 Verheyk.
725 2538 764 2568 ad
792 2539 911 2569 Anton.

252 2584 319 2613 Lib.
347 2594 414 2624 cap.
441 2585 492 2614 30.
539 2585 677 2627 Insurgit
708 2588 818 2627 regnis,
845 2587 908 2627 qui,

249 2631 383 2661 factione
396 2632 488 2667 sacta,
502 2644 632 2673 regnum
649 2634 767 2672 eripere
783 2641 911 2665 conatur

249 2679 350 2709 alteri.
400 2680 500 2709 Pan-51-
519 2689 638 2719 penates
661 2673 735 2713 aiibi
758 2683 796 2712 de
819 2683 910 2714 domo

982 1474 1126 1510 paterna,
1145 1479 1227 1499 nunc
1249 1469 1287 1499 de
1303 1468 1414 1510 patria,
1432 1479 1537 1510 regno.
1582 1470 1644 1498 Ar-

982 1529 1046 1548 cere
1058 1519 1224 1556 penatibus,
1235 1517 1360 1558 ejicere,
1371 1517 1527 1558 expellere
1540 1528 1644 1558 regno.

1026 1566 1099 1597 447.
1125 1566 1231 1596 Metiri
1248 1578 1352 1606 aquas,
1368 1576 1546 1607 percurrere
1561 1576 1645 1597 mare

983 1614 1065 1649 navi,
1080 1614 1229 1655 navigare
1255 1625 1309 1655 per
1331 1624 1426 1644 mare.
1473 1614 1601 1646 Homer.
1616 1626 1647 1646 v.

982 1674 1009 1694 c.
1027 1663 1135 1694 Od.r.
1148 1664 1219 1694 179.
1236 1663 1383 1703 πέλαγος
1398 1665 1537 1704 μετρεῖν.
1569 1664 1644 1695 Ma:-

982 1714 1033 1742 ηἰα
1057 1723 1118 1742 non
1141 1718 1213 1742 sunt
1236 1724 1370 1747 manera,
1387 1719 1422 1743 ut
1445 1712 1527 1742 Rod.
1543 1713 1645 1750 vertit,

981 1760 1035 1790 sed
1057 1761 1139 1790 urbs.
1188 1761 1304 1792 Ponere
1325 1763 1431 1791 marnia
1454 1760 1575 1802 phrasis
1589 1763 1642 1792 ob-

980 1809 1045 1844 via,
1063 1809 1118 1839 sed
1135 1809 1192 1840 hoc
1212 1810 1282 1840 loco
1302 1820 1379 1840 nove
1397 1812 1519 1849 positor,
1536 1811 1643 1841 condi-

981 1863 1037 1893 tor,
1054 1863 1088 1888 ut
1105 1858 1190 1888 Fast.
1208 1858 1240 1889 ii.
1257 1860 1310 1889 63.
1329 1861 1503 1898 templorum
1522 1862 1644 1898 positor.

983 1906 1054 1942 Hic,
1082 1917 1174 1948 prope
1204 1907 1362 1943 Miletum,
1392 1907 1445 1938 ubi
1476 1908 1645 1939 Moeandros

982 1955 1037 1994 (de
1060 1956 1148 1996 cujus
1172 1958 1395 1986 cim-inminibus
1419 1956 1488 1986 vide
1513 1956 1545 1986 ii.
1569 1958 1642 1988 246.

981 2009 1012 2034 et
1034 2003 1099 2033 viii.
1119 2003 1210 2043 162.)
1235 2015 1290 2045 per
1313 2004 1437 2035 Cariam
1464 2010 1496 2034 et
1522 2004 1643 2035 Ioniam

982 2053 1130 2089 defluens,
1148 2053 1179 2083 in
1191 2064 1273 2084 mare
1288 2064 1320 2084 se
1337 2059 1501 2091 exonerat3
1525 2053 1644 2090 Livius,

982 2101 1111 2131 xxxviii.
1127 2103 1175 2132 13.
1211 2102 1354 2142 Sequitur
1369 2103 1559 2137 curvamina,
1579 2112 1643 2132 am-

981 2151 1070 2180 bulat
1091 2150 1123 2180 in
1142 2151 1206 2192 ripa
1224 2158 1364 2186 curvata,
1380 2161 1474 2192 quam
1491 2150 1548 2181 sibi
1569 2150 1642 2181 fecit

982 2204 1083 2240 pater.

1028 2249 1101 2278 451.
1139 2249 1280 2289 Cannae,-
1309 2247 1400 2278 multi
1427 2249 1552 2289 Cyane,-
1577 2249 1643 2290 Spi-

980 2295 1078 2327 rensis
1102 2303 1133 2327 et
1159 2298 1294 2339 optimus
1309 2296 1456 2327 Thuanus
1480 2297 1600 2327 Creneis
1623 2307 1642 2327 a

982 2344 1094 2376 Graeco
1131 2346 1249 2386 κρήνη.
1308 2346 1428 2387 Regius
1461 2352 1564 2376 noster
1597 2346 1639 2376 A.

982 2390 1121 2431 Cycnum,-
1148 2396 1189 2424 B.
1213 2396 1327 2434 Cyane.
1373 2393 1551 2424 secundum
1574 2394 1641 2424 An-

978 2439 1119 2468 toninum
1144 2438 1334 2473 Liberalem,
1357 2449 1394 2469 ex
1419 2439 1562 2477 Idothea,
1579 2443 1641 2473 Ca-

978 2497 1045 2517 rum
1070 2487 1151 2527 regis
1166 2487 1241 2522 filia,
1259 2488 1386 2517 Caunus
1403 2494 1433 2517 et
1449 2489 1560 2529 Byblis
1576 2491 1638 2520 Mi-

977 2535 1040 2565 leto
1062 2536 1136 2566 nati.
1184 2536 1346 2566 Prastanti
1371 2547 1494 2576 corpora
1505 2539 1637 2579 forma3

976 2593 1023 2618 ea,
1049 2595 1118 2624 quae
1141 2583 1410 2625 Berneggerianus
1435 2596 1490 2626 pro
1515 2586 1639 2617 diversa.

978 2632 1110 2663 lectione
1136 2634 1243 2669 habet,
1263 2633 1408 2664 Heinsius
1432 2634 1547 2675 primus
1571 2635 1636 2666 edi—

978 2681 1034 2717 dit,
1051 2688 1217 2724 monetque
1234 2692 1321 2724 posse
1338 2688 1369 2712 ct
1382 2686 1552 2721 prastantis
1563 2684 1635 2726 sor-
