1779 3130
240 180 325 221 370
629 174 680 213 Ρ.
719 169 931 211 OVIDII
965 168 1247 210 NASONIS

245 291 494 344 Ausoniae,
525 287 810 348 Siculaeque
836 292 974 331 tenet
999 282 1212 329 confinia
1237 289 1397 328 terrae.

241 368 383 421 Inde,
411 380 560 411 manu
585 378 765 424 magna
789 360 1048 424 Tyrrhena
1072 374 1161 422 per
1187 372 1387 419 aequora
1410 357 1595 419 lapsus,

243 442 530 489 Herbiferos
557 440 679 487 adiit
702 439 871 493 colleS,
900 444 1051 499 atque
1079 435 1202 482 atria
1228 434 1449 480 Glaucus

246 520 361 566 Sole
385 525 504 565 satae
534 517 723 570 Circes,
750 514 993 562 variarum
1019 514 1167 576 plena
1190 511 1420 557 ferarum.
1577 511 1635 553 10

246 595 408 649 Quam
435 595 580 641 simul
605 593 819 656 aspexit,
848 592 996 646 dicta,
1026 597 1337 650 acceptaque
1364 586 1551 640 salute3

247 678 277 696 “
304 672 447 725 Diva,
478 671 573 717 Dei
598 670 846 723 miserere,
874 683 1074 731 precor:
1116 681 1229 711 nam
1250 664 1354 710 sola
1376 664 1537 709 levare

247 748 322 794 Tu
348 755 489 811 potes
515 746 695 801 hunc‚”
713 746 854 798 dixit,
880 743 1092 789 “videar
1117 740 1263 786 modo
1283 739 1480 800 dignus,
1503 752 1636 783 amo—

249 824 450 878 Quanta
475 824 539 870 sit
563 825 843 876 herbarum,
861 819 1044 874 Titani,
1063 816 1288 881 potentia
1308 814 1445 870 nulli,
1486 815 1635 875 [remz

248 900 410 954 Quam
436 901 553 946 mihi
574 899 836 962 cognitius,
855 897 940 960 qui
962 912 1071 942 sum
1097 901 1319 941 mutatus
1345 893 1406 938 ab
1431 890 1546 937 illis.
1579 892 1636 936 15

248 976 388 1024 Neve
412 977 509 1023 mei
535 993 632 1023 non
658 983 775 1022 nota
798 975 887 1021 tibi
914 974 978 1020 sit
1002 989 1154 1020 causa
1177 970 1369 1025 furoris,

246 1053 411 1100 Litore
437 1054 486 1099 in
513 1053 701 1107 Italico,
731 1051 986 1098 Messania
1011 1049 1190 1096 moenia
1215 1055 1400 1100 contra,

249 1130 422 1193 Scylla
436 1129 668 1176 mihivisa
679 1135 776 1175 est:
803 1127 961 1191 pudor
977 1136 1053 1174 est
1068 1125 1327 1189 promissa,
1339 1136 1632 1186 precesque,

251 1206 631 1268 Blanditiasque
659 1221 811 1259 meas,
839 1211 1227 1267 contemptaque
1254 1201 1405 1247 verba
1429 1199 1625 1247 referre.

250 1284 318 1330 At
343 1291 412 1338 tu,
432 1284 534 1331 sive
559 1283 747 1346 aliquid
774 1282 910 1344 regni
931 1289 1006 1328 est
1024 1281 1075 1327 in
1096 1279 1330 1333 carmine,
1349 1292 1549 1324 carmen
1575 1278 1638 1321 20

257 1361 355 1408 Ore
382 1377 522 1408 move
548 1376 714 1407 sacro:
757 1359 856 1405 sive
883 1356 1216 1420 expugnacior
1241 1355 1393 1402 herba
1417 1361 1508 1408 est,

298 1531 328 1560 8.
355 1530 453 1560 Manu
475 1531 756 1572 magua—lapsus]
792 1532 916 1567 Manus,

259 1589 321 1620 qua
336 1579 487 1620 imprimis
506 1589 582 1620 opus
599 1586 645 1609 est
661 1581 791 1616 natanti,
808 1581 916 1621 imagi-

257 1638 328 1658 nem
354 1627 497 1658 sensibus
525 1627 669 1668 subjicit:
710 1628 763 1659 sed
793 1640 913 1669 magna,

257 1676 331 1717 quia
359 1676 460 1707 Deus.
507 1676 583 1706 Labi
612 1677 650 1708 de
680 1678 789 1718 quovis
823 1678 917 1708 celeri

258 1731 343 1755 motu
368 1731 398 1755 et
422 1735 531 1763 cursu3
556 1725 589 1755 h.
608 1726 628 1755 l.
651 1727 799 1757 natantis.
850 1726 917 1756 Cir-

258 1785 323 1809 cen,
336 1773 489 1814 insignem
505 1774 688 1809 veneficam,
706 1775 781 1804 Solis
797 1780 827 1805 et
843 1775 917 1805 Per-

258 1833 299 1852 sae
330 1822 438 1857 filiam,
468 1824 581 1858 AEetae‚
611 1823 798 1854 Colchorum
824 1824 917 1864 regis,

259 1882 403 1907 sororem,
421 1871 452 1901 in
468 1871 602 1902 insulam
624 1872 783 1913 quandam
800 1873 921 1903 Oceani

259 1919 463 1950 occidentalis
484 1920 687 1951 transtulerat
703 1931 824 1952 summa
842 1921 921 1951 anti-

260 1968 372 2009 quitaS,
394 1968 531 1999 locorum
556 1969 632 1999 situs
657 1969 811 2009 ignorans.
858 1970 921 2000 Ho-

261 2027 363 2046 merus
378 2017 481 2057 igitur,
495 2017 556 2047 Od.
571 2021 613 2047 K.
628 2019 686 2048 135
703 2024 814 2058 sqq.ut
828 2018 921 2058 [lys-

260 2075 325 2095 sein
342 2075 378 2095 eo
395 2065 539 2099 deferret,
554 2065 639 2095 illam
656 2066 821 2096 collocavit
832 2066 923 2107 juxta

262 2114 335 2144 litus
350 2114 466 2149 Italiae,
484 2114 537 2144 ubi
561 2122 669 2156 postea
685 2114 838 2145 Circaeum
855 2125 921 2156 pro-

262 2162 446 2192 montorium
470 2162 539 2192 fuit.
584 2162 714 2192 Siccatis
736 2164 817 2193 enim
834 2164 921 2204 palu—

261 2210 363 2247 dibus,
391 2211 503 2252 quibus
527 2211 600 2241 olim
627 2211 811 2252 cingeretur,
836 2212 922 2242 illam

263 2258 396 2290 insulam
415 2266 534 2301 partem
550 2270 616 2290 esse
633 2260 747 2291 factam
763 2260 923 2291 continen-

263 2308 304 2337 tis
319 2314 437 2339 veteres
460 2308 607 2346 traduntg
632 2308 701 2339 vide
725 2309 829 2348 Heyn.
845 2309 922 2340 Exc.

263 2357 291 2387 Ι.
313 2357 353 2387 ad
376 2357 464 2397 Virg.
482 2359 556 2388 AEn.
580 2357 632 2387 vii.
677 2358 772 2388 Plura
797 2358 835 2388 de
863 2358 921 2388 hac

262 2406 403 2436 venefica
427 2406 507 2436 infra
527 2405 701 2436 videbimus
725 2407 797 2437 inde
822 2417 840 2437 a
860 2417 923 2437 ver.

263 2455 326 2484 244
343 2465 414 2496 sqq.
445 2456 618 2496 Herbzferos
628 2457 704 2485 adiit
720 2457 816 2486 colles.
845 2456 924 2485 Her-

263 2503 310 2532 bis
333 2513 410 2544 opus
431 2511 497 2533 erat
521 2504 552 2533 in
577 2510 641 2533 arte
666 2505 808 2545 magica;
833 2503 918 2533 conf.

265 2562 328 2582 ver.
344 2552 407 2581 266
425 2563 503 2593 sqq;
527 2552 580 2582 vii.
595 2553 657 2582 224
678 2563 747 2593 sqq.
792 2553 832 2582 Et
857 2552 923 2583 dic·

265 2606 330 2630 tum
341 2611 407 2631 esse
417 2601 490 2631 olim
501 2600 589 2631 illum
598 2602 700 2631 locum
711 2600 922 2642 πολὺῤῥιζον,

265 2654 369 2678 monet
384 2649 503 2684 Strabo,
514 2660 543 2679 v.
560 2659 633 2690 pag.
647 2650 721 2681 355.
769 2649 819 2679 De
836 2652 923 2680 atriis

267 2695 386 2736 etseris
399 2696 506 2727 Circes
521 2697 584 2728 vid.
598 2708 662 2728 ver.
681 2699 755 2729 255.
771 2698 847 2729 260.

1032 1529 1079 1558 12.
1107 1529 1198 1563 Dira,
1215 1528 1272 1558 Dei
1294 1527 1458 1567 miserere]
1496 1526 1644 1563 Quidam.

985 1577 1121 1613 Ciofani,
1150 1584 1215 1608 tum
1243 1577 1342 1607 Basil.
1368 1577 1487 1607 Bersm.
1514 1581 1545 1606 et
1574 1575 1640 1610 alii,

985 1630 1039 1658 mei
1055 1630 1199 1658 miserere.
1236 1626 1411 1657 Videbatur
1428 1636 1538 1667 nempe
1553 1624 1648 1655 libra-

984 1677 1037 1707 riis
1064 1677 1226 1718 superbius
1262 1675 1346 1717 loqui
1381 1675 1532 1709 Glaucus,
1562 1675 1585 1705 si
1616 1685 1648 1704 se

987 1727 1095 1761 Deum,
1123 1725 1235 1756 Circen
1270 1725 1380 1755 Diram
1408 1729 1542 1754 vocaret.
1587 1723 1648 1753 Sed

988 1774 1050 1805 vid.
1078 1775 1276 1804 Burmannus
1306 1774 1359 1814 qui
1394 1778 1511 1809 monet,
1541 1778 1651 1814 poetas

988 1823 1161 1864 promiscue
1177 1825 1260 1853 dirus
1275 1829 1305 1852 et
1317 1825 1384 1852 deus
1402 1822 1539 1852 vocasse.
1570 1822 1650 1851 Her-

990 1874 1094 1901 barum
1111 1874 1240 1911 potentia
1257 1884 1265 1905 ,-
1291 1871 1361 1901 vide
1378 1871 1418 1901 ad
1434 1872 1454 1901 i.
1468 1872 1541 1901 522.
1589 1871 1650 1905 Qui

989 1931 1051 1950 sum
1073 1927 1226 1955 mutarim,-
1252 1919 1401 1950 Heinsius
1416 1925 1520 1949 monet
1537 1930 1553 1949 e
1577 1929 1650 1949 con-

990 1967 1154 1998 suetudine
1170 1967 1275 1998 Nostri
1291 1966 1500 2002 scribendum,
1514 1970 1564 2007 qui
1583 1970 1648 1997 sim.

1035 2019 1086 2048 20.
1125 2019 1250 2057 Aliquid
1277 2019 1384 2058 regni5
1423 2016 1517 2058 vulgo
1544 2018 1593 2056 (et
1620 2017 1650 2047 in

990 2066 1100 2107 Regiis
1139 2066 1316 2101 codicibus)
1355 2066 1475 2105 aliquod
1512 2076 1650 2106 regnum.

992 2115 1131 2155 Regnum
1147 2120 1193 2145 est
1208 2115 1358 2155 potentia,
1377 2114 1421 2144 vis
1441 2114 1582 2154 magica:
1608 2113 1651 2144 sic

993 2175 1116 2204 regnum
1134 2170 1164 2194 et
1186 2174 1312 2204 regnare
1335 2163 1374 2192 de
1398 2163 1536 2204 potentia
1556 2162 1651 2193 etiam

991 2212 1074 2254 apud
1091 2213 1158 2243 Cic.
1205 2212 1344 2248 Carmen,
1361 2212 1493 2242 formula
1507 2212 1648 2242 incanta-

992 2260 1103 2297 tionis;
1127 2260 1180 2291 vii.
1200 2261 1269 2291 137.
1293 2266 1325 2291 et
1349 2260 1436 2290 alibi.
1483 2260 1581 2295 Move,
1604 2261 1650 2291 in—

992 2309 1072 2351 cipe,
1085 2310 1197 2351 profer,
1211 2309 1341 2340 sollenni
1354 2320 1411 2339 usu
1428 2309 1511 2350 apud
1528 2315 1650 2350 poetas;

990 2357 1060 2388 vide
1077 2358 1257 2388 Bentleiurn
1274 2358 1313 2388 ad
1330 2358 1440 2388 Horat.
1451 2357 1514 2388 ΙΙΙ.
1528 2357 1590 2388 Od.
1602 2358 1655 2388 vii.

991 2407 1048 2436 20:
1090 2406 1164 2447 quia
1197 2416 1267 2447 quae
1297 2405 1503 2447 proferuntur,
1531 2406 1652 2447 proprie

992 2458 1098 2485 moveri
1114 2455 1176 2485 dici
1192 2462 1338 2496 possunt3
1355 2454 1498 2495 Heynius
1514 2455 1553 2485 ad
1567 2455 1653 2496 Virg.

992 2505 1070 2534 AEn.
1084 2503 1106 2534 i.
1122 2504 1197 2534 262.
1245 2504 1468 2545 Expugnacz'or,
1482 2503 1652 2541 efficacior3

992 2563 1085 2594 supra
1108 2552 1152 2583 ix.
1175 2553 1250 2583 620.
1273 2563 1443 2593 expugnare
1465 2559 1568 2592 σῶμα,
1585 2562 1653 2594 per-

991 2600 1080 2631 ficere
1135 2607 1258 2642 coepta.
1336 2602 1473 2640 Operosa,
1519 2601 1652 2632 multum

990 2659 1133 2690 operans,
1161 2650 1284 2681 efficax.
1333 2649 1477 2686 natatis,
1501 2660 1558 2680 usu
1581 2660 1653 2691 cog—

991 2704 1074 2728 nitis.
