1779 3130
354 173 972 215 METAMORPHOSEON
1006 171 1124 213 LIB.
1158 171 1294 213 VIII.
1458 174 1514 215 87

129 288 279 336 Haud
304 288 538 350 equidem
563 287 749 350 patiar:
790 294 962 349 pereat
987 286 1286 343 sceleratus3
1323 293 1372 333 et
1396 287 1478 334 ille

131 365 386 428 Spemque
397 365 568 427 patris,
581 364 820 426 regnique
831 363 1008 418 trahat,
1021 362 1294 425 patriaeque
1304 363 1512 409 ruinam.

128 441 276 488 Mens
292 441 377 487 ubi
389 448 612 487 materna
628 440 734 486 est?
756 439 839 485 ubi
857 455 985 485 nunc
1002 439 1084 501 pia
1097 446 1212 485 vota
1226 439 1516 501 parentum?

130 517 212 572 Et,
240 534 365 580 quos
392 516 623 571 sustinui,
651 516 727 562 bis
753 530 980 562 mensum
1006 514 1228 576 quinque
1254 515 1482 561 labores?

131 594 174 640 O
203 593 391 640 utinam
418 593 589 656 primis
615 593 819 639 arsisses
845 591 1042 652 ignibus
1068 591 1254 638 infans!
1422 594 1512 637 501

131 669 293 732 quue
320 686 411 731 ego
441 685 589 732 passa
614 669 794 716 forem!
832 669 999 715 vixisti
1024 684 1228 715 munere
1254 676 1448 714 nostro:

133 745 180 791 N
186 761 280 791 unc
303 745 476 791 merito
502 745 709 791 moriere
734 752 846 791 tuo:
888 760 1011 807 cape
1036 743 1239 807 praemia
1262 744 1395 798 facti,

135 821 326 883 Bisque
347 822 530 876 datam,
559 822 772 884 primum
797 828 957 883 partu,
986 837 1102 866 mox
1130 821 1300 883 stipite
1324 827 1481 884 rapto,

135 897 312 945 Redde
329 899 563 944 animam:
583 899 658 944 vel
670 914 747 944 me
763 897 989 944 fraternis
1007 897 1134 944 adde
1151 897 1408 960 sepulcris.
1425 900 1520 943 505

136 972 202 1020 Et
233 974 397 1037 cupio,
425 981 475 1020 et
514 990 736 1036 nequeo:
778 974 899 1036 quid
934 974 1109 1035 agam?
1147 974 1294 1020 modo
1318 974 1520 1020 vulnera

329 1049 532 1096 fratrum

135 1125 268 1172 Ante
293 1127 462 1172 oculos
488 1127 608 1172 mihi
634 1132 765 1181 sunt,
794 1133 844 1172 et
867 1133 1017 1173 tantae
1038 1127 1187 1173 caedis
1214 1127 1404 1189 imago:

139 1201 288 1248 Nunc
305 1202 522 1248 animum
538 1203 698 1265 pietas
719 1210 1042 1265 maternaque
1058 1204 1258 1250 nomina
1272 1203 1520 1266 frangunt.

139 1276 227 1323 Me
252 1278 508 1324 miseram!
547 1279 675 1325 male
700 1279 935 1335 vincetis3
978 1279 1066 1326 sed
1090 1279 1289 1336 vincite,
1316 1280 1520 1335 fratres;

139 1352 439 1409 Dummodo,
467 1370 579 1417 quae
606 1354 789 1401 dedero
813 1355 951 1401 vobis
978 1355 1168 1409 solatia,
1196 1371 1383 1417 vosque
1426 1359 1521 1402 510

139 1484 249 1526 frigore
261 1485 345 1515 venit
356 1491 387 1515 et
399 1496 510 1527 corpus
521 1485 676 1526 privatum
695 1485 799 1515 anima

138 1533 285 1573 frigidum
311 1533 470 1574 relinquit.
518 1534 647 1564 Trahere
668 1535 800 1568 ruinam,

141 1592 211 1612 eam
240 1582 367 1613 facere:
407 1582 534 1613 AEneid.
564 1583 595 1613 ii.
627 1584 709 1621 466;
747 1583 800 1613 sed

143 1632 261 1661 trahere
276 1642 363 1670 spem,
376 1641 445 1662 eam
458 1642 563 1662 seeum
579 1632 713 1662 auferre.
739 1632 801 1661 Ex-

142 1680 240 1711 tincto
262 1680 325 1710 filio
347 1680 484 1716 haerede,
502 1691 601 1722 eoque
626 1680 801 1715 fortissimo,

143 1738 258 1768 magna
279 1729 440 1759 calamitas
467 1732 574 1769 patriae
603 1729 802 1759 inferebatur.

147 1778 279 1808 Trahere
290 1784 448 1819 sumptum
460 1779 497 1808 ab
511 1789 557 1813 eo,
567 1777 620 1818 qui
632 1778 747 1808 cadens
756 1788 803 1808 se-

143 1837 214 1858 cum
233 1827 333 1858 aufert
349 1827 478 1868 aliquid,
495 1827 579 1857 unde
596 1827 685 1857 ruina
699 1826 804 1856 oritur.

188 1877 261 1907 499.
291 1877 347 1906 Ubi
370 1887 475 1913 mmc3
501 1875 551 1906 cui
568 1886 650 1906 nunc
665 1881 804 1917 prosunt.

146 1926 206 1955 Pia
220 1932 287 1955 vota
300 1937 310 1962 ;
334 1925 438 1960 multi,
455 1928 505 1964 pia
518 1928 611 1964 jura,
629 1924 711 1966 quod
725 1935 803 1966 prae-

144 1973 202 2005 fert
225 1974 383 2005 Heinsius.
432 1975 506 2004 Vota
528 1975 592 2010 illa,
618 1974 730 2015 quibus
754 1984 804 2004 su-

144 2023 287 2066 perstites
311 2023 367 2054 sibi
385 2029 497 2054 vovent
512 2029 668 2064 parenteS,
685 2033 724 2053 ne
742 2028 805 2052 tur-

144 2073 235 2103 betur
251 2072 449 2103 mortalitatis
470 2072 554 2103 ordo.
592 2072 661 2102 Hoc
669 2072 805 2111 justissi-

146 2133 227 2152 mum
250 2128 348 2152 votum
368 2127 458 2152 vocat
481 2123 616 2156 Seneca,
640 2121 680 2151 ad
704 2122 807 2152 Marc.

144 2180 216 2212 cap.
237 2171 284 2200 10.
309 2170 439 2210 Impinm
460 2176 568 2200 contra
588 2176 700 2204 votum,
727 2169 752 2199 si
775 2179 808 2199 se

149 2218 330 2260 superstites
359 2218 464 2249 liberis
510 2223 618 2259 optent
654 2223 808 2259 parentes.

149 2267 325 2303 Suetonius,
344 2267 415 2297 Tib.
431 2268 484 2298 62.
507 2268 624 2297 BuuM.
670 2267 809 2297 Mensam

149 2327 204 2357 pro
227 2318 370 2346 mensium
393 2316 514 2347 notavit
537 2315 725 2350 Priscianus,
750 2315 807 2345 lib.

152 2364 216 2402 vii;
243 2364 373 2400 Seneca,
402 2364 502 2394 Theb.
532 2365 606 2395 535.
631 2364 692 2393 Per
713 2365 809 2393 decem

150 2423 281 2443 mensum
309 2415 389 2443 uteri
421 2414 551 2443 labores:
588 2412 659 2443 vide
689 2412 810 2443 Grono-

153 2462 237 2492 viurn
263 2462 303 2492 ad
325 2462 394 2494 Liv.
416 2463 502 2492 xxix.
519 2463 559 2500 3;
583 2467 614 2492 et
635 2462 810 2492 Buneman.

151 2510 191 2540 ad
221 2511 366 2541 Lactant.
393 2511 521 2541 carmin.
543 2510 582 2541 de
613 2510 727 2540 Phoen.
754 2511 808 2540 27.

153 2559 260 2590 Codex
287 2560 406 2601 Regius
432 2560 471 2590 B.
498 2561 539 2590 bis
565 2570 695 2590 mensum
724 2561 811 2599 quin-

153 2618 233 2647 que3
265 2607 372 2638 Codex
397 2609 438 2638 A.
465 2619 573 2638 menses
605 2609 645 2638 bis
672 2609 811 2647 quinque,

155 2655 238 2696 quod
254 2661 285 2686 et
304 2656 374 2686 libri
395 2656 513 2697 aliquot
531 2666 550 2686 a
567 2655 699 2687 Ciofano
713 2655 812 2686 citati.

157 2704 271 2734 Excusi
294 2714 400 2734 omnes
419 2716 550 2735 mensum
569 2704 713 2739 retinent,
730 2703 812 2734 Pris-

866 1486 947 1517 ciani
964 1486 1034 1516 freti
1050 1486 1245 1517 auctoritate.
1289 1487 1356 1527 Ego
1375 1492 1458 1518 certe
1472 1498 1525 1528 ge-

867 1535 999 1565 nitivum
1014 1535 1185 1576 genuinum
1200 1535 1397 1566 scribendum
1413 1547 1525 1567 censeo

868 1586 1031 1620 mensium,·
1058 1584 1137 1614 inter
1160 1584 1373 1614 scandendum
1388 1595 1471 1620 vero,
1487 1595 1525 1615 ne

868 1632 930 1672 legi
946 1632 1053 1662 Pediae
1076 1632 1260 1673 oppedatur,
1277 1632 1417 1663 adhiberi
1439 1643 1527 1674 posse

869 1681 1045 1722 Synaeresin
1069 1691 1124 1711 seu
1147 1681 1412 1723 Synecphonesin,
1438 1687 1472 1712 ut
1495 1682 1528 1712 in

872 1730 998 1761 AEneid.
1026 1730 1067 1760 vi.
1090 1731 1144 1760 33.
1170 1732 1243 1770 quin
1266 1733 1402 1770 protinus
1430 1733 1529 1761 omnia

874 1779 1067 1820 Perlegerent
1083 1781 1185 1810 oculis.
1214 1780 1254 1809 Et
1269 1780 1351 1820 apud
1367 1780 1527 1815 Nostrum,

871 1827 891 1857 i.
910 1828 980 1858 150.
1007 1827 1133 1868 quidam
1156 1828 1265 1868 legunt
1291 1828 1406 1858 Ultima
1433 1830 1530 1858 cartes-

874 1879 948 1907 tz'um
973 1883 1070 1907 terras
1086 1878 1201 1907 Astraea
1225 1878 1358 1916 reliquit.
1396 1877 1528 1914 Decem,-

872 1936 984 1967 nempe
996 1926 1119 1956 lunares
1134 1936 1255 1956 menses
1270 1925 1420 1967 intellige.
1457 1926 1529 1956 Mu-

874 1985 943 2004 nere
966 1981 1082 2011 nostro,-
1106 1985 1175 2015 quae
1197 1975 1333 2015 stipitem
1349 1984 1403 2004 seu
1419 1979 1530 2005 torrem

874 2023 905 2052 in
922 2022 1005 2053 hunc
1019 2033 1116 2064 usque
1132 2023 1213 2053 diem
1229 2022 1360 2052 servavi.

917 2072 991 2102 503.
1020 2072 1172 2108 Moriere3
1197 2072 1396 2101 Burmannus
1425 2070 1532 2101 mallet

876 2123 1013 2156 moriare,
1035 2119 1119 2160 quod
1145 2119 1258 2150 furenti
1282 2119 1395 2160 aptius.
1440 2118 1533 2160 Regii

876 2169 969 2199 nostri
982 2167 1058 2198 nihil
1073 2173 1205 2199 mutant.
1253 2168 1403 2204 Prcfmz'a,·
1427 2178 1533 2209 poena.

880 2217 932 2247 Vel
945 2228 998 2253 me,
1015 2223 1075 2248 etc.
1092 2217 1165 2258 quia
1181 2217 1295 2247 Manes
1315 2215 1440 2246 inferias
1462 2227 1532 2257 pos-

876 2266 988 2297 tulant.

920 2316 996 2346 506.
1022 2315 1062 2345 Et
1082 2317 1190 2354 cupi05
1214 2314 1322 2344 fratres
1336 2313 1443 2344 ulcisci
1461 2315 1533 2344 sub-

877 2364 1081 2404 intelligatur.
1120 2363 1160 2393 Et
1176 2374 1283 2403 nequeo
1295 2362 1326 2392 in
1342 2361 1445 2402 ignem
1462 2372 1534 2392 con-

873 2413 969 2453 jicere
990 2418 1101 2442 torrem
1122 2412 1250 2452 pietate,
1265 2421 1328 2452 qua
1348 2410 1445 2440 filium
1461 2421 1533 2452 pro-

878 2471 1000 2501 sequor,
1029 2460 1192 2502 impedita.
1248 2460 1349 2497 Sunt5
1388 2459 1535 2490 Heinsius

879 2510 1003 2551 conjicit
1023 2513 1094 2540 sint.
1141 2509 1236 2544 Male,
1253 2519 1314 2539 non
1337 2509 1403 2538 sine
1423 2507 1534 2550 impie-

879 2564 953 2589 tate.
999 2558 1124 2593 Solatia,
1140 2558 1248 2594 filium,
1265 2568 1357 2598 quem
1373 2556 1405 2587 in
1426 2557 1537 2588 solatia

879 2611 982 2637 vestra
1006 2617 1196 2637 cremavero.
1246 2606 1331 2636 Visus
1352 2612 1403 2642 est,
1425 2616 1535 2647 nempe

882 2654 1027 2685 Althaeae.
1074 2655 1114 2684 Et
1136 2655 1233 2696 stipes
1255 2666 1372 2695 gemens
1395 2660 1426 2685 et
1445 2657 1536 2685 inviti

880 2704 966 2743 ignes
982 2709 1161 2735 aversantur
1175 2704 1301 2735 factum.
