1779 3130
357 177 974 218 METAMORPHOSEON
1011 176 1128 216 LIB.
1162 175 1299 216 XIV.

1441 177 1527 217 375

143 291 223 337 Ad
249 292 520 354 sedemque
548 290 740 354 Erycis,
768 290 1023 352 fidumque
1050 290 1233 337 relatus
1259 290 1495 345 Acesten,

147 367 419 422 Sacrificat,
446 367 792 428 tumulumque
818 367 892 412 sui
919 366 1153 428 genitoris
1178 366 1411 413 honorat:

145 442 383 505 Quasque
410 449 541 489 rates
569 442 661 488 Iris
687 442 901 489 Junonia
927 459 1067 506 paene
1094 443 1354 497 cremarat,
1466 445 1527 489 85

149 519 334 574 Solvit;
377 526 427 565 et
453 517 754 581 Hippotadae
781 534 1003 580 regnum,
1031 525 1287 580 terrasque
1314 518 1496 565 calenti

148 594 347 641 Sulfure
373 594 636 648 fumanteS,
664 593 1125 656 Acheloiadumque
1153 593 1386 656 relinquit

149 670 378 717 Sirenum
405 671 664 733 scopulos:
704 670 978 731 orbataque
1005 670 1217 732 praeside
1243 670 1390 732 pinus

146 746 410 802 Inarimen,
441 747 829 809 Prochytenque
855 747 989 807 legit,
1018 745 1274 808 sterilique
1300 747 1487 793 locatas

148 822 289 869 Colle
315 823 628 878 Pithecusas,
656 823 969 869 habitantum
994 823 1192 869 nornine
1218 823 1394 869 dictaS.

145 898 344 962 Quippe
371 899 534 945 Deum
561 899 751 960 genitor
778 898 1021 954 fraudem,
1049 905 1099 945 et
1126 899 1341 961 perjuria
1372 914 1528 961 quon-

345 975 460 1021 dam

1467 978 1524 1022 91

148 1050 430 1114 Cercopum
456 1067 656 1106 exosus,
685 1052 950 1114 gentisque
974 1051 1191 1098 admissa
1215 1051 1415 1107 dolosae,

147 1193 269 1223 infamis
279 1194 398 1224 Africa.
429 1194 555 1225 Italiam
567 1201 675 1236 petens
687 1197 807 1226 *lineas

148 1241 292 1282 refertur,
320 1243 422 1273 denuo
448 1243 584 1274 defertur
610 1244 640 1273 in
667 1244 806 1284 Drepani

147 1296 280 1331 portum.
313 1292 411 1332 Prope
426 1298 491 1322 erat
507 1294 584 1322 sedes
604 1292 721 1333 Erycis,
734 1293 807 1323 urbs

148 1339 242 1380 Eryx,
258 1351 351 1381 quam
369 1340 549 1371 condiderat
567 1342 661 1382 Eryx,
676 1341 807 1372 Veneris

147 1394 178 1418 et
194 1387 258 1430 ipse
274 1389 369 1419 filius.
394 1390 442 1419 Ibi
458 1389 550 1420 etiarn
567 1390 706 1431 AEgestus
720 1390 806 1425 Tros,

147 1447 238 1478 quem
270 1437 403 1468 Ovidius
432 1449 500 1469 cum
526 1438 658 1479 Virgilio
682 1442 805 1469 Acesten

148 1485 288 1517 nominat
304 1486 386 1527 (vid.
404 1487 506 1528 Heyn.
523 1487 563 1517 ad
583 1487 673 1528 Virg.
690 1489 766 1517 AEn.
785 1487 806 1517 i.

150 1535 238 1574 195.)
264 1535 404 1566 conditor
427 1536 512 1566 urbis
537 1537 674 1576 AEgestae
701 1547 725 1566 s.
751 1536 804 1565 Se-

148 1589 255 1624 gestae,
272 1595 290 1614 a
309 1595 371 1626 quo
391 1591 422 1616 et
441 1595 538 1626 nuper
559 1590 646 1615 erant
670 1585 804 1624 benigne

147 1633 282 1674 excepti,
310 1639 341 1664 et
371 1644 452 1664 nunc
482 1633 698 1674 excipiuntur:
734 1633 806 1663 hinc

148 1681 232 1722 apud
258 1682 346 1722 Virg.
371 1682 402 1712 d.
420 1681 441 1712 l.
466 1683 554 1711 bonus
579 1683 703 1717 Acestes,
728 1681 760 1711 h.
781 1681 805 1711 1.

138 1731 236 1769 fidus.
283 1731 332 1761 Ibi
359 1736 390 1761 et
419 1732 569 1760 tumulum
596 1734 641 1760 sui
663 1732 809 1771 genitoris

148 1779 283 1815 honorat,
295 1779 437 1820 genitori,
449 1789 542 1820 quem
558 1779 712 1820 superiore
727 1790 807 1809 anno

147 1827 255 1857 eodem
272 1827 322 1857 die
339 1827 380 1858 ibi
397 1827 592 1868 sepeliverat,
603 1837 723 1857 sacrum
736 1828 810 1858 facit

151 1877 413 1912 anniversarium3
430 1877 540 1917 virgil.
554 1878 628 1907 AEn.
641 1888 670 1906 v.
686 1879 726 1908 45
741 1888 809 1919 sqq.

193 1926 246 1955 85.
272 1925 332 1955 Iris
347 1936 365 1955 a
381 1926 504 1956 Junone
521 1926 614 1956 missa
631 1925 810 1957 mulieribus

149 1973 300 2014 Trojanis,
319 1984 454 2004 errorum
480 1973 699 2004 maritimorum
725 1985 810 2015 pero-

149 2022 204 2057 sis,
230 2022 393 2064 persuasit,
418 2029 451 2053 ut
474 2022 566 2053 classi
590 2022 692 2064 ignem
718 2022 809 2053 infer-

151 2076 229 2101 rent.
283 2072 425 2108 Quatuor
461 2070 593 2102 navibus
631 2072 810 2107 combustis,

151 2119 274 2161 Jupiter
289 2119 469 2150 incendium
486 2120 618 2150 extinxit
633 2120 739 2161 pluvia
754 2120 811 2150 im-

152 2167 265 2206 missa3
298 2167 425 2199 AEneid.
454 2180 485 2198 v.
512 2168 587 2198 606.
633 2169 811 2208 Hippotadae

152 2227 289 2257 regnum,
306 2216 418 2247 AEoliae
442 2216 563 2252 insulae,
581 2217 682 2258 plenae
706 2227 811 2247 caver-

152 2276 260 2295 narum
273 2271 303 2296 et
313 2265 614 2306 sulfitrisfumantis,
625 2271 812 2307 quapropter

153 2319 185 2344 et
201 2313 287 2344 AEoli
306 2324 434 2354 regnum
453 2320 484 2344 et
499 2314 635 2344 Vulcani
656 2313 811 2344 officinam

153 2362 213 2392 huc
226 2363 448 2393 transtulerunt
459 2368 570 2403 poetae.
594 2363 813 2393 Achelo'iadum

154 2421 209 2451 pro
219 2412 429 2447 Achelo'idum,
441 2411 529 2441 metri
546 2421 650 2442 causa.
674 2412 813 2441 Sirenum

154 2462 275 2499 scopuli,
300 2466 394 2502 petrae
419 2466 480 2491 tres
506 2471 566 2491 non
590 2461 681 2501 longe
710 2470 728 2490 a
752 2460 813 2490 Ca-

155 2509 246 2550 preis,
262 2509 432 2549 naufragiis
447 2509 590 2541 infames.
634 2509 685 2539 De
701 2510 816 2539 Sireni-

157 2559 210 2588 bas
227 2557 297 2588 vide
318 2568 411 2600 supra
427 2569 455 2588 v.
471 2559 544 2589 551.
591 2558 700 2594 Pinus,
717 2557 815 2593 navis,

156 2606 264 2636 orbata
285 2608 417 2645 praeside,
432 2607 636 2647 gubernatore
656 2605 814 2641 Palinuro,

158 2654 213 2695 qui
228 2664 299 2685 cum
314 2654 526 2695 gubernaculo
541 2665 688 2685 excussus
703 2661 770 2685 erat
785 2654 816 2684 in

159 2713 263 2741 mare3
289 2704 362 2734 AEn.
380 2715 408 2734 v.
427 2704 498 2734 867.
547 2704 698 2744 Prochyea
714 2711 744 2734 et
764 2703 817 2733 Pi-

876 1197 1000 1225 thecusae
1023 1193 1132 1234 (hodie
1152 1195 1282 1224 Prot-ida
1302 1200 1333 1224 et
1354 1193 1469 1233 Ischia)
1486 1194 1531 1224 in-

875 1243 949 1273 sulae
988 1242 1193 1283 promontorio
1230 1242 1352 1272 Miseno
1388 1243 1530 1283 objectae.

875 1293 943 1322 Has
972 1302 990 1321 a
1019 1291 1133 1332 figlinis
1167 1291 1364 1322 doliariorum
1397 1292 1532 1331 (dolium

874 1340 956 1370 enim
976 1339 1096 1370 Graecis
1117 1340 1230 1377 πίθος)
1255 1351 1364 1371 nornen
1389 1341 1530 1375 traxisse,

875 1394 982 1419 auctor
997 1394 1043 1418 est
1059 1388 1191 1424 Plinius,
1206 1388 1249 1419 iii.
1264 1390 1296 1419 6.
1342 1389 1457 1419 Noster
1478 1399 1532 1419 au-

876 1443 950 1472 tem,
977 1442 1011 1467 ut
1036 1437 1216 1478 postulabat
1245 1437 1345 1478 operis
1372 1438 1418 1467 sui
1445 1438 1533 1473 ratio,

873 1485 1013 1525 sequitur
1036 1495 1098 1520 eos,
1123 1485 1175 1525 qui
1200 1496 1218 1515 a
1242 1485 1349 1520 simiis,
1375 1485 1532 1523 πιθήκοις,

873 1533 1005 1564 insulam
1022 1533 1139 1564 dictam
1159 1544 1225 1564 esse
1246 1535 1425 1565 malebant:
1452 1535 1532 1565 hanc

873 1583 1005 1613 eandem
1027 1593 1093 1613 esse
1110 1588 1204 1623 atque
1226 1582 1379 1613 Inarimen
1394 1594 1418 1613 s.
1436 1584 1534 1614 AEna-

874 1631 961 1666 riam,
1011 1631 1246 1662 auctoritatibus
1289 1632 1531 1673 geographorum

875 1681 1054 1710 Graecorum
1071 1680 1231 1711 contendit
1246 1680 1414 1710 Salmasius
1426 1681 1465 1710 ad
1480 1681 1534 1711 So-

875 1729 984 1764 linum,
1014 1739 1086 1770 pag.
1116 1729 1168 1759 97.
1237 1729 1387 1759 Diversas
1416 1728 1535 1760 faciunt

877 1777 1021 1813 Ovidius,
1039 1778 1122 1807 Mela
1144 1782 1175 1807 et
1196 1777 1262 1807 alii.
1308 1777 1412 1807 Fluxit
1431 1784 1535 1808 autem

877 1826 935 1856 hoc
955 1836 1065 1856 nomen
1086 1836 1123 1856 ex
1144 1825 1212 1855 loco
1234 1825 1283 1855 vel
1302 1825 1471 1866 depravato
1486 1826 1535 1856 vel

878 1874 959 1905 male
983 1875 1143 1905 intellecto
1170 1874 1308 1910 Homeri,
1332 1875 1369 1904 Il.
1394 1878 1432 1905 B.
1459 1875 1534 1905 783.

878 1923 936 1954 Εἰν
953 1924 1116 1964 ’Λρίμοιςι
1147 1933 1223 1964 quos
1246 1922 1371 1953 Arimos
1396 1922 1536 1953 nonnulli

878 1973 909 2002 in
922 1972 1002 2002 hanc
1012 1972 1146 2002 insulam
1158 1972 1395 2002 transferebant.
1413 1972 1536 2008 Strabo,

878 2032 909 2051 v.
937 2031 1008 2061 pag.
1036 2021 1109 2051 379.
1139 2020 1238 2055 addit,
1267 2019 1370 2050 simios
1397 2022 1536 2051 Etruscis

879 2070 978 2100 dictos
1007 2080 1073 2100 esse
1103 2071 1229 2106 arimos,·
1261 2069 1330 2099 vide
1363 2069 1472 2100 Heins.
1497 2068 1536 2100 ad

879 2118 910 2148 h.
925 2118 946 2149 l.
967 2118 1114 2148 Munker.
1135 2117 1173 2147 ad
1199 2118 1342 2148 Lactant.
1358 2117 1488 2158 Argum.
1506 2123 1537 2148 et

879 2168 983 2208 Heyn.
999 2168 1076 2197 Exc.
1093 2167 1123 2196 ii.
1140 2166 1179 2196 ad
1195 2166 1283 2207 Virg.
1300 2166 1425 2196 AEneid.
1440 2166 1487 2196 ix.

922 2217 974 2246 92.
1000 2216 1148 2254 Ceu-copes,
1167 2214 1275 2255 Lydiae
1291 2214 1437 2256 populus,
1455 2215 1536 2245 frau-

879 2264 1123 2299 dulentissimus,
1147 2262 1302 2293 malitiosa
1328 2263 1464 2293 versutia
1490 2263 1536 2293 in-

879 2313 987 2354 signis.
1017 2313 1086 2343 Jovi
1104 2312 1250 2343 adversus
1265 2313 1432 2342 Saturnum
1447 2322 1537 2353 opem

880 2362 1104 2402 promiserant3
1141 2360 1206 2396 sed,
1237 2365 1365 2401 accepta
1392 2361 1538 2400 pecunia,

880 2420 950 2441 eum
967 2410 1115 2440 riserunt:
1141 2408 1213 2439 inde
1230 2407 1343 2439 versuti
1358 2409 1540 2449 impostores

881 2458 1054 2499 Κέρκωπες
1069 2458 1156 2494 dicti,
1171 2465 1203 2488 et
1218 2458 1438 2498 κερκωπίζειν,
1453 2458 1536 2488 frau-

882 2506 937 2537 des
954 2506 1051 2537 moliri
1065 2519 1072 2544 ;
1095 2507 1166 2537 vide
1180 2506 1348 2537 zenobium
1363 2506 1445 2536 Cent
1461 2506 1483 2535 i.
1501 2508 1537 2544 53

883 2555 923 2585 iv.
940 2556 992 2585 50.
1036 2555 1096 2586 Sed
1113 2555 1232 2586 Graecis
1246 2565 1376 2594 cercopes
1395 2560 1427 2585 et
1440 2565 1538 2596 genus

882 2604 1039 2634 simiorum
1073 2604 1293 2635 caudatorum:
1330 2605 1538 2643 cercopithecos

884 2652 915 2683 in
930 2653 1091 2694 AEthiopia
1106 2658 1253 2683 memorat
1268 2658 1299 2683 et
1313 2652 1459 2684 describit
1474 2653 1538 2683 Pli-

885 2701 963 2737 nius,
982 2702 1064 2732 Hist.
1082 2701 1157 2731 Nat.
1174 2701 1236 2732 viii.
1252 2702 1303 2732 21.
