1779 3130
196 158 280 201 188

575 157 627 198 P.
661 154 876 198 OVIDII
908 151 1208 196 NASONIS.

200 274 406 337 Cypron
431 271 631 319 olorinis
657 271 877 318 nondum
902 271 1194 331 pervenerat
1217 263 1324 311 alis.

196 349 415 411 Agnovit
439 349 584 409 longe
611 347 848 409 gemitum
875 343 1146 397 morientis,
1176 348 1227 387 et
1251 339 1391 386 albas

200 426 367 473 Flexit
391 441 505 471 aves
531 424 674 471 illuc:
715 430 870 485 utque
895 421 1078 468 aethere
1102 418 1224 465 vidit
1249 418 1310 463 ab
1337 416 1435 462 alto
1494 416 1591 460 720

200 502 514 557 Exanimem,
538 501 690 563 inque
717 515 805 546 suo
826 500 1101 561 jactantem
1128 494 1367 556 sanguine
1392 506 1591 554 corpus,

200 579 432 632 Desiluit,
461 577 747 641 pariterque
774 575 928 630 sinus,
956 572 1241 636 pariterque
1266 569 1474 631 capillos

200 654 373 718 Rupit,
401 661 451 701 et
476 653 690 715 indignis
716 649 962 715 percussit
988 655 1194 712 pectora
1218 645 1423 709 palmis:

202 731 495 793 Questaque
516 746 631 776 cum
651 729 787 784 fatis3
819 734 851 751 ‘⁶
868 726 938 772 At
958 742 1056 772 non
1076 732 1244 771 tamen
1264 721 1430 768 omnia
1446 717 1596 766 vestri

198 806 332 854 Juris
365 807 556 861 erunt‚”
590 806 778 868 inquit:
832 805 1044 851 “luctus
1077 805 1399 848 monumenta
1424 811 1591 843 mane-

402 883 529 929 bunt

1500 875 1596 919 725

203 959 428 1022 Semper,
457 958 637 1014 Adoni,
665 957 786 1014 mei;
830 956 1142 1020 repetitaque
1167 954 1340 1000 mortis
1365 952 1530 1012 imago

200 1035 383 1082 Annua
407 1035 658 1099 plangoris
686 1042 892 1098 peraget
918 1032 1233 1080 simulamina
1257 1029 1426 1077 nostri.

201 1112 270 1159 At
295 1128 437 1159 cruor
462 1112 511 1158 in
537 1112 708 1158 florem
733 1111 1035 1159 mutabitur:
1076 1126 1138 1156 an
1164 1108 1254 1155 tibi
1281 1106 1534 1170 quondam

204 1189 465 1236 Femineos
491 1196 626 1236 artus
652 1189 701 1235 in
728 1190 919 1236 olentes
944 1194 1136 1235 vertere
1161 1184 1406 1238 menthas,

203 1265 544 1329 Persephone,
572 1266 746 1312 licuit?
785 1265 928 1312 nobis
956 1264 1221 1327 Cinyreius
1246 1262 1390 1307 heros

249 1425 324 1455 719.
348 1427 477 1466 Agnovit
497 1427 583 1467 longe
599 1427 775 1467 gemitum]
803 1427 866 1457 Ex-

204 1474 314 1515 pressit
338 1474 519 1514 Yirgilium,
545 1476 622 1504 AEn.
652 1486 682 1505 x.
708 1476 782 1505 843.
806 1477 868 1516 Ag-

206 1525 288 1552 norit
300 1524 384 1564 louge
394 1527 538 1564 gemitum
548 1535 680 1565 praesaga
694 1525 764 1554 muli
781 1535 869 1554 mens.

206 1571 362 1602 Eiunimis
378 1582 460 1601 nuuc
476 1573 681 1602 moribundus
696 1584 704 1609 3
727 1573 870 1613 jactabat

206 1620 288 1650 enim
305 1620 409 1651 adhuc
423 1632 545 1662 corpus.
568 1621 630 1652 Sed
649 1622 807 1657 Heinsius,
820 1622 868 1652 vel

204 1669 310 1700 invitis
323 1670 523 1706 membranis
538 1670 737 1700 scribendum
754 1676 869 1706 censet,

205 1721 403 1754 semanimem,
435 1725 470 1749 ut
498 1719 553 1750 vii.
583 1721 656 1750 850.
703 1720 867 1761 Indignis.-

206 1767 278 1798 vide
297 1768 336 1798 ad
353 1768 376 1798 i.
394 1769 471 1798 308.

249 1817 322 1848 724.
353 1817 447 1851 Queri
471 1827 543 1846 cum
573 1816 677 1858 aliquo
702 1817 871 1848 illustravit

206 1865 354 1896 Heinsius
370 1865 409 1896 ad
420 1866 588 1901 Velleium,
602 1866 634 1897 ii.
653 1867 722 1896 130.
747 1868 786 1896 At
803 1880 872 1896 non.

210 1914 314 1955 Vulgo
339 1915 387 1953 (et
407 1913 438 1943 in
462 1915 572 1944 nostris
594 1914 722 1954 Regiis>
743 1924 769 1944 ez
795 1926 871 1944 non.-

211 1962 282 1993 vide
296 1962 336 1993 ad
354 1963 418 1993 viii.
434 1964 507 1993 279.
537 1963 724 2002 I'estrijuris
736 1969 873 2005 utsupra

211 2022 275 2042 ver.
305 2012 368 2042 37:
406 2022 466 2041 non
491 2012 604 2046 omnia,
631 2022 701 2052 quae
726 2012 765 2042 ad
787 2012 871 2043 Ado-

211 2059 316 2090 nidem
333 2060 499 2101 pertinent,
513 2060 695 2090 absumetis.
722 2061 873 2100 Repetitu.

209 2109 373 2139 Secundus
396 2108 560 2139 Mediceus
584 2111 738 2146 reclit·it·a‚·
775 2110 872 2140 Hein-

210 2158 274 2188 sius
300 2157 427 2198 conjicit
456 2159 598 2192 recidit-a,
629 2157 668 2188 de
698 2168 759 2198 qua
797 2169 872 2188 voce

210 2206 275 2247 ipse
291 2206 418 2246 exponit
432 2205 471 2235 ad
489 2205 710 2240 Claudianum,
730 2207 873 2237 Phoenic.

214 2253 307 2295 Regii
329 2255 423 2284 nostri
443 2256 578 2293 repetita.
626 2254 738 2295 Imago,
762 2266 871 2296 reprae-

210 2302 354 2334 sentatio.
376 2303 524 2333 Similiter
540 2302 602 2333 fere
618 2303 778 2343 Virgilius,
795 2306 871 2335 AEn.

212 2352 243 2381 ii.
259 2353 335 2382 269.
353 2354 460 2392 ubique
473 2363 567 2391 paror
582 2359 609 2382 et
625 2354 755 2391 plurimu
773 2357 875 2384 mortis

210 2402 318 2441 imago.
379 2401 509 2440 Pei-aget
555 2402 746 2431 simulamina
790 2412 875 2432 mera

212 2449 343 2491 phrasis,
367 2449 537 2486 simulabit,
561 2450 755 2481 imitabitur:
782 2453 871 2481 simu-

213 2499 310 2528 lmnen
337 2498 495 2529 Ovidiana
519 2510 578 2528 vox
605 2505 639 2529 ut
655 2501 820 2539 ιίίνιηαῃιεη
844 2506 875 2531 et

213 2547 277 2577 alia
292 2547 323 2577 in
340 2559 425 2577 amen
441 2547 628 2578 desinentia.
652 2548 875 2589 Intelliguntur

213 2594 348 2630 Adonia,
366 2607 436 2636 quae
450 2596 528 2626 inter
544 2597 713 2627 Phoenices
727 2603 794 2628 orta
805 2609 873 2629 mox

216 2649 347 2684 accepta
383 2650 455 2674 sunt
494 2655 511 2674 a
549 2645 687 2686 pluribus
720 2647 874 2686 gentibus.

218 2692 322 2724 Primo
346 2692 396 2723 die
421 2703 575 2724 sacrorum
599 2694 720 2724 illorum
744 2695 874 2726 Veneris

1500 1260 1597 1304 730

937 1431 968 1455 et
1004 1423 1159 1454 Adonidis
1195 1420 1361 1452 simulacra
1402 1417 1599 1450 circumfere-

936 1475 1050 1504 bantur
1073 1473 1133 1503 ritu
1157 1471 1301 1508 funebri3
1329 1469 1476 1499 mulieres
1499 1467 1598 1497 lania-

937 1524 1014 1553 bant
1051 1522 1191 1563 capillos,
1228 1519 1444 1562 percutiebant
1474 1523 1600 1559 pectora

937 1572 1060 1613 palmis,
1077 1570 1298 1610 addebantque
1315 1575 1346 1598 et
1361 1567 1481 1608 reliqua
1496 1566 1599 1596 luctus

937 1621 1037 1661 signa.

982 1670 1054 1699 729.
1085 1669 1236 1699 Femineas
1264 1674 1360 1702 artus,
1384 1665 1463 1706 etc.]
1492 1665 1600 1695 Solent

938 1718 993 1748 Dii
1008 1729 1064 1749 sua
1080 1717 1211 1748 consilia
1225 1723 1256 1747 et
1271 1717 1354 1747 facta.
1368 1715 1497 1745 aliorum
1513 1715 1599 1745 Deo-

938 1778 1007 1798 rum
1033 1766 1284 1801 auctoritatibus,
1314 1775 1398 1795 more
1427 1764 1600 1800 hominum,

940 1817 1030 1847 tueri.
1078 1817 1272 1857 Infemz‘izeos
1289 1822 1375 1845 artus
1391 1820 1421 1844 et
1437 1815 1518 1844 heros
1532 1824 1602 1855 gra-

940 1866 985 1895 vis
1020 1864 1182 1906 oppositio.
1228 1865 1355 1893 Mentha
1395 1870 1449 1893 aut
1486 1865 1601 1893 mintha

940 1914 1046 1949 herba,
1064 1914 1094 1944 in
1111 1924 1205 1954 quam
1222 1914 1348 1943 Mintha
1363 1912 1511 1953 nympha,
1528 1913 1601 1943 Pol-

940 1962 1018 1993 lucis
1048 1962 1163 2004 pellex,
1195 1968 1315 1992 mutata
1343 1967 1431 1998 erat3
1466 1961 1604 1992 Lactan-

941 2010 1012 2046 tius,
1036 2011 1166 2051 Argum.
1190 2010 1365 2052 Oppianus,
1392 2009 1533 2040 Halieut.
1557 2009 1601 2041 iii.

944 2060 1015 2089 113.
1040 2057 1201 2090 κωκὺτιὲα
1230 2059 1364 2100 νύμφην
1392 2065 1495 2093 vocat,
1527 2058 1605 2099 quia

943 2108 1053 2149 Cocyti
1070 2108 1145 2138 filia.
1197 2109 1315 2138 Olentes
1337 2114 1459 2150 propter
1474 2118 1600 2138 suavem

941 2157 1078 2188 odorem.
1119 2157 1253 2193 Plinius,
1278 2158 1342 2187 xix.
1367 2159 1408 2188 8:
1444 2162 1463 2173 ‘¹
1481 2158 1600 2188 Mentae

942 2216 1054 2236 nomen
1078 2206 1218 2236 suavitas
1239 2206 1340 2236 odoris
1367 2206 1451 2247 apud
1475 2206 1602 2237 Graecos

941 2255 1074 2285 mutavit
1090 2266 1185 2296 quum
1213 2255 1329 2296 alioqui
1345 2255 1465 2286 mintha
1477 2267 1602 2287 vocare-

943 2310 1000 2339 tur,
1026 2305 1107 2335 unde
1145 2305 1252 2335 Nostri
1282 2315 1393 2335 nomen
1423 2305 1601 2337 declinave—

942 2359 1024 2383 runt.
1060 2354 1159 2384 Grato
1170 2362 1276 2384 menta
1286 2365 1408 2384 mensas
1423 2354 1515 2385 odore
1533 2366 1602 2396 per-

941 2402 1037 2432 currit
1067 2402 1098 2432 in
1136 2403 1258 2433 rusticis
1295 2403 1464 2444 dapibus.'’
1518 2405 1601 2435 Hinc

943 2451 1062 2481 Gra-cis
1078 2451 1170 2481 etiarn
1190 2450 1349 2492 ἡδιίοσμος
1364 2452 1461 2482 dicta.
1508 2453 1601 2483 Dios-

943 2509 1006 2530 cor.
1022 2499 1065 2530 iii.
1077 2501 1115 2529 41
1130 2511 1136 2528 :
1161 2498 1354 2541 Ἡδύοσμος,
1372 2501 1399 2531 οὶ
1420 2500 1451 2531 ff&
1467 2502 1601 2542 μίνθηι·,

944 2549 1107 2590 γνώριμον
1132 2548 1301 2587 fior-civim).
1341 2550 1423 2580 Vide
1439 2552 1602 2582 Hemster—

943 2597 1064 2627 liusiuin
1083 2598 1122 2627 ad
1138 2598 1296 2639 Aristoph.
1308 2598 1393 2629 Plut.
1409 2611 1438 2640 p.
1452 2600 1503 2630 97.
1536 2601 1601 2630 No-

943 2648 984 2676 bis
1009 2648 1127 2677 invidus
1152 2649 1220 2682 erit,
1242 2647 1329 2678 nobis
1352 2647 1512 2686 invidiam,
1528 2660 1602 2682 con-

943 2695 1023 2726 vicia
1041 2697 1232 2727 conciliabit.
