1779 3130
222 202 252 243 6
609 196 659 236 P.
692 191 904 236 OVIDII
936 190 1214 233 NASONIS

225 311 460 360 Gnosiaci
486 309 670 373 possim
695 307 869 354 castris
895 305 1123 352 insistere
1148 303 1294 365 regis.

222 389 477 449 Fassaque
493 401 588 440 me,
600 385 926 444 flammasque
942 396 1094 435 meas,
1106 395 1205 442 qua
1215 379 1349 433 dote,
1362 392 1601 438 rogarem,

221 465 386 512 Vellet
409 463 530 510 emi!
569 468 761 508 tantum
785 458 969 522 patrias
995 473 1057 504 ne
1082 462 1311 519 posceret
1334 470 1491 500 arceS.

224 541 354 587 Nam
380 544 585 602 pereant
609 536 774 600 potius
801 541 1001 598 sperata
1024 533 1222 584 cubilia,
1250 547 1400 593 quam
1425 529 1518 575 sim
1544 530 1605 575 55

223 616 510 664 Proditione
536 622 740 677 potens;
782 610 1006 675 quamvis
1033 625 1166 672 saepe
1191 608 1310 654 utile
1335 605 1463 652 vinci

222 692 437 739 Victoris
463 691 643 754 placidi
669 689 787 736 fecit
810 686 1075 735 clementia
1099 684 1285 730 multis.

223 769 253 815 J
260 776 370 815 usta
393 767 512 814 facit
536 774 669 813 certe
693 781 781 828 pro
806 770 921 810 nato
946 763 1079 808 bella
1103 765 1393 824 perempto;

227 844 286 890 In
311 858 561 904 causaque
586 842 731 896 valet,
758 854 1064 900 causamque
1089 836 1343 883 tuentibus
1370 833 1537 888 armis,

228 919 300 966 Ut
323 927 460 982 puto,
487 918 766 964 vincemur:
807 915 892 978 qui
918 915 958 961 si
984 920 1152 960 manet
1173 912 1338 958 exitus
1363 911 1553 965 urbem,

229 995 331 1041 Cur
356 1010 473 1041 suus
498 994 604 1039 haec
630 993 699 1038 illi
723 990 964 1039 reserabit
987 988 1168 1035 moenia
1195 987 1410 1041 Mavors,
1549 988 1606 1031 61

227 1070 295 1118 Et
318 1086 415 1116 non
440 1078 606 1117 noster
630 1069 798 1116 amor?
835 1068 1010 1114 melius
1044 1066 1148 1112 sine
1175 1065 1327 1118 caede,
1355 1077 1610 1125 moraque,

228 1146 561 1208 Impensaque
588 1145 662 1191 sui
688 1144 869 1208 poterit
893 1158 1125 1206 superare
1151 1140 1338 1188 cruoris
1359 1156 1369 1187 :

229 1222 361 1269 Nam
386 1229 554 1268 metuo
579 1228 728 1277 certe,
757 1237 818 1267 ne
844 1219 955 1282 quis
982 1226 1069 1265 tua
1092 1224 1310 1280 pectora,
1340 1215 1524 1270 Minos,

229 1298 472 1344 Vulneret
490 1297 776 1360 imprudens
797 1313 805 1343 ε
836 1295 948 1358 quis
971 1294 1100 1341 enim
1122 1301 1223 1340 tam
1245 1293 1397 1346 dirus,
1420 1299 1476 1337 ut
1498 1291 1546 1336 in
1566 1296 1616 1336 te

232 1373 457 1435 Dirigere
483 1373 739 1427 immitem,
767 1372 859 1417 nisi
886 1370 1099 1425 nescius,
1127 1369 1308 1415 audeat
1331 1367 1559 1414 hastam?

233 1449 413 1512 Coepta
435 1449 647 1512 placent,
675 1455 725 1494 et
750 1454 850 1494 stat
874 1445 1121 1493 sententia
1144 1444 1338 1491 tradere
1365 1460 1561 1490 mecum

232 1525 466 1573 Dotalem
491 1525 717 1588 patriam,
745 1525 995 1586 finemque
1021 1522 1275 1586 imponere
1300 1522 1447 1568 bello.

227 1695 370 1725 generum
401 1685 508 1724 Tethys
531 1691 607 1714 emat
630 1687 762 1715 omnibus
786 1685 888 1714 undis.

231 1732 291 1763 Sed
307 1732 412 1773 Scylla
429 1743 531 1763 amore
553 1733 664 1763 ardens
680 1733 746 1763 vult
761 1733 827 1774 ipsa
842 1743 888 1762 ro-

231 1791 316 1821 gare,
332 1793 388 1820 qua
405 1783 470 1811 date
493 1782 527 1821 (e
544 1781 639 1811 forma
663 1781 799 1815 solenni)
816 1781 891 1811 velit

232 1831 296 1859 erni.
327 1829 439 1859 Putrizr
450 1840 541 1865 arces,
552 1829 653 1870 patria
664 1830 746 1860 urbs.
764 1829 892 1859 AEneid.

231 1877 253 1907 i.
269 1877 320 1907 20.
340 1877 437 1916 Tyriae
454 1888 545 1912 arces,
561 1878 718 1918 Carthago
732 1889 739 1914 ς
763 1877 806 1907 iii.
818 1879 891 1908 553.

236 1926 380 1955 Caulonis
395 1936 487 1960 arces,
503 1927 575 1955 urbs
592 1926 724 1956 Caulon.
760 1927 890 1962 Cubitia,

233 1974 374 2009 thalami,
399 1974 466 2015 conj
474 1975 588 2014 ugium.
636 1975 757 2005 Potens.
784 1976 889 2006 beata.

233 2022 315 2053 Vide
332 2023 370 2052 ad
386 2022 426 2052 iv.
443 2024 516 2053 325.

277 2072 328 2101 56.
358 2072 439 2101 [stile
463 2075 552 2107 vinci,
577 2072 654 2112 ete]
704 2073 890 2114 Exemplum

233 2113 299 2143 Jul.
344 2114 425 2144 Caes.
452 2116 631 2155 comprobat
660 2115 738 2145 hanc
765 2122 889 2145 senten—

235 2162 321 2192 tiam.

277 2212 330 2240 58.
354 2211 440 2240 Facit
455 2222 516 2241 non
538 2211 595 2241 nisi
620 2223 699 2242 unus
722 2213 892 2243 Lovanien-

236 2259 289 2293 sis,
315 2260 397 2289 unde
418 2260 528 2300 cupide
556 2261 762 2296 Burmannus,
786 2273 822 2292 ea
846 2273 891 2293 ra-

236 2307 330 2342 tione,
349 2309 430 2348 quod
456 2311 562 2338 bellum
580 2310 699 2349 jin-ere,
718 2311 756 2340 de
779 2322 814 2340 eo
839 2312 893 2351 qui

235 2355 352 2385 bellum
367 2357 446 2386 ultro
469 2357 558 2387 infert
576 2369 582 2388 ι
608 2369 708 2395 gerere
729 2366 833 2388 autem
855 2359 893 2390 de

236 2414 272 2433 eo
288 2404 339 2444 qui
360 2405 477 2435 bellum
501 2405 622 2435 illatum
646 2407 777 2446 repellit.
823 2407 892 2438 Cae-

237 2452 305 2487 teri,
321 2458 352 2482 et
377 2454 469 2494 Regii
494 2454 598 2489 nostri,
612 2458 688 2494 gei-it
708 2457 793 2491 bella,
811 2457 893 2497 quod

237 2502 343 2541 probo,
359 2512 435 2542 pace
457 2503 648 2540 Burmanni3
674 2515 784 2544 nempe
810 2515 895 2545 repe-

238 2548 308 2579 titio
331 2549 413 2579 vocis
427 2552 513 2591 facit
534 2551 654 2591 ingrata
671 2559 727 2586 est,
744 2559 773 2582 et
790 2554 897 2583 bellum

236 2608 339 2637 gerere
349 2598 491 2629 usitatius
503 2606 549 2629 est
562 2601 774 2640 quamfacere.
801 2602 898 2631 Causa.

238 2645 368 2681 valetis,
384 2646 438 2686 qui
459 2646 553 2677 habet
575 2658 701 2678 causam
720 2648 848 2688 justam,
866 2655 900 2679 ut

238 2693 354 2730 Minos,
369 2695 421 2736 qui
452 2706 505 2736 pro
528 2695 695 2736 Androgeo
720 2696 782 2726 filio
807 2697 898 2728 inter-

956 1688 1059 1724 empto
1078 1692 1164 1712 arma
1187 1682 1344 1711 movebat.
1389 1681 1494 1711 Verbo
1515 1686 1620 1711 autem

958 1734 1055 1762 valere
1077 1742 1158 1773 saepe
1180 1730 1303 1762 additur
1326 1731 1502 1772 praepositio
1526 1733 1568 1766 in,
1585 1737 1620 1760 ut

958 1783 989 1811 in
1006 1782 1141 1815 dicendo,
1159 1782 1189 1810 in
1213 1782 1259 1809 ira
1282 1782 1392 1810 valere.
1423 1779 1498 1810 Yid.
1518 1779 1617 1810 Hein-

959 1830 1034 1859 sius.
1078 1830 1217 1864 Causam,
1236 1839 1346 1870 nempe
1359 1829 1490 1869 justam.

1002 1879 1053 1907 60.
1082 1878 1123 1907 Ut
1146 1880 1312 1917 puto—qui
1334 1879 1357 1907 si
1380 1883 1501 1913 manem
1525 1875 1621 1906 nostri

959 1925 1064 1966 Regii,
1093 1933 1120 1955 et
1149 1929 1330 1966 puto—quis
1359 1929 1436 1956 enim
1466 1932 1623 1955 manet.—

961 1973 1025 2003 Cut·
1047 1985 1128 2009 suus,
1151 1980 1212 2004 etc.
1259 1974 1447 2016 Propertius,
1471 1974 1534 2004 ΙΙΙ.
1550 1973 1624 2003 xvii.

958 2022 1020 2051 24:
1049 2023 1131 2057 Nise,
1157 2029 1223 2052 tuas
1243 2031 1342 2062 portus
1358 2024 1478 2064 fraude
1498 2024 1622 2053 reclusit

958 2072 1059 2100 Amor.
1108 2071 1295 2102 Reseranlw·
1308 2072 1427 2113 proprie
1444 2078 1551 2112 portae,
1567 2071 1623 2102 hoc

958 2120 1026 2149 loco
1040 2122 1155 2155 mtrnia,
1170 2122 1242 2151 urbs
1258 2122 1333 2162 ipsa.
1359 2122 1517 2160 Supernre,
1534 2121 1623 2151 abso-

957 2169 1020 2198 lute
1037 2169 1170 2200 vincere.

1004 2218 1055 2247 64.
1084 2218 1160 2247 Nam
1190 2225 1297 2253 metim,
1327 2219 1405 2258 etc.]
1454 2217 1624 2249 Commode

960 2266 1040 2296 hanc
1051 2267 1294 2297 sollicitudinem
1306 2268 1400 2297 animi
1412 2269 1454 2297 sic
1467 2267 1623 2297 declarat:

959 2315 1013 2345 sed
1030 2326 1065 2345 ex
1083 2322 1185 2345 mente
1205 2316 1336 2356 Virgilii,
1351 2317 1414 2346 Cir.
1427 2318 1499 2346 270.
1517 2316 1622 2346 Minos

960 2363 1115 2393 vulnerari
1146 2365 1227 2394 haud
1258 2372 1388 2405 poterat.
1451 2366 1556 2400 Dii-us,
1586 2370 1621 2394 ut

961 2412 1126 2447 efficacius,
1143 2423 1159 2442 e
1175 2414 1439 2453 praestantioribus
1456 2414 1563 2443 multis
1578 2424 1625 2443 re-

961 2460 1044 2500 cepit
1071 2459 1226 2495 Heinsius,
1244 2472 1298 2502 pro
1325 2464 1419 2491 durus
1446 2462 1547 2502 (quod
1571 2462 1624 2492 lna-

962 2508 1037 2537 bent
1059 2508 1151 2550 Regii
1177 2510 1303 2545 nostri.)
1320 2521 1500 2551 quanquam
1524 2510 1581 2540 boc
1598 2517 1630 2540 et

967 2556 1125 2586 crudelem
1137 2557 1300 2597 significat.
1327 2559 1461 2588 Datalem
1478 2560 1629 2597 patrium,-

966 2604 996 2634 in
1012 2605 1116 2634 dotem
1132 2606 1264 2645 patrium
1284 2608 1410 2647 prodere
1428 2613 1461 2637 ut
1477 2617 1525 2637 me
1545 2607 1627 2638 acci-

966 2653 1042 2694 piat,
1057 2664 1225 2696 secumque
1240 2655 1366 2687 habeat.

968 2707 1067 2731 tarum
1085 2702 1252 2743 ingressus.

1412 2658 1545 2691 mulinas,
1561 2666 1629 2697 por·
