1779 3130
221 171 307 213 398
596 169 647 208 Ρ.
683 166 894 208 OVIDII
929 166 1208 207 NASONIS

224 283 489 332 Concurrit
515 281 656 329 Latio
680 281 957 344 Tyrrhenia
981 287 1113 336 tota3
1154 280 1342 342 diuque

221 361 392 407 Ardua
417 358 640 405 sollicitis
665 357 870 405 victoria
895 357 1130 420 quaeritur
1154 355 1319 402 armis.

225 435 390 498 Auget
413 442 623 496 uterque
649 448 764 480 suas
790 440 996 480 externo
1022 433 1196 478 robore
1220 431 1376 477 vires:

224 511 290 558 Et
315 510 456 557 multi
482 510 713 564 Rutulos,
741 509 882 555 multi
907 509 1121 570 Trojana
1144 514 1345 554 tuentur
1512 507 1608 551 455

224 587 432 634 Castra:
472 601 635 648 neque
661 585 843 632 AEneas
872 584 1086 631 Evandri
1113 584 1175 630 ‘ad
1201 583 1372 629 limina
1395 582 1592 636 frustra,

223 662 293 708 At
316 661 541 708 Venulus
567 677 797 723 magnam
824 661 1017 724 profugi
1047 660 1303 706 Diomedis
1329 659 1390 705 ad
1416 658 1589 704 urbem

223 739 470 786 Venerat:
511 739 593 784 ille
619 739 821 800 quidem
847 738 939 784 sub
968 737 1155 800 Iapyge
1189 736 1408 782 maxima
1433 734 1612 780 Dauno

225 814 416 861 Moenia
441 814 745 869 condiderat,
773 814 1058 876 dotaliaque
1085 829 1200 860 arva
1223 813 1442 859 tenebat.

227 891 327 938 Sed
352 890 576 937 Venulus
601 890 755 936 Turni
782 897 1050 952 postquam
1076 890 1312 936 mandata
1335 887 1542 951 peregit,

223 966 582 1028 Auxiliumque
608 966 749 1029 petit,
775 967 904 1013 vires
931 966 1141 1013 AEtolius
1166 966 1312 1013 heros

1515 965 1608 1009 461

228 1042 479 1098 Excusat;
520 1058 610 1088 nec
638 1059 689 1089 se
718 1043 876 1089 soceri
902 1043 1209 1088 committere
1234 1056 1412 1104 pugnae

227 1118 371 1165 Velle
397 1119 472 1164 sui
499 1119 726 1181 populos,
754 1135 861 1173 nee,
891 1135 1016 1181 quos
1043 1135 1069 1165 e
1097 1126 1245 1180 gente
1272 1133 1470 1164 suorum

228 1194 416 1250 Armet,
438 1195 622 1241 habere
641 1195 767 1241 viros
787 1213 796 1241 :
830 1195 967 1241 Neve
989 1195 1094 1241 haec
1107 1200 1390 1241 commenta
1407 1192 1611 1256 putetis,

269 1334 342 1362 455.
360 1332 490 1361 Rutulos
503 1331 692 1372 adjuvabant
708 1333 885 1362 Mezentius

225 1381 424 1411 Etruscorum
435 1391 488 1411 rex
502 1391 573 1410 cum
585 1380 646 1410 filio
659 1380 770 1414 Lauso,
781 1382 885 1410 Aven-

226 1431 309 1460 tinus
322 1429 466 1460 Herculis
482 1429 575 1464 filius,
588 1429 722 1459 Catillus
736 1435 766 1458 et
779 1429 885 1464 Coras,

225 1478 391 1513 Tiburtini,
404 1478 541 1509 Camilla
552 1488 567 1508 e
581 1478 764 1508 Volscorum
781 1484 885 1517 gente,

227 1533 258 1556 et
269 1526 339 1563 alii3
357 1526 426 1556 vide
438 1526 618 1566 Virgilium,
632 1526 683 1555 vii.
695 1526 769 1555 647.
785 1526 824 1556 ad
834 1526 886 1556 fin.

270 1576 344 1605 456.
361 1575 514 1609 Evander,
528 1585 566 1605 ex
577 1574 714 1604 Arcadia
728 1574 885 1615 profugus,

227 1625 335 1654 Fauno
350 1629 499 1664 regnante
516 1623 547 1652 in
563 1623 687 1652 Italiam
705 1629 842 1657 venerat,
856 1628 888 1653 et

226 1675 258 1703 in
282 1673 425 1703 Palatino
450 1680 553 1702 monte
576 1672 774 1701 Pallanteum
798 1672 886 1712 oppi-

227 1722 300 1752 dum
328 1720 529 1757 condiderat3
560 1720 694 1760 Dionys.
720 1720 885 1750 Halicarn.

226 1770 247 1799 i.
263 1771 300 1800 31
315 1781 323 1808 ς
347 1769 463 1800 Justin.
479 1768 555 1798 xliii.
573 1769 600 1798 l.
634 1768 684 1797 Ab
701 1778 737 1798 eo
752 1779 812 1798 non
828 1769 884 1798 be-

226 1819 319 1859 nigne
355 1817 447 1848 modo
483 1816 635 1858 excipitur
673 1817 802 1851 AEneas,
832 1816 886 1846 sed

229 1866 525 1909 quadringentorum
546 1865 641 1895 etiam
657 1864 798 1905 equitum
814 1866 887 1894 sub-

227 1915 306 1946 sidio
319 1914 493 1955 adjuvatur,
505 1913 619 1954 quibus
628 1920 760 1954 praeerat
770 1914 886 1949 Pallas,

227 1964 339 1994 unicus
373 1962 508 1993 Evandri
542 1962 645 2000 filius;
680 1962 792 2002 Virgil.
824 1962 887 1993 viii.

227 2013 291 2044 514
305 2022 375 2052 sqq.

271 2061 346 2091 457.
383 2061 549 2094 Diomedes,
580 2058 640 2088 Ilio
675 2059 789 2092 exciso,
820 2064 888 2098 post

228 2110 343 2140 multos
371 2118 487 2138 errores
512 2108 543 2137 in
568 2107 715 2147 Apuliam
740 2108 887 2147 profugus

228 2158 349 2189 venisse
373 2157 563 2191 tradebatur,
592 2157 696 2185 Dauni
721 2155 800 2195 regis
823 2155 888 2186 filia

228 2209 260 2238 in
283 2205 512 2236 matrimonium
537 2204 643 2238 ducta,
665 2204 779 2233 dotalia
801 2214 885 2238 arra,

230 2264 350 2298 partem
377 2254 442 2295 agri
471 2253 551 2283 dotis
579 2252 658 2286 loco,
686 2251 831 2286 tenuisse,
856 2252 887 2281 in

228 2306 328 2346 iisque
351 2306 452 2334 ‘urbem
471 2301 656 2336 condidisse,
672 2301 721 2330 cui
740 2301 778 2330 ab
796 2300 887 2340 Argis

230 2352 446 2394 Peloponnesi,
457 2361 585 2392 quorum
599 2349 761 2390 antiquum
775 2359 887 2378 nornen

221 2402 345 2443 Ἀργος
358 2399 490 2434 ἰ’ππιον,
507 2398 564 2428 hoe
580 2397 681 2438 ipsum
702 2406 814 2426 nomen
830 2397 887 2425 im-

227 2449 375 2492 posuerit,
391 2448 473 2489 quod
496 2453 603 2488 postea
625 2446 656 2475 in
680 2444 888 2486 Argyrippum

229 2503 422 2529 contractum
452 2496 511 2534 sit;
543 2495 665 2528 Strabo,
690 2493 731 2523 vi.
754 2503 786 2534 p.
812 2494 885 2523 434.

229 2546 281 2576 Ad
309 2556 380 2576 eum
406 2544 510 2585 igitur,
538 2553 633 2584 quum
659 2542 778 2572 Graecis
805 2541 886 2571 Teu-

229 2595 351 2634 crisque
374 2593 492 2623 invisus
519 2596 610 2626 esset,
634 2591 766 2620 Venulus
787 2595 888 2619 orator

229 2642 361 2672 mittitur
384 2652 401 2672 a
425 2641 540 2676 Turno,
562 2640 613 2670 cui
639 2645 670 2669 et
691 2638 750 2680 ipsi
774 2638 888 2668 Graeca

229 2690 311 2732 origo
325 2690 479 2720 tribuitur.
509 2689 625 2729 Magna
641 2689 720 2723 urbs,
736 2688 810 2728 quia
824 2696 886 2716 me—

956 1333 1080 1374 tropolis
1092 1331 1227 1362 Daunia>
1242 1344 1247 1360 t
1266 1342 1336 1362 mox
1354 1333 1479 1361 murima
1496 1332 1614 1365 vnrnia,

954 1387 984 1412 et
1009 1381 1097 1421 Virg.
1122 1381 1163 1410 xi.
1182 1381 1255 1410 216.
1272 1392 1378 1420 magna
1407 1380 1557 1409 Diomedis
1579 1381 1615 1408 αἱ)

954 1431 1039 1460 urbe.
1086 1429 1250 1470 Sisi-nstra
1267 1439 1327 1458 non
1343 1433 1519 1469 reponatur,
1535 1437 1614 1468 prae-

955 1477 1048 1508 stabit
1066 1479 1102 1508 τὸ
1118 1478 1251 1517 [ii-ffugi,
1276 1476 1360 1517 quod
1383 1475 1526 1509 suadent,
1545 1485 1614 1515 quae

955 1526 1045 1561 infra,
1068 1537 1129 1556 ver.
1148 1526 1221 1555 476.
1245 1531 1276 1555 et
1299 1535 1366 1565 sqq.
1392 1531 1615 1554 memorantur.

956 1575 1052 1614 Iapyx
1075 1585 1130 1616 pro
1154 1573 1303 1614 Iapygius
1331 1573 1424 1602 etiam
1442 1572 1529 1612 Virg.
1553 1583 1617 1603 ver.

955 1625 1027 1653 247.
1052 1629 1083 1653 et
1115 1623 1225 1652 Horat.
1254 1623 1280 1652 I.
1305 1621 1369 1652 Od.
1394 1621 1425 1650 iii
1440 1633 1447 1658 3
1475 1620 1615 1662 Iapygiae

956 1678 1060 1702 autem
1081 1682 1193 1701 nomen
1214 1671 1309 1701 etiam
1324 1670 1361 1700 ad
1380 1669 1530 1710 Apuliam
1547 1680 1615 1710 per—

955 1719 1068 1757 tinuit3
1086 1721 1223 1758 Appulus
1241 1719 1371 1748 Daunus
1387 1724 1434 1748 est
1449 1717 1534 1758 apud
1550 1718 1615 1747 Ho-

955 1769 1079 1803 ratium,
1095 1768 1157 1798 IV.
1174 1767 1236 1797 Od.
1252 1767 1314 1796 xiv.
1330 1767 1381 1797 26.

998 1818 1070 1847 460.
1096 1817 1151 1846 Sed
1172 1815 1303 1845 Venulus
1322 1814 1432 1849 Turni,
1449 1814 1528 1854 etc.]
1565 1814 1616 1845 De

955 1865 1013 1895 hac
1028 1865 1181 1906 legatione
1195 1864 1277 1894 conf.
1289 1862 1403 1903 Virgil.
1418 1862 1461 1892 xi.
1473 1863 1536 1892 226
1548 1873 1617 1903 sqq.

955 1924 1047 1954 quem
1083 1913 1196 1942 Noster
1233 1911 1394 1952 expressit.
1446 1911 1618 1941 Diomedes

957 1963 1076 1992 AEtolas
1090 1961 1216 2002 quidem
1231 1960 1300 1995 fuit,
1313 1959 1367 1989 sed
1381 1959 1476 1989 ducta
1489 1959 1618 1988 Adrasti

955 2010 1018 2040 filia
1052 2009 1208 2050 -³Egialea‚
1237 2008 1268 2038 in
1302 2018 1396 2048 regno
1428 2006 1617 2048 Argivorum

955 2064 1157 2092 successerat,
1174 2064 1205 2087 et
1222 2055 1295 2086 inde
1317 2055 1473 2096 profectus
1493 2061 1559 2085 erat
1576 2055 1616 2085 ad

953 2107 1086 2148 Trojam.
1138 2106 1219 2135 Vires
1251 2111 1382 2139 excusat,
1413 2110 1543 2134 excusat
1572 2113 1615 2139 se,

954 2156 1036 2196 quod
1063 2158 1148 2190 rii-es,
1172 2154 1276 2195 copias
1300 2153 1476 2188 auxiliares,
1492 2153 1616 2182 mittere

955 2211 1092 2245 nequeat
1106 2204 1221 2233 Turno.

999 2254 1072 2283 464.
1091 2253 1171 2282 Nece
1185 2253 1243 2282 lzoec
1260 2257 1432 2285 commenta,
1445 2250 1522 2289 etc.]
1539 2250 1615 2280 Sen-

955 2313 1007 2332 sus
1036 2301 1128 2342 hujus
1157 2299 1302 2331 orationis
1316 2312 1321 2329 :
1355 2300 1430 2329 satis
1463 2299 1615 2328 malorum

956 2361 1010 2379 nos
1023 2349 1127 2381 Graeci
1142 2355 1209 2391 post
1222 2349 1314 2378 Ilium
1329 2348 1467 2378 excisum
1480 2347 1616 2388 perpessi

955 2408 1078 2435 sumus3
1097 2398 1165 2427 nolo
1181 2397 1315 2438 amplius
1327 2406 1397 2426 cum
1413 2396 1538 2426 Teucris
1553 2396 1618 2426 Ve-

956 2446 1099 2487 nerisque
1115 2446 1177 2476 filio
1193 2455 1343 2486 pugnare.
1384 2445 1562 2482 Admonitus
1577 2443 1616 2474 de

954 2495 1000 2530 iis,
1013 2506 1083 2536 quae
1100 2505 1169 2525 cum
1186 2494 1307 2535 ingrato
1322 2504 1412 2524 sensu
1427 2493 1459 2522 in
1475 2492 1613 2522 animum

952 2544 1095 2579 redeunt,
1112 2550 1146 2573 ut
1161 2543 1202 2573 ix.
1219 2544 1296 2573 324.
1341 2542 1497 2581 Perpetiur
1512 2552 1615 2571 memo-

953 2604 1033 2629 rare,
1057 2592 1229 2633 impetrabo
1253 2602 1271 2622 a
1294 2601 1354 2627 me,
1379 2596 1413 2621 ut
1436 2600 1615 2620 memorem.

953 2641 1050 2681 Signa
1073 2641 1304 2681 parentheseos,
1321 2639 1434 2680 quibus
1456 2649 1519 2669 ver.
1535 2639 1612 2668 465.

953 2689 1092 2719 inclusus
1103 2694 1179 2724 erat,
1191 2687 1313 2719 sustuli.
1335 2687 1422 2718 Ordo
1434 2687 1594 2717 verborum
1606 2698 1611 2715 :
