1779 3130
218 159 303 200 138

605 158 654 198 P.
689 157 901 198 OVIDII
934 156 1215 199 NASONIS

228 272 372 319 Colla
397 271 532 318 canis
558 270 705 318 vidit:
747 287 898 333 quem
924 286 1023 317 non
1048 286 1199 333 pavor
1224 277 1338 317 ante
1363 271 1578 333 reliquit,

225 348 388 402 Quam
414 354 589 394 natura
613 347 759 409 prior,
786 363 906 393 saxo
933 362 1020 409 per
1045 362 1224 409 corpus
1250 347 1450 394 oborto:

228 423 429 485 Quique
453 423 502 469 in
528 439 580 470 se
606 422 794 469 crimen
819 422 987 478 traxit,
1011 422 1265 485 voluitque
1289 422 1443 470 videri

227 499 415 546 Olenos
441 515 551 545 esse
577 515 790 546 nocens:
831 505 986 560 tuque
1012 514 1040 544 o
1067 498 1254 545 confisa
1277 499 1464 560 figurae,

226 574 407 622 Infelix
434 575 651 630 Lethaea,
678 582 804 632 tuae3
840 575 1157 638 junctissima
1181 575 1433 636 quondam

1548 579 1610 621 70

225 650 454 707 Pectora,
482 667 613 697 nunc
635 650 844 713 lapides,
873 667 997 713 quos
1023 651 1227 697 humida
1252 651 1463 697 sustinet
1489 650 1593 698 Ide.

228 727 484 782 Orantem,
511 726 791 788 frustraque
817 726 995 773 iterum
1022 727 1228 773 transire
1252 727 1501 773 volentem

226 802 445 850 Portitor
469 811 719 850 arcuerat:
761 810 952 866 septem
977 811 1145 849 tamen
1171 803 1252 849 ille
1286 803 1478 859 diebus,

229 879 500 941 Squalidus
526 879 575 924 in
600 879 722 941 ripa,
753 879 949 925 Cereris
975 879 1082 925 sine
1106 894 1325 934 munere,
1354 879 1498 926 sedit,

229 954 378 1010 Cura,
396 955 636 1016 dolorque
656 955 822 1009 animi,
846 954 1180 1016 lacrimaeque,
1203 955 1437 1001 alimenta
1457 955 1609 1002 fuere.

229 1030 355 1077 Esse
384 1030 518 1077 Deos
545 1029 694 1077 Erebi
721 1031 946 1077 crudeles
973 1037 1199 1092 questus,
1229 1031 1278 1076 in
1304 1031 1456 1077 altam

1549 1034 1611 1076 76

232 1107 298 1153 Se
318 1106 495 1169 recipit
512 1105 808 1168 Rhodopen,
828 1107 1129 1169 pulsumque
1146 1105 1480 1168 Aquilonibus
1498 1105 1613 1152 Hae-

232 1183 429 1230 Tertius
455 1184 698 1245 aequoreis
725 1183 970 1230 inclusum
998 1182 1229 1228 Piscibus
1256 1198 1435 1229 annum
1461 1185 1614 1244 [mon.

228 1291 244 1310 e
261 1280 358 1310 tribus
369 1278 496 1309 Cerberi
510 1278 598 1309 collis
612 1279 749 1310 medium
768 1279 887 1310 catenis

230 1328 331 1358 fuerat
346 1327 491 1368 ligatum.

272 1377 325 1407 69.
343 1376 625 1407 Olenos—Lethea.
644 1377 764 1407 Horum
780 1376 888 1406 fabula

232 1436 291 1456 non
306 1431 388 1455 nota.
433 1426 685 1466 Conjisczfigurae.
712 1425 887 1461 Turnebus,

231 1474 365 1504 Advers.
382 1475 405 1503 i.
423 1475 474 1504 23.
491 1474 568 1514 legit
591 1475 704 1513 cmfim
717 1475 842 1515 figur-(e,
858 1479 889 1504 et

231 1524 467 1564 interpretatur:
495 1528 529 1552 tu
556 1533 626 1552 cum
650 1522 747 1563 figura
776 1529 831 1553 tua
857 1522 889 1551 in

232 1570 368 1612 lapidem
381 1570 552 1611 obriguisti.
571 1571 803 1612 Coigfisufigurce
814 1571 890 1600 forte

230 1621 283 1655 ita,
295 1625 330 1650 ut
344 1630 376 1650 se
392 1620 547 1660 praeferret
565 1620 715 1657 Deabus3
731 1630 825 1660 quam
840 1630 890 1650 su-

232 1669 371 1710 perbiam
399 1679 494 1709 quum
521 1669 598 1698 Deae
630 1668 738 1698 ulcisci
765 1667 891 1703 vellent,

232 1717 349 1748 Olenos
364 1717 485 1747 videtur
500 1717 616 1747 crimen
630 1717 661 1747 in
677 1728 709 1748 se
726 1717 890 1758 recepisse.

231 1767 367 1808 ,Iungere
380 1772 499 1805 pectora
514 1766 634 1807 proprie
655 1766 694 1797 de
712 1772 783 1796 actu
799 1777 891 1797 vene-

232 1827 297 1846 reo:
318 1815 389 1846 vide
406 1814 445 1845 ad
460 1815 505 1845 ix.
522 1816 595 1845 469.
628 1815 689 1845 Sed
705 1818 890 1854 nunejunc-

231 1867 341 1895 tissima
365 1871 486 1904 pectora
514 1869 587 1894 sunt
615 1864 763 1904 conjuges
788 1873 891 1894 amore

232 1919 340 1944 mutuo
353 1924 384 1944 se
399 1913 633 1954 amplectentes.
656 1913 793 1953 Jungere
809 1912 892 1942 enim

231 1962 325 1992 etiam
351 1961 389 1991 de
410 1971 513 1991 amore
537 1969 568 1991 et
592 1960 731 1991 amicitia
757 1960 889 1991 dicitur:

230 2017 342 2050 pectus,
358 2014 392 2039 ut
406 2008 481 2038 alibi
497 2015 598 2047 caput,
616 2008 654 2039 de
676 2014 738 2038 toto
757 2008 891 2039 homine.

235 2058 370 2088 Humida
388 2057 458 2086 Ide.-
482 2056 553 2087 vide
569 2057 608 2087 ad
622 2056 654 2086 ii.
669 2057 746 2087 218.

275 2108 327 2137 72.
354 2106 494 2136 Transire
513 2106 685 2145 volentem]
712 2105 824 2146 Sprotii
839 2115 889 2135 co-

231 2155 291 2186 dex
308 2160 339 2186 et
353 2165 433 2185 unus
448 2154 564 2184 Moreti
580 2156 710 2184 transire
724 2161 891 2193 parantem,

232 2203 315 2244 quod
326 2205 526 2234 Burmannus
536 2202 791 2244 meliusjudicat,
801 2203 891 2243 quasi

231 2252 325 2283 licere
338 2251 452 2282 iterum
472 2252 611 2282 transire.
648 2252 761 2282 Recte.
797 2251 890 2292 Regii

230 2301 325 2332 nostri
336 2302 491 2331 volentem.
519 2301 653 2331 Portitor
664 2300 786 2330 nomine
803 2299 891 2340 quasi

232 2349 354 2391 proprio
364 2349 467 2380 dictus
476 2349 612 2385 Charon,
624 2359 685 2379 non
699 2359 717 2379 a
727 2349 889 2390 portando,

230 2398 284 2428 sed
297 2397 379 2439 quod
389 2397 542 2427 amortuis
554 2397 720 2439 portorium
733 2397 887 2438 exigeret:

232 2446 304 2477 vide
327 2445 577 2476 Brouckhusium
605 2446 645 2476 ad
667 2447 807 2487 Propert.
831 2446 890 2476 IV.

233 2494 274 2524 xi.
292 2495 330 2532 73
351 2494 466 2534 Virgil.
483 2495 523 2525 G.
539 2494 583 2524 iv.
601 2495 676 2526 502.
692 2505 745 2525 uec
761 2498 892 2534 portitor

236 2542 308 2572 Orci
324 2543 461 2581 Amplius
481 2543 621 2582 oly'ectam
640 2554 743 2582 passus
763 2546 893 2573 transire

228 2591 382 2629 paludem.
412 2590 525 2630 Septem
539 2593 650 2623 diebus.
677 2593 893 2634 Septenarium

234 2649 396 2669 numerum
416 2639 545 2680 elegisse
563 2641 744 2672 Burmanno
758 2641 891 2677 videtur,

237 2686 311 2728 quia
333 2687 414 2718 ultra
435 2694 554 2729 septem
574 2689 641 2721 dies
659 2689 724 2720 sine
744 2689 814 2721 cibo
832 2689 890 2720 du-

953 1288 1020 1309 rare
1037 1289 1098 1308 non
1109 1289 1197 1319 posse
1214 1279 1362 1309 creditur.
1389 1278 1545 1319 Equidem
1560 1289 1615 1320 po-

954 1327 1016 1357 tius
1027 1326 1167 1362 arbitror,
1181 1326 1255 1367 quia
1265 1326 1458 1368 septenarius
1469 1337 1616 1357 numerus

954 1375 1029 1405 olim
1044 1385 1130 1405 sacer
1144 1375 1329 1405 habebatur.
1352 1375 1468 1411 Etiam,
1486 1375 1528 1405 ix.
1540 1376 1615 1405 292.

955 1424 1109 1454 Alcmene
1125 1429 1245 1464 septem
1258 1434 1312 1464 per
1324 1430 1431 1454 noctes
1447 1423 1617 1453 cruciatur.

955 1472 1049 1513 Apud
1066 1472 1234 1512 Virgilium
1250 1478 1371 1514 septem
1393 1482 1514 1503 menses
1529 1472 1618 1502 sedet

957 1522 996 1552 ad
1014 1521 1186 1562 Strymonis
1200 1521 1313 1551 undas.
1353 1520 1449 1556 Infra,
1466 1521 1529 1551 xiv.
1545 1522 1619 1551 423.

958 1569 1071 1610 aliquis
1086 1581 1131 1599 sei
1148 1574 1254 1599 noctes
1269 1570 1365 1609 luget.

1002 1620 1052 1649 75.
1077 1620 1227 1648 Alimenta
1233 1618 1355 1659 fuera]
1381 1618 1473 1649 Curis
1487 1623 1518 1648 et
1528 1618 1620 1648 lacri-

960 1667 1016 1697 mis
1036 1678 1096 1698 non
1116 1668 1214 1697 alitur
1234 1678 1354 1709 corpus¹
1370 1667 1424 1698 sed
1448 1666 1620 1697 conficitur.

960 1710 1071 1751 Itaque
1095 1710 1152 1740 1100
1179 1710 1265 1747 vult3
1296 1720 1351 1750 pro
1377 1721 1431 1740 usu
1457 1709 1619 1740 alimento-

961 1776 1038 1800 rum,
1056 1765 1148 1800 curis,
1167 1764 1263 1794 dolori
1279 1771 1310 1795 et
1326 1764 1462 1795 lacrimis
1479 1763 1620 1795 indulsit.

959 1814 998 1843 In
1008 1813 1073 1844 vita
1083 1813 1238 1843 communi
1249 1813 1362 1854 saepius
1371 1813 1560 1854 itajocamur
1570 1824 1578 1851 ;
1589 1818 1621 1843 at

959 1862 990 1892 in
1006 1861 1142 1892 carmine
1156 1860 1250 1902 friget
1264 1861 1336 1891 talis
1346 1862 1508 1891 verborum
1524 1862 1622 1892 lusus.

1003 1910 1057 1939 77.
1082 1910 1118 1939 Se
1133 1911 1250 1949 recipit,
1267 1909 1345 1949 etc.]
1372 1910 1409 1939 In
1422 1909 1621 1940 solitudinem

960 1970 992 1989 se
1018 1958 1156 1995 confert;
1181 1958 1285 1989 moesti
1312 1959 1395 1988 enim
1422 1964 1529 1989 amant
1552 1959 1621 1989 loca

960 2008 1094 2038 deserta.
1140 2007 1177 2036 In
1202 2007 1303 2037 Haemo
1324 2007 1474 2048 spelunca
1487 2007 1620 2048 Aquilo-

959 2057 1025 2086 nis:
1051 2055 1121 2086 vide
1138 2056 1177 2086 ad
1192 2055 1233 2086 vi.
1249 2056 1325 2086 709.

1002 2106 1053 2136 78.
1081 2104 1210 2140 Tertius,
1226 2105 1304 2144 etc.]
1337 2103 1444 2134 Tertia
1461 2104 1526 2145 jam
1553 2104 1620 2135 vice

959 2155 1002 2184 sol
1018 2165 1162 2185 emensus
1177 2155 1277 2185 fuerat
1292 2154 1464 2185 zodiacum.
1508 2155 1620 2190 Pisces,

958 2202 1044 2233 sidus
1073 2203 1204 2237 zodiaci,
1234 2203 1317 2244 quod
1346 2203 1390 2233 sol
1417 2202 1493 2234 olim
1519 2202 1620 2234 hieme

958 2258 1092 2282 exeunte
1121 2252 1368 2293 ingrediebatur.
1414 2252 1496 2282 Hinc
1522 2263 1622 2282 annus

957 2302 1092 2331 inclusus
1108 2302 1247 2340 piscibus.
1308 2300 1431 2331 Etenim
1452 2302 1570 2331 includi
1591 2306 1623 2331 et

957 2352 1060 2380 claudi
1072 2349 1218 2380 dicuntur
1231 2360 1300 2391 quae
1313 2350 1528 2381 terminantur.
1552 2350 1617 2380 Vo—

957 2403 1068 2428 cantur
1093 2400 1229 2437 aequorei,
1257 2404 1288 2428 et
1317 2409 1379 2429 ver.
1410 2398 1482 2428 176.
1509 2400 1619 2438 aquosi,

957 2457 1087 2487 quorum
1102 2446 1307 2488 epithetorum
1323 2456 1417 2477 causa
1430 2447 1462 2476 in
1473 2452 1618 2488 promptu

959 2500 1018 2525 est.
1063 2494 1167 2525 Etiam
1195 2495 1322 2532 Cancer,
1349 2495 1445 2531 sidus,
1466 2505 1529 2525 ver.
1551 2496 1619 2526 127.

960 2549 1087 2574 vocatur
1116 2544 1248 2575 litoreus.
1307 2545 1399 2582 Quod
1437 2554 1618 2585 quanquam

960 2593 1054 2633 paulo
1069 2592 1219 2624 audacius
1234 2594 1351 2624 dictum
1365 2600 1423 2630 est,
1437 2600 1541 2625 tamen
1556 2604 1617 2624 non

960 2646 1036 2677 erat,
1052 2651 1107 2672 eur
1122 2642 1270 2673 Heinsius
1284 2645 1422 2682 chuoreis
1436 2647 1569 2674 mutaret
1585 2641 1617 2672 in

958 2691 1100 2721 (ethereis.
