1779 3130
225 174 311 215 432

622 170 670 209 Ρ.
704 168 917 209 OVIDII
953 167 1231 208 NASONIS

228 286 368 333 Fecit
391 285 483 332 iter
508 283 681 331 sceleri
702 300 711 330 :
752 283 1012 346 primaque
1037 298 1064 328 e
1089 281 1227 327 caede
1252 279 1464 327 ferarum
1525 281 1613 325 106

227 361 504 408 Incaluisse
529 367 704 423 putem
730 359 1032 405 maculatum
1057 356 1297 418 sanguine
1322 355 1532 402 ferrum:

227 438 388 500 quue
415 437 534 483 satis
559 436 748 492 fuerat3
790 442 1114 497 nostrumque
1140 433 1361 497 petentia
1385 432 1539 478 letum

229 515 452 576 Corpora
475 512 629 558 missa
653 512 764 558 neci
790 511 925 557 salva
950 511 1136 573 pietate
1162 510 1400 564 fatemur3

229 590 331 637 Sed
358 605 508 651 quam
533 589 698 636 danda
721 589 847 643 neci,
875 595 977 635 tam
1001 603 1101 633 non
1127 585 1377 649 epulanda
1399 583 1614 629 fuerunt.

227 666 446 728 Longius
472 667 584 713 inde
611 666 748 713 nefas
775 666 923 721 abiit;
967 675 1016 711 et
1042 664 1202 726 prima
1225 668 1430 725 putatur

1525 661 1610 705 111

228 742 409 789 Hostia
433 759 516 788 sus
541 742 781 789 meruisse
807 741 946 795 mori,
975 740 1092 802 quia
1119 740 1309 785 semina
1332 736 1496 800 pando

230 819 428 866 Eruerit
453 825 624 873 rostro,
654 833 898 880 spemque
924 815 1244 878 interceperit
1269 815 1399 860 anni.

228 895 343 941 Vite
369 910 517 957 caper
542 910 706 940 morsa
731 894 920 940 Bacchi
948 892 1242 939 mactandus
1268 891 1331 937 ad
1357 906 1465 937 aras

231 972 428 1018 Dicitur
453 971 652 1018 ultoris:
693 971 863 1017 nocuit
889 987 977 1017 sua
1002 970 1150 1032 culpa
1173 969 1385 1014 duobus.
1443 965 1620 1028 [endos

231 1048 366 1103 Quid
402 1047 670 1101 meruistis,
701 1064 832 1103 oves,
864 1048 1116 1111 placidum
1154 1061 1325 1109 pecus,
1355 1045 1506 1106 inque
1543 1050 1619 1089 tu-

279 1188 348 1218 106.
367 1187 528 1226 Primaque
540 1197 553 1216 e
567 1186 803 1227 cadeferarum,
815 1187 891 1226 etc.]

231 1237 304 1267 Jam
320 1235 526 1276 conjectando
539 1234 687 1276 originem
701 1235 744 1265 rei
757 1235 894 1265 indicare

232 1292 372 1315 conatur.
417 1285 443 1314 A
469 1285 563 1314 rebus
585 1283 680 1314 licitis
705 1284 803 1314 exorsi
826 1292 894 1314 tan-

233 1333 315 1368 dem,
339 1338 373 1363 ut
396 1333 441 1367 fit,
465 1332 504 1362 ad
531 1332 667 1362 nefarias
693 1331 790 1362 delati
814 1339 895 1363 sunt.

235 1383 341 1412 Prima
368 1391 434 1422 pro,
463 1381 608 1422 primum.
655 1380 798 1420 Corpora,
829 1380 895 1410 ani-

234 1430 338 1460 malia.
369 1429 494 1459 Mittere
511 1431 574 1459 neci
590 1435 689 1459 ortum
706 1439 743 1458 ex
758 1428 897 1458 formulis

236 1481 391 1509 demittere
405 1489 481 1511 orco,
494 1478 545 1507 sub
559 1483 678 1507 tartara
692 1479 820 1511 mittere,
836 1483 897 1507 etc.

236 1528 451 1562 Quam—tam,
470 1532 515 1561 ut,
533 1526 577 1556 ita
601 1536 674 1556 non.
724 1526 897 1565 ΕριιΙαιιιία.

235 1578 316 1618 Ergo
332 1576 426 1607 etiam
443 1574 602 1606 transitive
619 1575 765 1605 dixerunt
779 1581 898 1606 veteres

234 1627 353 1664 epulari
377 1635 449 1655 cum
476 1634 549 1654 casu
574 1630 695 1664 quarm,
722 1629 755 1654 ut
776 1624 841 1665 jam
866 1624 898 1654 in

236 1675 352 1704 Lexico
377 1673 468 1703 Fabri
494 1679 633 1702 notatum
659 1672 749 1703 video
779 1684 815 1703 ex
842 1673 898 1704 hoc

237 1723 302 1764 ipso
320 1724 400 1753 loco.

284 1772 354 1801 113.
381 1771 522 1810 Spemque
550 1771 752 1808 interceperit,
777 1775 811 1799 ut
835 1769 897 1799 viii.

238 1821 310 1850 292.
329 1820 465 1849 Cererem
489 1822 520 1849 in
544 1820 630 1858 spicis
657 1820 821 1857 intercipit,
846 1818 898 1848 ubi

237 1868 308 1899 vide
324 1874 442 1898 notam.
489 1868 558 1902 Sus,
574 1877 643 1908 quae
660 1867 760 1897 scrofa
776 1867 899 1903 dicitur,

238 1918 270 1948 in
294 1917 388 1947 sacris
412 1916 579 1947 Eleusiniis
603 1915 787 1957 expiationis
805 1926 899 1946 causa

238 1967 458 2003 mactabatur3
497 1976 567 2006 quae
597 1965 674 1995 adeo
704 1965 735 1994 in
765 1965 899 1995 nummis

239 2026 321 2056 saepe
339 2014 461 2045 Cereris
483 2024 568 2044 sacra
594 2013 770 2043 adumbrat.
819 2013 899 2044 Vide

240 2063 371 2093 Eckhel.
400 2063 509 2092 Doctr.
537 2062 634 2091 Num.
664 2062 739 2092 Yet.
767 2061 800 2091 ii.
824 2063 898 2091 222.

241 2113 355 2143 Veram
385 2118 487 2141 autem
521 2120 648 2141 causam
678 2109 810 2140 Ovidius
838 2121 899 2140 nou

241 2160 377 2201 tetigisse
402 2160 541 2197 videtur,
565 2169 653 2189 sacra
675 2158 757 2189 enim
783 2157 838 2188 illa
861 2168 898 2188 ex

242 2211 380 2250 fflgypto
398 2209 560 2244 translata,
576 2208 629 2238 ubi
650 2218 702 2238 sus
723 2214 791 2248 post
810 2208 901 2237 inun-

242 2258 399 2288 dationem
414 2256 480 2287 Nili
500 2257 580 2297 agris
602 2255 698 2286 utilis.
746 2256 902 2286 Caeterum

242 2317 327 2337 suem
357 2306 486 2347 primam
512 2305 605 2335 fuisse
633 2304 776 2340 hostiam,
801 2311 903 2334 monet

243 2355 336 2385 etiam
354 2355 453 2384 Varro
473 2354 511 2384 de
536 2354 585 2383 Re
607 2354 703 2383 Rust.
723 2353 756 2383 ii.
775 2356 813 2382 4:
837 2358 859 2370 “
875 2354 903 2383 A

243 2404 334 2434 suillo
353 2404 473 2445 pecoris
496 2413 604 2444 genere
620 2402 801 2433 immolandi
821 2402 903 2433 initi-

243 2464 295 2483 um
310 2458 466 2493 sumptum
485 2451 614 2482 videtur.
662 2452 760 2492 Cujus
775 2451 905 2491 vestigia

244 2507 335 2538 sunt,
350 2501 433 2541 quod
447 2500 542 2530 initiis
557 2500 680 2531 Cereris
695 2500 779 2541 porci
796 2500 904 2530 immo-

245 2551 365 2587 lantur3
390 2556 420 2579 et
446 2549 528 2590 quod
559 2549 654 2579 initiis
680 2549 778 2590 pacis,
801 2548 905 2579 foedus

246 2609 340 2639 quum
358 2598 474 2633 feritur,
491 2608 601 2639 porcus
616 2597 806 2632 occiditur‚'‘'
823 2606 883 2627 etc.

293 2648 362 2677 114.
391 2648 454 2677 Vile
482 2659 570 2686 caper
597 2647 717 2686 morsm]
758 2647 903 2677 Heinsius

245 2696 333 2726 malit
368 2697 432 2725 Περ
462 2708 535 2731 ros-a,
565 2697 638 2737 quia
670 2697 753 2726 Fam.
784 2697 801 2726 i.
831 2697 902 2727 3:37.

962 1186 1046 1216 Rode
1062 1196 1150 1224 caper
1166 1187 1264 1214 uitem.
1308 1183 1383 1212 Mox
1401 1187 1472 1212 ante
1487 1180 1618 1211 eundem

962 1235 1070 1265 Heius.
1107 1233 1258 1264 edebatur
1296 1238 1443 1262 mactatus
1479 1231 1594 1260 dicitur
1610 1241 1620 1265 ;

963 1283 1052 1314 multi
1068 1290 1215 1313 mactatus
1230 1283 1356 1312 ducitur
1371 1292 1378 1316 ,·
1396 1279 1542 1310 Heinsius
1559 1289 1623 1308 ma*

962 1333 1046 1363 lebat
1063 1334 1239 1362 mactandus
1255 1332 1392 1365 ducitur,
1403 1329 1475 1370 quia
1487 1327 1622 1358 victimae

963 1381 1036 1412 (luci
1053 1381 1209 1412 dicuntur.

1010 1431 1082 1460 116.
1111 1430 1192 1464 Quid
1216 1429 1375 1462 meruistis,
1394 1426 1487 1465 ores]
1517 1425 1624 1460 Varro,

966 1479 1015 1509 Re
1032 1480 1126 1509 Rust.
1142 1479 1188 1508 H.
1205 1478 1228 1508 i.
1246 1479 1265 1507 4
1280 1490 1285 1507 :
1314 1481 1337 1493 “
1355 1477 1473 1506 Putant
1488 1485 1561 1504 oves
1576 1485 1625 1505 as-

965 1535 1105 1569 sumptas
1120 1534 1151 1558 et
1166 1534 1289 1568 propter
1304 1525 1471 1556 utilitatem
1486 1530 1516 1554 et
1532 1534 1624 1565 prop-

966 1584 1011 1608 ter
1040 1576 1293 1618 placiditatem.''
1347 1575 1388 1604 Et
1414 1575 1550 1614 placidus
1580 1578 1627 1603 est

966 1626 1126 1668 epitheton
1141 1626 1296 1667 proprium
1312 1624 1434 1661 ovium;
1450 1622 1625 1657 Terentius,

968 1675 1030 1705 Ad.
1057 1676 1118 1705 IV.
1141 1675 1161 1705 i.
1181 1676 1229 1705 18.
1249 1686 1339 1714 quum
1354 1674 1459 1715 fervet
1487 1673 1622 1706 maxime,

969 1732 1026 1754 inm
1041 1726 1195 1763 placidum
1210 1735 1295 1763 quam
1311 1733 1389 1753 orem
1407 1723 1505 1752 reddo.
1533 1719 1628 1760 Inque

969 1776 1101 1808 tuendos,
1120 1774 1155 1804 τὸ
1180 1774 1259 1803 tueri
1283 1772 1323 1802 ad
1346 1771 1436 1801 lactis
1459 1770 1574 1805 cibum,
1596 1776 1628 1800 et

968 1823 1007 1853 ad
1043 1822 1191 1852 amictum
1229 1821 1333 1851 referri
1364 1819 1471 1861 possit,
1501 1825 1628 1860 utroque

968 1871 1050 1901 enim
1080 1871 1250 1900 humanum
1280 1880 1378 1909 genus
1411 1878 1483 1897 oves
1513 1867 1629 1897 fovent.

971 1920 1071 1955 Tneri,
1096 1919 1189 1953 alere,
1213 1924 1384 1949 sustentare
1407 1917 1552 1947 dicuntur
1576 1916 1629 1945 ho-

967 1968 1067 1998 mines
1084 1974 1223 1998 armenta
1241 1967 1349 2007 (Virg.
1364 1967 1480 2005 Georg.
1492 1965 1524 1994 ii.
1540 1966 1629 1997 195.)

967 2022 998 2046 et
1014 2016 1149 2046 vicissim
1166 2015 1233 2045 haec
1249 2015 1328 2044 illos.
1369 2015 1406 2044 In
1422 2013 1500 2043 Cod.
1516 2013 1630 2043 Norico

967 2065 1132 2106 ascriptam
1154 2069 1200 2094 est
1219 2063 1369 2097 scholion,
1385 2064 1519 2096 tuendos,
1533 2074 1549 2091 a
1561 2062 1629 2102 fri-

965 2125 1036 2155 gare
1049 2121 1169 2153 propter
1185 2115 1280 2147 lanas,
1292 2112 1387 2153 idque
1399 2111 1538 2151 sequitur
1552 2111 1630 2140 Bur-

968 2174 1112 2193 mannus.
1160 2162 1292 2192 Rectius
1309 2171 1379 2191 vero
1398 2160 1491 2190 etiam
1509 2159 1548 2190 ad
1566 2159 1630 2189 vic-

970 2218 1035 2242 tum
1056 2212 1179 2246 referes,
1196 2217 1229 2240 ut
1245 2210 1307 2240 duo
1323 2210 1374 2239 illa
1397 2209 1632 2249 complectatur,

971 2272 1040 2301 quie
1058 2261 1124 2301 jam
1148 2259 1314 2301 separatim
1338 2257 1546 2288 nominantur.
1593 2257 1631 2286 In

972 2311 1104 2343 tuendus,
1121 2314 1155 2339 ut
1180 2312 1324 2338 tueantur
1348 2306 1507 2342 homines3
1532 2305 1629 2335 Hora-

972 2359 1043 2392 tius,
1059 2358 1087 2387 Ι.
1105 2357 1167 2387 Od.
1184 2356 1278 2386 xxvii.
1299 2357 1327 2386 1.
1377 2355 1466 2384 Natis
1490 2356 1521 2384 ἱιι
1544 2365 1631 2384 nsum

974 2408 1083 2437 aetitia»
1099 2406 1224 2446 scyphis.
1248 2404 1329 2434 Vide
1346 2403 1385 2433 ad
1400 2414 1429 2433 v.
1445 2404 1519 2433 591.
1542 2403 1631 2437 Mox,

974 2462 1076 2485 ηαιιιιη
1104 2456 1242 2485 tolerare.
1288 2452 1459 2484 Commode
1484 2451 1593 2481 Heins-
1616 2461 1632 2481 e

973 2504 1144 2534 Catalectis
1170 2502 1343 2533 Pithoeanis
1373 2500 1516 2541 ascripsit
1543 2500 1628 2529 haec:

972 2556 992 2569 “
1006 2553 1200 2592 Pythagoras
1221 2551 1335 2591 populo
1355 2549 1455 2579 nescis
1474 2559 1543 2588 quae
1563 2559 1633 2578 sua·

972 2601 1045 2631 serit
1074 2601 1172 2630 olim?
1218 2599 1250 2630 Si
1270 2599 1423 2640 jugulatis
1449 2608 1531 2632 oves,
1556 2596 1632 2637 quid

973 2650 1040 2684 erit,
1057 2648 1140 2690 quod
1156 2648 1280 2683 vestiat,
1292 2647 1416 2688 inquit?
1441 2645 1630 2676 Horriferum

973 2704 1079 2728 contra
1094 2699 1215 2728 Borean
1233 2697 1297 2727 ovis
1314 2706 1399 2726 arma
1415 2694 1601 2725 ministret.”
