1779 3130
371 168 990 212 METAMORPHOSEON
1025 171 1140 213 LIB.
1175 171 1285 213 XV.
1425 174 1509 214 469

129 281 306 328 Vertar
326 283 375 329 in
399 285 560 340 hunc;
589 285 678 330 sed
703 287 858 347 major
883 301 982 341 er0‚
1009 293 1277 348 tantusque
1297 287 1516 343 videbor,

131 358 190 404 In
217 369 457 421 quantum
482 361 606 408 verti
632 362 857 408 coelestia
882 378 1087 425 corpora
1112 363 1346 410 debent.''

131 433 401 498 Extemplo
425 453 537 483 cum
562 453 682 484 voce
711 438 865 493 DeuS‚
893 455 1009 485 cum
1035 455 1154 485 voce
1182 439 1393 502 Deoque

134 510 349 558 Somnus
376 513 492 566 abit,
512 513 771 575 somnique
791 513 958 575 fugam
979 515 1064 560 lux
1088 516 1217 561 alma
1236 523 1408 563 secuta
1425 524 1516 564 est.

132 587 342 635 Postera
365 589 582 636 sidereos
607 589 799 636 Aurora
822 590 1079 652 fugaverat
1103 592 1270 652 ignes3
1424 596 1520 641 665

132 663 317 711 Incerti
344 665 465 727 quid
490 674 640 727 agant
665 682 894 729 proceres
921 668 983 713 ad
1009 668 1197 730 templa
1221 668 1362 731 petiti

134 740 450 788 Conveniunt
474 757 682 804 operosa
708 742 831 790 Dei:
873 759 1073 805 quaque
1100 744 1207 806 ipse
1233 745 1409 791 morari

136 817 268 864 Sede
292 818 424 873 velit,
452 818 605 881 signis
632 819 918 866 coelestibus
943 820 1146 875 indicet,
1174 828 1330 867 orant.

133 892 233 939 Vix
259 894 386 941 bene
411 895 676 951 desierant,
704 912 860 958 quum
885 896 1045 942 cristis
1071 912 1248 943 aureus
1275 896 1387 943 altis

132 969 194 1016 In
220 979 450 1033 serpente
478 971 615 1018 Deus
641 972 916 1035 praenuntia
941 972 1086 1019 sibila
1109 972 1258 1027 misit,
1426 977 1523 1021 670

133 1046 470 1110 Adventuque
496 1064 585 1094 suo
611 1048 926 1110 signumque,
954 1064 1181 1110 arasque,
1208 1048 1455 1112 foresque,

134 1121 573 1187 Marmoreumque
599 1125 776 1182 solum,
801 1124 1099 1187 fastigiaque
1125 1140 1277 1172 aurea
1298 1126 1478 1174 movit:

134 1199 532 1263 Pectoribusque
559 1208 704 1248 tenus
730 1202 894 1248 media
917 1201 1142 1248 sublimis
1167 1202 1216 1247 in
1241 1202 1347 1249 aede

138 1276 401 1333 Constitit;
433 1284 583 1340 atque
609 1278 782 1324 oculos
807 1277 1110 1324 circumtulit
1130 1278 1244 1339 igne
1263 1277 1522 1327 micantes.

137 1352 329 1400 Territa
351 1355 497 1401 turba
521 1362 694 1417 pavet:
734 1355 965 1416 cognovit
989 1354 1193 1400 numina
1216 1361 1380 1401 castos
1430 1358 1526 1402 675

138 1429 379 1477 Evinctus
404 1431 524 1478 vitta
550 1432 708 1479 crines
736 1433 934 1479 albente
961 1431 1207 1485 sacerdos,
1376 1433 1525 1493 [vete,

138 1505 219 1562 Et,
245 1514 274 1531 “
297 1507 436 1554 Deus
461 1524 540 1562 en,
566 1508 704 1555 Deus
729 1524 818 1556 en:
847 1508 1130 1571 linguisque
1156 1507 1435 1569 animisque
1457 1507 1527 1555 fa-

138 1583 379 1648 Quisquis
405 1585 574 1640 ades,”
597 1585 750 1633 dixit:
779 1591 808 1609 “
827 1586 910 1642 sis,
929 1602 956 1632 o
976 1584 1323 1648 pulcherrime,
1346 1583 1480 1631 visus

141 1660 370 1718 Utiliter3
401 1663 872 1725 populosquejuves
895 1669 982 1708 tua
1007 1676 1148 1707 sacra
1173 1659 1444 1706 colentes.’'

141 1736 379 1801 Quisquis
392 1740 547 1794 adest,
556 1741 752 1802 jussum
763 1746 1058 1786 venerantur
1068 1753 1251 1784 numen
1265 1755 1274 1793 ;
1291 1743 1340 1783 et
1355 1752 1527 1783 omnes

140 1814 306 1862 Verba
327 1817 599 1863 sacerdotis
624 1816 843 1863 referunt
867 1815 1131 1877 geminata,
1149 1814 1387 1876 piumque
1430 1815 1520 1859 681

185 1970 260 2000 666.
307 1970 449 2000 Proceres
486 1969 659 2010 Epidaurii.
706 1969 803 1999 Potiti
868 1968 956 2004 lium,
976 1967 1101 1999 AEneid.
1118 1979 1146 1998 V.
1161 1968 1234 1997 269.
1251 1967 1324 1996 494.
1348 1966 1398 1996 De
1415 1967 1534 1996 albente

145 2018 226 2055 Dei5
249 2018 399 2059 postulati
415 2029 431 2049 a
448 2018 600 2048 Romanis
617 2018 804 2059 AEsculapii.
870 2020 1055 2049 sacerdotum
1069 2019 1145 2047 vitta
1157 2016 1228 2047 vide
1246 2015 1284 2046 ad
1300 2014 1344 2044 iii.
1357 2015 1432 2045 516.
1457 2014 1532 2045 Val.

145 2066 283 2105 Ορενοεα,
314 2077 427 2108 magno
465 2066 604 2102 artifieio,
629 2077 805 2107 magnoque
872 2066 1051 2097 Maximus:
1079 2065 1109 2095 Is
1130 2066 1249 2106 anguis,
1265 2074 1348 2104 quem
1371 2063 1532 2102 Epidauria*

143 2115 248 2147 labore
264 2122 418 2152 extructa,
435 2116 578 2156 adeoque
594 2121 625 2146 et
640 2115 806 2156 splendida

145 2170 176 2194 et
191 2164 314 2206 ampla:
330 2163 402 2195 vide
419 2164 458 2195 ad
472 2164 492 2194 i.
508 2165 582 2194 258.
623 2164 805 2200 caelestibus,

145 2212 268 2244 divinis.

189 2262 262 2292 669.
278 2263 396 2292 Aureus
407 2272 570 2292 commune
584 2261 742 2303 epitheton
759 2268 806 2292 est

146 2311 284 2341 omnium
303 2311 453 2342 Deorum.
500 2312 540 2341 Et
557 2310 718 2352 Epidaurii
732 2311 804 2340 AEs-

147 2359 270 2401 culapio
285 2360 373 2400 fulvi
397 2359 548 2401 serpentis
573 2365 666 2400 atque
688 2359 805 2390 innoxii

146 2417 244 2447 genus
259 2408 453 2449 potissimum
469 2408 704 2445 consecrarant3
721 2409 802 2438 Pau-

147 2456 262 2492 sanias,
292 2457 326 2487 ii.
356 2458 410 2488 28.
458 2458 574 2488 Movit:
609 2457 713 2487 confer
742 2467 805 2488 ver.

148 2505 223 2536 635.
248 2506 421 2537 Pectoribus
433 2513 537 2543 tenus;
554 2506 625 2537 vide
641 2506 680 2537 ad
696 2505 739 2536 iii.
751 2507 804 2536 43.

191 2555 265 2586 675.
286 2556 428 2596 Cognorit
444 2558 568 2586 numina
583 2555 706 2595 castos]
736 2555 807 2584 Cus-

150 2611 213 2634 tum
239 2604 366 2645 pietatis
389 2610 421 2635 et
447 2604 623 2635 sanctitatis
650 2603 807 2634 notionem

150 2653 257 2688 habet,
273 2652 411 2693 adeoque
426 2652 578 2693 imprimis
594 2650 808 2682 sacerdotibus

151 2701 307 2732 tribuitur.
356 2701 514 2736 Evinc'tus,
540 2706 573 2731 ut
597 2699 680 2741 apud
704 2698 808 2739 Virgi-

872 2127 942 2145 raro
958 2115 1047 2156 (inde
1064 2115 1162 2145 turbae
1178 2113 1302 2154 pavor,)
1314 2115 1362 2143 sed
1378 2124 1533 2151 nunquam

872 2167 934 2195 sine
957 2176 1066 2205 magno
1090 2166 1218 2202 ipsorum
1241 2164 1312 2192 bono
1332 2163 1426 2192 visum
1442 2161 1532 2201 (inde

872 2213 1042 2244 sacerdotis
1064 2211 1204 2250 animus)
1231 2213 1263 2240 in
1286 2212 1403 2240 modum
1424 2211 1532 2239 ,Ἐπιι-

873 2263 947 2301 Ιαῃίἰ
962 2263 1094 2292 venerati
1110 2266 1191 2290 sunt.
1225 2259 1356 2300 Linguis
1370 2260 1534 2299 animisque

862 2311 981 2352 favete.
1009 2309 1124 2340 Animo
1141 2308 1180 2339 ad
1195 2317 1283 2338 sacra
1297 2313 1424 2342 attento,
1437 2318 1532 2348 praes-

872 2364 937 2389 tate
961 2358 1056 2389 sacris
1079 2356 1247 2392 silentium,
1262 2356 1314 2397 pia
1332 2361 1404 2386 vota
1427 2355 1531 2385 conci-

873 2407 947 2448 pite,
970 2407 1052 2436 bona
1078 2406 1173 2436 verba
1201 2404 1308 2434 dicite.
1355 2404 1443 2439 Mox,
1468 2413 1532 2433 ver.

874 2456 947 2486 682.
962 2460 1103 2493 praestant
1119 2460 1146 2483 et
1163 2459 1258 2483 mente
1270 2459 1297 2482 et
1309 2451 1531 2492 vocefavorem.

876 2505 1007 2534 Pulcher
1027 2504 1171 2543 frequens
1193 2501 1351 2543 epitheton
1370 2500 1532 2537 Deorum;

875 2553 951 2582 AEn.
977 2551 1032 2581 vii.
1049 2552 1124 2581 656.
1145 2556 1227 2580 satus
1253 2549 1385 2579 Hercule
1405 2549 1533 2588 pulchro

877 2601 1009 2630 Pulcher
1024 2601 1202 2630 Aventinus.

918 2649 991 2679 681.
1020 2648 1169 2689 Referunt
1193 2647 1356 2687 geminata,
1377 2649 1532 2686 repetunt.

879 2692 1532 2734 Praestanc‚etc.saventlinguisanimisque.
