1779 3130
463 392 525 447 P.
567 390 830 445 OVIDII
870 390 1218 443 NASONIS

275 549 1399 612 METAMORPHOSEON

340 695 566 737 LIBER
610 695 941 736 DECIMUS
989 695 1338 737 TERTIUS.

707 827 967 860 -φ-

206 938 337 979 MR.
367 937 680 993 Argumentum
707 939 834 993 hujus
858 938 953 979 libri
980 937 1130 978 decimi
1162 937 1275 978 tertii
1303 936 1536 977 Metamor-

150 1015 357 1070 phoseon,
395 1016 572 1058 relatum
615 1017 802 1058 invenies
841 1017 883 1057 in
923 1017 1029 1058 serie
1069 1015 1294 1064 CANTERI,
1333 1021 1433 1055 tom.
1475 1013 1531 1054 iii.

149 1108 247 1147 pag.
272 1094 339 1134 59.

764 1206 871 1238 FAB.
894 1206 923 1237 Ι.

154 1303 601 1362 CONSEDERE
626 1316 795 1372 duces,
823 1323 888 1373 et,
914 1315 1047 1377 vulgi
1075 1321 1239 1362 stante
1265 1329 1460 1369 corona,

156 1392 327 1455 Surgit
352 1393 414 1440 ad
438 1392 527 1439 hos
553 1393 717 1457 clypei
742 1393 971 1441 dominus
998 1390 1338 1455 septemplicis
1363 1389 1511 1453 Ajax.

197 1529 333 1560 1—398.
354 1530 713 1570 Armorumjudicium]
740 1530 808 1560 No-

153 1577 216 1609 bile
244 1577 323 1608 illud
361 1584 509 1608 certamen
542 1589 692 1609 armorum
732 1578 810 1610 inter

154 1627 284 1668 Ajacem
298 1626 514 1657 Telamonium
529 1632 559 1657 et
577 1627 736 1668 Ulyssem,
755 1639 809 1658 cu-

150 1677 201 1718 jus
216 1676 351 1712 occasio,
370 1676 424 1706 lib.
440 1676 494 1707 xii.
511 1682 589 1707 extr.
606 1683 742 1713 narrata,
755 1687 809 1708 cu-

150 1726 202 1767 jus
217 1725 365 1755 memoria
380 1725 431 1756 diu
448 1724 527 1755 inter
542 1725 706 1757 fliolenses
723 1736 811 1757 man-

154 1773 205 1809 sit,
224 1773 378 1810 (Pausan.
397 1773 494 1804 Attic.
512 1785 542 1815 p.
559 1774 628 1813 86.)
645 1780 675 1805 et
692 1774 775 1816 quod
792 1784 810 1804 a

155 1822 262 1852 multis
287 1822 464 1853 auctoribus
483 1828 547 1852 tam
568 1823 698 1860 Graecis,
716 1833 809 1864 quam

155 1870 285 1906 Latinis,
307 1876 470 1901 tractatum
487 1877 543 1902 est.
587 1872 811 1902 Tractaverant

154 1920 236 1950 enim
253 1921 306 1959 (ut
327 1920 454 1951 Homer.
470 1926 602 1956 taceam,
619 1921 671 1962 qui
693 1921 754 1951 Od.
771 1925 810 1952 A.

155 1969 218 1999 542
238 1979 307 2009 sqq.
329 1968 395 2008 ejus
415 1968 603 1999 mentionem
624 1969 810 2005 facit)A1·c-

155 2016 238 2047 tinus
258 2016 289 2046 in
307 2016 489 2058 AEthiopide
511 2023 604 2058 atque
624 2017 758 2048 Lesches
778 2018 810 2048 in

155 2064 293 2096 carmine
309 2064 410 2102 Ἰλιὰς
426 2066 532 2107 μικρὰ,
548 2071 607 2096 etc.
639 2066 811 2107 AEschylus

148 2113 290 2145 ’Όπλων
303 2114 418 2155 κρίσιν,
430 2114 589 2145 docuerat.
621 2115 738 2145 Extant
754 2115 811 2146 ad-

155 2161 216 2192 huc
241 2161 435 2192 Antisthenis
462 2163 704 2193 declamationes
728 2163 810 2199 duae,

157 2210 255 2240 altera
283 2210 402 2251 Ajacis,
436 2210 557 2252 Ulyssis
584 2211 700 2242 altera:
739 2211 810 2242 vide

155 2259 330 2295 Reiskium,
361 2261 464 2290 Oratt.
503 2261 605 2291 Graee.
641 2266 718 2290 tom.
748 2260 811 2290 viii.

156 2308 183 2338 E
199 2307 317 2338 Latinis
335 2307 492 2339 Pacuvius
513 2314 544 2338 et
565 2307 670 2339 Attius
691 2308 813 2339 fabulas

156 2355 438 2397 dederant,quibus
450 2367 560 2387 nomen
574 2357 641 2393 fuit,
652 2358 813 2387 Armorum

146 2407 315 2445 judicium.
357 2405 538 2435 Timanthes
555 2406 647 2436 etiam
667 2411 698 2435 et
720 2405 810 2435 Parr-

159 2453 264 2484 hasius
292 2453 426 2496 pictores
460 2460 652 2485 certaverant
686 2453 716 2484 in
755 2453 812 2485 hoc

154 2502 273 2543 judicio
309 2502 522 2543 exprimendo,
563 2509 594 2533 et
630 2502 812 2533 Parrhasius

160 2550 259 2581 herois
268 2551 389 2581 nomine
402 2552 529 2582 moleste
546 2562 578 2582 se
591 2552 667 2582 ferre
677 2550 811 2587 dicebat,

160 2599 243 2640 quod
264 2600 374 2630 iterum
391 2601 429 2631 ab
445 2600 572 2641 indigno
592 2600 693 2631 victus
708 2605 787 2630 esset
803 2611 811 2637 ;

161 2647 292 2684 Plinius,
303 2659 397 2678 xxxv.
417 2650 467 2679 10.
491 2649 552 2679 Sed
565 2660 580 2679 e
596 2648 692 2690 poetis
704 2654 814 2690 praeter

162 2696 310 2727 Ovidium
323 2708 402 2728 unus
417 2704 511 2729 restat
522 2697 658 2735 Quintus
669 2697 814 2733 Calaber,

877 1528 931 1571 qui
955 1528 1090 1570 Paralip.
1113 1527 1168 1558 lib.
1189 1539 1219 1558 v.
1249 1537 1330 1558 vers.
1358 1526 1538 1557 180-316.

876 1577 907 1608 in
924 1578 981 1608 hoc
1005 1582 1187 1618 argumento
1208 1576 1367 1617 ingenium
1387 1575 1537 1611 exercuit,

877 1637 969 1667 quem
999 1631 1103 1656 tamen
1128 1624 1308 1665 longissime
1334 1630 1402 1665 post
1427 1634 1460 1654 se
1489 1634 1535 1654 re-

876 1674 989 1716 linquit
1001 1674 1147 1705 Ovidius.
1172 1672 1440 1703 Praestantissimae
1454 1671 1537 1702 enim

877 1729 949 1753 sunt
964 1723 1011 1753 hae
1026 1722 1178 1753 orationes
1189 1727 1220 1753 et
1236 1727 1360 1752 moratae
1373 1720 1536 1762 imprimis.

877 1772 958 1813 Ajax
977 1771 1054 1801 iram
1076 1780 1165 1801 suam
1187 1770 1218 1800 in
1242 1770 1387 1811 Ulyssem
1410 1768 1538 1805 evomit,

878 1820 1008 1862 Ulysses
1018 1825 1125 1850 contra
1136 1819 1250 1849 callide
1267 1825 1298 1849 et
1314 1818 1448 1849 facunde
1462 1828 1536 1848 cau-

877 1879 941 1899 sam
967 1879 1054 1898 suam
1079 1867 1154 1908 agit.
1200 1868 1339 1908 Uterque
1365 1867 1461 1897 utitur
1485 1865 1535 1902 iis,

877 1928 947 1959 quae
970 1916 1220 1959 periclitantibus
1243 1916 1353 1947 suadet
1369 1915 1537 1953 Quintilia-

878 1977 946 2001 nus,
963 1966 1043 1996 Inst.
1061 1965 1102 1996 vi.
1123 1964 1136 1994 l
1154 1977 1159 1994 ε
1186 1969 1205 1981 “
1219 1964 1450 1995 Periclitantem
1466 1974 1538 1994 vero

877 2014 1076 2046 commendat
1090 2013 1238 2054 dignitaS,
1259 2019 1291 2044 et
1311 2013 1416 2044 studia
1436 2012 1537 2048 fortia,

877 2070 908 2094 et
927 2069 1079 2104 susceptae
1103 2062 1186 2093 bello
1207 2062 1380 2098 cicatrices,
1395 2067 1427 2093 et
1447 2061 1535 2092 nobi-

878 2112 950 2142 litas
978 2117 1009 2142 et
1036 2111 1146 2142 merita
1175 2110 1362 2152 majorum.”
1407 2110 1537 2151 Singula

878 2162 958 2192 bene
980 2166 1011 2191 et
1031 2160 1166 2191 collecta
1182 2166 1266 2195 sunt,
1284 2165 1315 2190 et
1337 2159 1538 2201 amplificata.

878 2210 1002 2245 Noster,
1016 2214 1161 2239 monente
1174 2209 1305 2244 Seneca,
1322 2208 1428 2239 Contr.
1440 2208 1472 2239 ii.
1488 2208 1538 2238 10.

879 2259 978 2290 multa
997 2257 1127 2299 sumpsit
1149 2268 1168 2288 a
1187 2258 1235 2288 M.
1256 2257 1368 2288 Porcio
1391 2258 1525 2287 Latrone

879 2313 1068 2349 praeceptore
1091 2317 1157 2342 suo,
1173 2307 1226 2348 qui
1249 2307 1361 2348 etipse
1384 2316 1535 2336 armorum

875 2356 1030 2397 judicium
1042 2355 1223 2397 scripserat3
1247 2354 1317 2386 vide
1331 2355 1369 2385 ad
1383 2365 1445 2385 ver.
1463 2355 1534 2385 121.

925 2406 952 2436 1.
979 2405 1139 2435 Consedere
1154 2406 1242 2434 duces
1256 2411 1283 2434 et
1303 2406 1401 2444 surgit
1423 2405 1461 2434 ad
1476 2404 1536 2439 hos,

879 2452 1063 2483 Homericus
1093 2452 1272 2482 transeundi
1307 2452 1428 2488 modus,
1455 2451 1535 2493 ’Ὀγε

879 2501 951 2532 κατ’
969 2500 1017 2543 ἄρ’
1034 2500 1129 2537 ἕζετο·
1146 2502 1227 2531 τοῖσι
1243 2499 1269 2531 δ’
1284 2500 1415 2538 ἀνέστη·
1434 2502 1473 2530 ad
1489 2501 1537 2531 laos

878 2551 971 2585 τοῖσι,
988 2548 1027 2579 ad
1043 2549 1098 2579 hos
1113 2549 1206 2579 verba
1221 2549 1369 2579 facturus.
1410 2549 1536 2589 Vulgus,

879 2598 969 2634 λαὸς,
994 2597 1106 2627 milites
1128 2596 1271 2638 gregarii,
1289 2607 1419 2638 quorum
1440 2598 1537 2627 stabat

881 2658 998 2682 corona,
1017 2647 1069 2688 qui
1090 2646 1236 2677 audiendi
1252 2656 1346 2677 causa
1359 2656 1535 2676 consessum

877 2695 1019 2737 judicum
1041 2695 1124 2726 omni
1139 2706 1176 2726 ex
1192 2701 1279 2737 parte
1294 2700 1410 2726 stantes
1426 2695 1532 2736 cinge-
