1779 3130
224 181 309 223 234

600 179 650 219 P.
685 177 897 220 OVIDII
931 176 1214 218 NASONIS

232 295 420 358 Sponte
445 300 611 340 tamen
638 299 902 356 properant
926 291 1007 338 alii
1034 291 1315 338 subducere
1340 306 1530 346 remos3

231 371 353 418 Pars
380 370 570 417 munire
594 370 751 425 latus;
794 384 908 431 pars
934 367 1094 414 ventis
1119 368 1229 414 vela
1253 382 1462 428 negare:

231 446 405 509 Egerit
429 446 507 493 hic
533 446 730 501 fluetus,
758 461 1028 507 aequorque
1054 444 1271 491 refundit
1295 443 1343 489 in
1370 459 1562 505 aequor;

232 522 327 569 Hie
354 523 481 585 rapit
506 530 776 569 antennas:
819 538 930 584 quae
956 522 1074 568 dum
1102 521 1207 568 sine
1231 522 1341 582 lege
1367 526 1619 581 geruntur,

230 599 425 662 Aspera
449 598 628 645 crescit
646 598 822 653 hiems,
842 597 1077 659 omnique
1103 613 1130 643 e
1154 604 1294 660 parte
1316 596 1505 643 feroces
1525 598 1623 642 490

234 675 378 722 Bella
403 681 581 736 gerunt
604 674 753 729 venti,
780 673 1008 736 fretaque
1032 674 1344 735 indignantia
1368 673 1595 719 miscent.

237 751 355 815 Ipse
380 758 544 814 pavet,
573 767 663 797 nee
691 767 760 805 se,
788 751 874 813 qui
901 751 963 797 sit
988 756 1163 805 status,
1190 749 1297 812 ipse
1321 749 1504 795 fatetur

236 827 375 874 Scire
400 826 520 873 ratis
545 834 724 881 rector,
752 842 844 873 nee
872 826 992 888 quid
1012 827 1266 888 jubeatve‚
1293 831 1515 872 vetetve:

235 903 397 950 Tanta
421 903 536 949 mali
563 904 735 958 moleS‚
763 910 969 964 totaque
995 902 1244 965 potentior
1269 908 1373 948 arte
1398 900 1500 947 est!

236 979 436 1043 Quippe
462 987 640 1026 sonant
664 981 878 1026 clamore
896 979 1001 1034 viri,
1023 978 1231 1026 stridore
1256 977 1508 1033 rudentes,
1528 979 1625 1024 495

281 1142 370 1178 486(
388 1149 568 1184 Sufflrmere,
597 1147 753 1179 retrahere
788 1158 898 1183 remos,

237 1207 276 1227 ne
291 1198 472 1237 frangantur
485 1196 643 1227 fluctibus.
670 1197 795 1227 Manire
811 1199 900 1232 latus,

237 1246 395 1276 obstruere
419 1245 581 1280 foramina,
611 1257 649 1276 ne
683 1256 765 1287 aqua
788 1246 901 1276 intrare

236 1294 344 1336 possit.
389 1295 514 1334 AEanar,
551 1305 633 1336 aqua
670 1305 828 1336 aequorea,
867 1302 901 1326 ut

238 1354 330 1378 mare,
349 1343 393 1373 iii.
412 1344 494 1381 686;
520 1345 678 1383 etfretum
705 1344 787 1384 apud
805 1344 896 1374 Clau-

239 1392 365 1422 dianum
390 1391 455 1422 d.l.
501 1391 561 1422 Sed
576 1393 664 1432 jocus
685 1391 737 1422 ille
761 1398 792 1422 et
814 1393 900 1423 lusus

239 1442 414 1475 verborum,
430 1451 526 1480 aanor
541 1441 679 1481 refundit
696 1443 725 1470 in
747 1453 853 1481 oeqaor,
870 1448 901 1472 et

241 1488 274 1519 in
291 1500 322 1519 se
339 1488 466 1530 puerilis
483 1494 540 1523 est,
557 1494 587 1519 et
603 1489 641 1518 ab
657 1488 716 1518 hac
732 1495 901 1530 tempesta—

241 1538 280 1567 tis
297 1537 454 1567 notatione
470 1536 690 1567 alienissimus.

286 1587 358 1616 489.
385 1586 489 1625 Rapit,
504 1585 618 1626 raptim
643 1584 790 1616 detrahit.
834 1587 902 1616 Au·

242 1640 332 1675 getur
356 1635 478 1665 interea
505 1640 684 1675 tempestas.
731 1634 801 1664 Sine
830 1635 902 1675 Iege,

244 1683 309 1713 sine
324 1682 430 1713 ordine
447 1683 498 1722 (ut
514 1683 534 1713 i.
550 1683 609 1713 477
624 1695 631 1721 3
646 1682 681 1712 ii.
695 1682 790 1719 204.)
807 1693 903 1724 quum

243 1742 300 1762 nec
330 1732 455 1762 rectoris
484 1742 543 1761 vox
574 1731 674 1761 audiri
702 1738 816 1772 posset,
846 1742 904 1762 nec

244 1786 346 1810 metus
361 1779 524 1810 consilium
541 1779 732 1810 admitteret.
762 1780 823 1810 Lex
840 1790 902 1810 om-

244 1829 318 1860 nino
333 1829 442 1859 modus
458 1835 489 1859 et
504 1829 583 1859 ratio
605 1835 691 1859 certa
705 1828 825 1870 aliquid
841 1829 905 1859 effi-

247 1877 361 1908 ciendi.
418 1878 530 1913 Hiems,
561 1876 694 1917 χειμὼν,
727 1883 906 1918 tempestas.

249 1927 371 1965 Aspera,
381 1925 557 1956 vehemens.
576 1926 701 1961 Crescit,
713 1925 845 1955 validior
856 1925 905 1963 fit3

249 1975 330 2004 Plin.
366 1985 439 2015 pan.
474 1975 527 2004 82.
562 1975 723 2005 crescentia
763 1974 909 2004 laboribus

250 2025 388 2054 'membr-a.
407 2024 495 2053 Omni
507 2035 537 2053 ea
550 2030 645 2062 parte,
658 2022 800 2053 omnibus
811 2023 907 2054 ecoeli

253 2072 437 2112 regionibus.
484 2072 534 2102 Sic
562 2082 632 2110 pars
660 2071 755 2101 etiam
779 2071 814 2102 ii.
834 2073 906 2102 160.

259 2121 377 2151 Fer-aces
402 2119 489 2159 (vide
513 2119 551 2150 ad
574 2130 636 2150 ver.
653 2120 746 2157 291.)
763 2125 794 2150 et
816 2131 909 2162 supra

267 2170 352 2204 ortes,
370 2168 443 2210 quia
466 2179 537 2198 cum
555 2168 759 2199 bellatoribus
782 2179 906 2210 compa-

256 2223 365 2247 rantur.
413 2218 554 2253 Miscent,
589 2223 784 2248 commovent
821 2218 908 2254 freta„

252 2265 365 2306 quibus
381 2271 454 2296 tunc
471 2268 640 2306 indignatio
655 2265 810 2296 tribuitur.

295 2315 368 2345 492.
399 2314 464 2353 Ipse
491 2314 623 2356 periculi
652 2315 786 2356 augendi
815 2325 909 2345 causa

253 2363 419 2404 repetitum
444 2362 576 2393 videtur.
621 2362 705 2393 Hinc
729 2363 823 2394 etiam
845 2362 910 2404 epi-

254 2412 409 2453 phonema
433 2412 569 2448 additur,
595 2412 690 2442 Tanta
718 2413 789 2442 mali
816 2413 911 2448 moles,

252 2467 312 2491 etc.
359 2462 427 2491 Hoc
465 2468 546 2492 certe
586 2461 705 2497 malim,
742 2472 836 2503 quam
872 2472 909 2492 ex

254 2508 374 2539 Heinsii
401 2509 629 2545 emendatione,
652 2510 728 2540 Ecce
751 2517 838 2549 pavet
862 2511 908 2542 le-

253 2567 326 2596 gere
342 2569 349 2593 3
374 2569 437 2588 ecce
459 2559 540 2588 enim
558 2558 609 2589 hie
628 2569 688 2589 non
708 2558 803 2589 habet
821 2569 911 2590 suum

254 2604 369 2636 locum.
418 2606 517 2637 Pavor
540 2612 643 2638 autem
666 2607 762 2649 ipsius
785 2607 912 2638 rectoris

257 2663 354 2693 quum
383 2654 421 2684 sit
451 2655 563 2686 summi
592 2656 721 2697 periculi
749 2655 911 2692 indicium,

255 2704 488 2733 commemorari
502 2704 564 2734 fere
577 2704 654 2734 solet
667 2705 698 2734 in
708 2704 763 2734 tali
778 2704 912 2746 descrip-

970 1148 1064 1178 tione.
1094 1147 1260 1182 Homerus,
1276 1146 1339 1177 Od.
1355 1149 1391 1181 E,
1407 1146 1487 1184 297;
1512 1145 1627 1186 virgil.

970 1197 1044 1226 AEn.
1060 1196 1081 1226 i.
1098 1196 1129 1227 d.
1143 1197 1173 1235 13
1197 1197 1223 1227 Ι.
1237 1196 1333 1226 Trist.
1350 1195 1383 1226 ii.
1399 1197 1452 1226 31.
1471 1195 1581 1226 Rector
1596 1198 1628 1226 in

968 1246 1082 1275 incerto
1101 1252 1161 1275 est.-
1187 1255 1239 1274 nec
1261 1246 1333 1285 quid
1345 1244 1492 1286 fagiatz·e
1513 1251 1629 1283 petatve

969 1293 1109 1330 Invenit;
1127 1295 1273 1335 ambiguis
1285 1305 1334 1323 ars
1348 1300 1445 1333 stupet
1459 1295 1519 1332 ipsa
1534 1295 1630 1324 malis.

971 1342 1031 1376 Qui
1047 1344 1085 1372 sit
1105 1349 1212 1372 status.
1259 1342 1397 1378 Saffiius,
1414 1344 1479 1372 dass
1499 1353 1531 1372 er
1548 1343 1629 1372 nicht

968 1393 1058 1427 wisse,
1084 1403 1124 1421 wo
1146 1393 1198 1421 das
1225 1391 1326 1432 Schiff
1346 1402 1404 1430 seu.
1450 1391 1510 1421 Sed
1535 1397 1630 1421 status

968 1439 1060 1470 latius
1072 1445 1172 1482 patet,
1183 1450 1370 1481 omnemque
1385 1439 1530 1480 exprimit
1542 1439 1630 1470 navis

970 1494 1064 1528 atque
1077 1488 1291 1528 navigantium
1309 1488 1531 1518 conditionem.
1571 1489 1629 1518 Ju-

970 1537 1079 1573 beatre,
1096 1544 1223 1568 fetetne:
1249 1538 1342 1578 vulgo
1358 1543 1389 1567 et
1407 1537 1438 1567 in
1454 1537 1564 1568 nostris
1579 1547 1630 1568 co-

970 1583 1092 1614 dicibus
1114 1586 1224 1626 Regiis
1239 1588 1399 1626 jubeatis&
1423 1587 1551 1623 velitum
1576 1586 1630 1617 sed

971 1639 1046 1662 vetet
1074 1634 1314 1673 praeferendum,
1341 1634 1414 1675 quia
1443 1634 1557 1666 melius
1586 1636 1632 1676 τῷ

961 1684 983 1720 j
987 1683 1074 1711 abeat
1089 1682 1263 1723 opponitur.

1015 1731 1088 1761 495.
1112 1730 1226 1760 Sonant
1247 1733 1372 1762 clamore
1388 1734 1456 1768 riri,
1471 1733 1548 1773 eta]
1575 1733 1629 1763 So-

973 1788 1031 1808 nus
1045 1778 1149 1808 varius
1165 1784 1196 1808 et
1212 1778 1326 1809 mixtus
1340 1780 1534 1811 obtundebat
1544 1781 1632 1812 audi*

973 1832 1050 1862 tum,
1061 1827 1326 1868 perturbabatque
1343 1828 1479 1858 animum
1497 1830 1634 1860 rectoris.

974 1875 1062 1916 Virg.
1080 1875 1111 1905 d.
1129 1875 1151 1904 l.
1199 1875 1374 1916 Insequitur
1397 1878 1564 1917 clamorque
1586 1880 1631 1909 vi-

974 1924 1055 1959 rum,
1073 1926 1242 1964 stridorque
1257 1927 1431 1956 rudentum.
1456 1926 1548 1968 Regii
1564 1929 1635 1959 cod.

974 1974 1110 2003 incursu.
1160 1973 1459 2011 Undarum—unda,
1483 1976 1634 2008 fluctuum

976 2022 1134 2052 collisione
1173 2023 1305 2053 sonabat
1340 2023 1434 2054 unda.
1491 2025 1634 2065 AEquare,

976 2081 1086 2112 nempe
1103 2071 1279 2102 altitudine.
1324 2072 1488 2114 Copiosius
1500 2073 1568 2104 haec
1581 2085 1634 2105 ex-

975 2125 1083 2149 ornata
1107 2126 1178 2150 sunt
1201 2121 1228 2151 1.
1251 2120 1343 2151 Trist.
1366 2121 1400 2152 ii.
1429 2123 1485 2152 19:
1519 2123 1636 2157 Quanti

976 2175 1086 2199 montes
1114 2170 1278 2200 volvuntur
1306 2172 1475 2210 aquarum!
1503 2172 1635 2213 Jamjam

977 2224 1108 2248 tacturos
1123 2220 1221 2249 sidera
1237 2230 1349 2249 summa
1363 2227 1457 2259 puteS,
1474 2226 1533 2251 etc.
1562 2222 1635 2252 Tin-

974 2277 1068 2307 guere
1083 2274 1166 2298 recte
1179 2268 1379 2298 Burmannus
1394 2279 1432 2299 ex
1447 2280 1508 2300 uno
1520 2270 1637 2301 Moreti

978 2314 1114 2356 praetulit
1142 2317 1189 2356 τῷ
1218 2323 1359 2357 tangere.-
1390 2317 1447 2348 hoc
1478 2318 1636 2349 revocavit

978 2364 1155 2395 Mitscherl.
1201 2367 1365 2407 sis-pergine
1374 2368 1523 2408 tinguere,
1532 2378 1635 2409 asper-

978 2423 1062 2453 gere,
1085 2413 1177 2444 etiam
1200 2414 1245 2444 iii.
1260 2416 1321 2445 86:
1344 2426 1436 2457 supra
1459 2415 1479 2446 i.
1495 2417 1571 2447 572.
1588 2427 1635 2447 asa

975 2463 1100 2502 pergine
1114 2463 1202 2493 silvas
1216 2465 1350 2502 impluit.
1398 2465 1443 2495 Ex
1459 2467 1514 2495 imo
1529 2468 1635 2496 verrit.

979 2511 1083 2552 Vulgo
1109 2512 1158 2551 (et
1182 2511 1215 2542 in
1240 2513 1350 2553 Regiis
1371 2513 1500 2553 nostris)
1523 2526 1557 2544 ea:
1580 2517 1638 2546 imo

977 2563 1078 2590 vertit.
1128 2560 1251 2592 Verrere
1264 2562 1377 2603 passim
1394 2562 1433 2592 de
1450 2563 1551 2594 ventis
1571 2574 1638 2594 are-

978 2618 1034 2639 nas
1049 2609 1241 2646 tollentibus,
1255 2616 1290 2640 ut
1305 2611 1345 2641 vi.
1357 2612 1418 2642 706
1431 2623 1437 2641 :
1455 2611 1527 2642 hine
1542 2612 1636 2643 etiam

981 2657 1020 2689 de
1043 2657 1190 2689 fluctibus
1212 2660 1382 2696 commotis,
1397 2659 1423 2691 I.
1438 2660 1531 2692 Trist.
1548 2661 1591 2692 iv.
1608 2662 1638 2692 6.

984 2706 1140 2747 Erutaque
1162 2718 1195 2737 ex
1218 2710 1284 2738 inzis
1307 2709 1401 2742 fervet
1420 2720 1511 2740 arena
1532 2711 1636 2746 *oadis‚⁴
