1779 3130
354 160 979 204 METAMORPHOSEON
1012 160 1131 202 LIB.
1162 159 1254 201 IX.

1415 161 1498 202 113

111 273 176 322 Et
191 275 424 339 pavidum
441 276 686 332 blandita3
714 281 745 300 “
765 275 858 322 Fer
878 275 983 330 has,
1003 275 1259 330 fidissime,
1277 275 1494 330 nostro,’'

110 351 270 407 Dixit,
293 359 344 399 et
367 352 551 415 adjecit
574 353 722 412 longo
746 359 862 415 post
886 359 1125 414 tempore,
1156 357 1185 376 “
1207 350 1393 397 fratri.'’

108 426 274 480 Quum
294 429 448 483 daret,
467 429 649 491 elapsae
671 429 898 474 manibus
919 428 1145 474 cecidere
1162 428 1375 474 tabellae.
1398 430 1495 473 570

109 503 290 551 Omine
315 505 511 552 turbata
537 512 634 561 est3
675 505 810 551 misit
834 512 1028 551 tamen:
1070 512 1187 567 apta
1211 503 1436 550 minister

105 580 353 643 Tempora
377 589 552 628 nactus
579 582 697 637 adit,
725 582 978 644 traditque
1004 581 1213 628 latentia
1235 581 1400 628 verba.

105 655 362 703 Attonitus
389 658 552 705 subita
565 659 762 721 juvenis
788 658 1092 705 Maeandrius
1118 658 1203 714 ira,

107 732 315 795 Projicit
340 742 589 797 acceptas,
616 736 747 782 lecta
771 735 864 782 sibi
891 742 1048 798 parte,
1076 735 1316 790 tabellas3

104 809 304 871 Vixque
320 826 494 857 manus
516 811 732 858 retinens
754 811 1047 874 trepidantis
1065 811 1125 857 ab
1142 826 1224 857 ore
1243 809 1453 856 ministri
1474 827 1485 865 3

105 889 136 908 “
155 885 288 931 Dum
304 886 436 942 licet,
460 903 488 933 o
506 888 670 934 vetitae
687 889 925 935 scelerate
943 887 1160 934 libidinis
1178 894 1365 942 auctor,
1393 888 1488 932 576

107 959 334 1023 Effuge‚’'
357 963 452 1019 ait;
496 968 526 986 “
544 963 646 1026 qui,
675 964 714 1009 si
736 971 957 1010 nostrum
980 970 1067 1010 tua
1090 963 1191 1010 fata
1214 963 1456 1026 pudorem

107 1037 221 1084 Non
242 1038 492 1085 traherent
507 1055 692 1096 secum,
706 1055 878 1103 poenas
898 1040 1017 1086 mihi
1038 1048 1194 1087 morte
1213 1038 1488 1087 dedisses.'’

100 1184 255 1221 solebant,
279 1196 316 1216 ne
341 1185 548 1217 retinerentur
574 1197 592 1217 a
617 1197 690 1218 cera
717 1193 761 1218 te-

102 1244 189 1264 nace.
235 1234 343 1264 Amor.
361 1235 405 1266 II.
422 1247 472 1266 xv.
492 1237 530 1266 15
552 1247 623 1277 sqq.
669 1236 762 1278 Regii

103 1284 209 1319 nostri,
225 1295 279 1325 pro
296 1286 444 1326 linguam,
460 1285 537 1316 dant
553 1288 676 1328 lingum.

144 1334 219 1363 568.
270 1335 421 1365 Pavidum
466 1336 601 1365 blandita
618 1347 629 1372 ;
667 1336 762 1377 vulgo

99 1383 225 1420 paulum
247 1383 404 1412 blandita.-
434 1383 489 1413 sed
513 1384 592 1414 bene
616 1386 760 1423 pavidum

100 1430 202 1471 (quod
226 1430 342 1461 habent
367 1431 460 1472 Regii
481 1432 595 1471 nostri)
621 1442 638 1462 e
666 1433 760 1463 MSS.

100 1478 240 1520 plurimis
255 1479 411 1510 revocavit
428 1480 585 1511 Heinsius.
606 1481 761 1523 Exprimit

99 1526 180 1557 enim
204 1528 363 1570 ingenium
386 1529 479 1565 lierae‚
495 1541 565 1570 quae
588 1541 648 1560 non
672 1531 759 1561 blan-

101 1577 166 1607 dita
191 1577 299 1609 fuisset
328 1579 455 1614 famulo,
482 1578 540 1609 nisi
569 1580 685 1621 pavida
711 1581 758 1611 fu-

99 1625 183 1657 isset.
229 1627 392 1662 Pam'dum,
418 1627 552 1668 pavidae.
591 1628 759 1660 Blanditiae

100 1679 171 1704 sunt
203 1674 234 1705 in
260 1677 417 1715 fidissime,
447 1681 478 1705 et
510 1675 543 1706 in
568 1677 667 1712 vultu,
697 1687 759 1718 quo

99 1722 166 1753 haec
194 1723 418 1765 pronuntiavit.
478 1725 603 1756 Confer.
631 1726 757 1757 Terent.

99 1771 162 1802 Ad.
194 1773 234 1803 V.
265 1785 294 1804 v.
321 1775 350 1803 4.
375 1780 405 1804 et
435 1774 560 1810 Noster,
591 1774 656 1805 xiv.
685 1775 758 1806 705.

100 1820 196 1850 Fidus
211 1821 368 1852 honestius
381 1832 450 1852 voc.
469 1828 527 1857 est,
543 1824 758 1864 quamfidelis.

101 1869 196 1899 Fidus
217 1870 299 1900 enim
320 1871 438 1901 amicus
460 1873 627 1912 est,fidelis
641 1882 757 1903 servus.

99 1918 182 1949 Vide
203 1919 320 1949 Donat.
342 1920 381 1950 ad
406 1919 531 1951 Terent.
548 1920 647 1951 Andr.
662 1920 708 1951 iii.
730 1923 757 1958 1,

103 1967 143 2005 25
167 1966 291 1998 Phorm.
306 1967 332 1997 I.
348 1967 381 1999 ii.
396 1969 450 1999 26.
500 1968 540 1998 Et
555 1971 677 2009 adjecit,
693 1975 756 2000 etc.

99 2025 160 2046 non
186 2021 249 2046 tam
270 2023 443 2058 propterea,
469 2017 544 2058 quia
561 2019 680 2059 fiunis
703 2029 756 2049 no—

98 2074 169 2095 men
189 2065 218 2096 ei
238 2065 378 2096 odiosum
402 2066 571 2107 (potuisset
589 2067 671 2097 enim
691 2077 756 2097 am-

97 2112 191 2155 bigue
206 2114 251 2145 uti
269 2114 326 2145 hoc
347 2115 483 2150 nomine,
499 2115 754 2157 quandoquidem

96 2169 129 2193 et
153 2169 307 2194 amatores
330 2169 362 2194 et
380 2164 545 2195 concubini
558 2165 680 2206 fratres
700 2175 753 2195 vo-

99 2212 261 2242 cabantur.
298 2213 439 2243 Martial.
455 2213 487 2243 ii.
501 2214 520 2242 4
535 2225 542 2250 3
568 2224 599 2243 x.
618 2214 659 2243 64
677 2225 684 2251 3
700 2213 753 2243 Ti-

97 2261 162 2291 bul.
178 2261 240 2291 III.
256 2261 276 2291 i.
291 2261 361 2301 23.)
378 2272 470 2302 quam
486 2268 610 2304 propter
632 2268 754 2303 pertur-

97 2309 255 2340 bationem
269 2310 374 2340 animi.
421 2311 526 2352 Longo
538 2318 603 2350 post
618 2317 753 2350 tempore,

99 2363 134 2388 ut
149 2357 237 2399 Virg.
253 2359 323 2389 Ecl.
341 2359 361 2389 i.
378 2360 430 2389 30.
446 2366 509 2398 post
530 2366 623 2394 tanto,
639 2360 754 2400 Georg.

98 2406 143 2436 iii.
160 2407 232 2437 476.
247 2407 300 2437 ubi
315 2407 386 2438 vide
402 2409 627 2439 Burmannum.
653 2409 755 2439 Etiam

98 2455 130 2486 h.
146 2456 169 2486 l.
191 2456 285 2497 vulgo
307 2463 370 2495 post
397 2458 495 2498 longo.
542 2457 657 2497 Elapsae
680 2460 754 2488 ceci-

98 2505 167 2534 dere
191 2515 257 2546 pro,
286 2505 401 2546 elapsae
432 2511 516 2536 sunt.
570 2506 675 2537 Facile
704 2516 757 2536 eas

99 2562 194 2593 pavor
208 2558 354 2583 excutere
369 2554 471 2595 potuit
486 2565 502 2584 e
518 2553 671 2585 manibus.
695 2553 757 2584 Sed

100 2601 176 2631 talia
198 2601 375 2642 superstitio
388 2603 422 2633 in
443 2605 587 2634 ominibus
606 2603 756 2645 ponebat.

104 2649 220 2689 Elapsae
233 2653 377 2682 cecidere.
398 2651 519 2682 Pariter
530 2652 618 2693 Virg.
627 2653 703 2683 AEn.
715 2651 756 2682 vi.

100 2698 178 2728 310.
193 2698 292 2738 Lapsa
307 2700 521 2741 caduntfolia.

145 2746 244 2777 VOL.
267 2748 328 2778 l'v.

872 1187 946 1218 571.
962 1188 1052 1226 Apta,
1074 1193 1105 1218 et
1121 1197 1182 1218 ver.
1200 1187 1275 1217 610.
1292 1188 1396 1217 idonea
1414 1194 1484 1216 tem-

826 1247 913 1275 pora,
945 1242 1016 1266 sunt
1051 1242 1223 1278 opportuna
1257 1236 1300 1266 rei
1336 1235 1489 1277 agendre3

830 1284 940 1315 Graece
956 1284 1112 1326 εὐκαιρίᾳ.
1137 1285 1279 1325 Nugator
1292 1285 1401 1315 Horat.
1415 1283 1487 1314 sirn-

829 1333 962 1374 pliciter,
981 1333 1122 1373 Tempora
1146 1344 1286 1373 quarum,
1311 1333 1366 1363 lib.
1382 1333 1408 1363 Ι.
1423 1333 1488 1362 Sat.

828 1382 871 1412 ix.
894 1383 947 1413 58.
1000 1383 1045 1412 Ea
1071 1381 1211 1412 minister
1236 1386 1339 1413 noster
1364 1388 1483 1415 nactus,

828 1430 904 1461 forte
921 1431 1042 1461 fortuna
1057 1430 1111 1461 tali
1127 1436 1264 1471 tempore
1280 1430 1368 1461 adiit.
1398 1431 1486 1460 Nan.-

827 1480 897 1509 cisci
913 1479 995 1509 enirn
1012 1489 1049 1510 ea
1064 1479 1207 1515 dicimur,
1224 1490 1293 1520 quae
1309 1479 1397 1509 nobis
1412 1487 1486 1509 casu

827 1527 986 1558 eveniunt.

872 1577 945 1607 573.
958 1577 1125 1612 Attonitus,
1137 1577 1253 1607 furens.
1285 1576 1389 1606 Subita
1402 1574 1485 1605 enim

827 1625 873 1655 ira
897 1625 928 1655 in
951 1625 1084 1655 furorem
1106 1625 1187 1666 rapit
1210 1624 1360 1660 homines,
1376 1629 1411 1654 ut
1431 1633 1487 1665 pa·

828 1684 894 1704 rum
907 1680 1026 1709 curent,
1040 1673 1115 1714 quid
1126 1673 1234 1703 dicant
1244 1678 1390 1713 agantve.
1426 1672 1485 1702 Ju—

825 1725 905 1753 vem's
935 1723 1145 1759 Maundrius5
1173 1722 1301 1753 Caunus
1330 1720 1487 1751 Maeandri

826 1781 932 1812 nepos.
978 1772 1049 1801 Non
1073 1771 1139 1800 sine
1168 1780 1262 1800 causa
1279 1771 1405 1808 juvenis
1429 1779 1484 1799 vo-

825 1828 912 1850 catur
924 1823 1066 1859 3juvenes
1080 1819 1162 1849 enim
1179 1824 1250 1849 sunt
1265 1818 1417 1859 ὸΞὺΘυμοι
1432 1818 1486 1848 καὶ

826 1869 887 1899 οἷοι
918 1869 1110 1899 ἀκολουθεῖν
1141 1869 1182 1909 τῇ
1216 1866 1311 1908 ὁρμῇ.
1356 1867 1485 1897 Aristot.

828 1917 925 1948 Rhet.
942 1917 974 1947 ii.
994 1918 1044 1947 12.
1084 1917 1177 1946 Lecta
1191 1917 1246 1945 sibi
1259 1922 1369 1954 parte;
1386 1915 1483 1945 Hein-

825 1966 888 1996 sius
919 1966 1057 1996 malebat
1087 1967 1163 1995 lecta
1195 1966 1244 1994 vir
1269 1970 1367 2003 parte,
1399 1964 1483 2005 quod

824 2014 981 2057 improbat
999 2015 1199 2045 Burmannus
1218 2013 1292 2055 quia
1311 2015 1357 2043 vix
1380 2014 1482 2054 sequi·

825 2069 885 2094 tur.

866 2113 938 2143 576.
957 2112 1036 2142 Dum
1054 2113 1135 2146 licet,
1154 2123 1169 2141 0
1185 2113 1291 2145 vetitae,
1308 2109 1390 2149 etc.]
1418 2109 1482 2139 Ve-

822 2162 940 2192 rissime
978 2161 1119 2191 imitatur
1156 2169 1328 2190 sermonem
1365 2168 1482 2195 eorum,

822 2221 952 2251 quorum
966 2210 1012 2240 ira
1027 2210 1161 2251 erumpit
1179 2209 1211 2239 in
1231 2207 1382 2239 famulos:
1408 2218 1482 2237 auc-

823 2266 878 2295 tor,
909 2258 1055 2289 nuntius:
1094 2258 1248 2288 traherent
1282 2267 1389 2291 secum,
1422 2254 1482 2285 sibi

822 2309 1004 2349 adjunctum
1033 2307 1203 2344 haberent3
1226 2305 1311 2335 Fast.
1336 2303 1380 2334 iv.
1407 2303 1481 2333 662.

824 2357 891 2386 Nox
906 2359 998 2392 venit,
1011 2362 1038 2386 et
1056 2367 1153 2386 secum
1174 2355 1286 2385 somnia
1308 2354 1399 2393 nigra
1416 2358 1479 2381 tra—

823 2406 878 2435 hit.
924 2405 1074 2434 Pudorem
1089 2410 1232 2437 nostrum,
1248 2411 1323 2436 rem,
1340 2410 1409 2441 quae
1426 2410 1481 2430 no-

822 2453 870 2484 bis
899 2452 1008 2495 pudori
1032 2457 1088 2482 est.
1147 2451 1179 2481 Si
1202 2455 1299 2480 morte
1326 2447 1480 2479 affecisset

823 2502 986 2537 famulum,
1009 2510 1104 2531 causa
1127 2500 1220 2530 etiam
1244 2496 1359 2533 mortis,
1383 2507 1480 2538 quam

822 2557 925 2591 tegere
951 2550 1086 2580 debebat
1101 2549 1239 2584 Caunus,
1255 2546 1417 2588 divulgata
1430 2556 1478 2577 es-

821 2605 879 2630 set.
934 2600 1106 2640 Plusquam
1135 2598 1214 2640 perf.
1246 2598 1370 2628 dedisses
1395 2596 1476 2626 bene

822 2648 966 2679 convenit
982 2647 1060 2678 irato
1074 2647 1189 2677 animo.

950 2746 979 2782 Q
