1779 3130
409 368 470 420 P.
512 368 775 421 OVIDII
816 370 1163 424 NASONIS

219 533 1347 596 METAMORPHOSEON

522 693 747 735 LIBER
778 695 1045 736 NONUS.

649 852 906 885 ,4-

142 988 201 1028 3⁷.
218 989 273 1028 B.
300 988 614 1043 Argumentum
644 989 771 1044 hujus
805 991 899 1031 libri
925 991 1026 1031 noni
1052 989 1476 1043 Metamorphoseon,

90 1064 268 1106 relatum
289 1066 477 1107 invenies
499 1067 540 1107 in
563 1068 669 1109 serie
692 1068 916 1119 CANTERI,
938 1077 1038 1110 tom.
1061 1069 1116 1109 iii.
1142 1083 1238 1122 pag.
1264 1068 1331 1110 56.

700 1190 807 1222 FAB.
832 1192 860 1222 1.

87 1261 263 1329 QUAE
288 1274 518 1336 gemitus,
546 1282 833 1339 truncaeque
862 1277 971 1324 Deo
997 1275 1282 1339 Neptunius
1307 1275 1453 1322 heros

87 1350 256 1398 Causa
279 1357 420 1412 rogat
442 1349 644 1409 frontis3
686 1369 842 1415 quum
867 1353 936 1400 sic
964 1351 1274 1416 Calydonius
1299 1351 1458 1398 amnis

129 1459 265 1489 1—100.
303 1460 424 1490 Acheloi
450 1459 556 1489 sabula
579 1459 675 1490 ducta
699 1466 746 1491 est

83 1519 100 1538 e
113 1507 274 1548 Sophoclis
283 1507 397 1538 Trach.
408 1507 474 1538 init.
485 1508 612 1538 Confer.
626 1508 744 1539 Diodo-

86 1567 136 1587 rus
156 1556 217 1586 Sic.
242 1556 284 1586 iv.
312 1557 353 1586 34
377 1567 467 1597 sqq-3
489 1556 610 1592 Strabo,
632 1556 689 1587 lib.
714 1569 745 1589 x.

84 1616 157 1647 pag.
182 1607 267 1643 4583
304 1605 523 1646 Apollodorus,
552 1606 597 1635 ΙΙ.
624 1605 677 1636 vii.
707 1608 742 1644 5;

83 1654 187 1684 Schol.
204 1653 331 1684 Homeri
350 1654 389 1684 ad
406 1654 444 1684 Il.
461 1657 499 1684 Φ.
519 1655 578 1685 194
593 1666 600 1691 ;
625 1655 741 1695 Hygini

83 1703 188 1733 sabula
214 1704 266 1733 31.
310 1703 551 1733 Monumentum
582 1703 742 1734 cedrinum

83 1757 115 1782 et
143 1752 317 1782 inauratum
345 1752 480 1782 referens
504 1751 650 1782 Herculis
672 1762 742 1782 cum

83 1800 224 1831 Acheloo
252 1811 402 1841 pugnam,
431 1801 631 1841 spectabatur
658 1800 742 1841 apud

83 1849 295 1889 Megarenses,
322 1849 353 1878 in
383 1858 444 1889 quo
471 1850 559 1879 Mars
586 1849 740 1885 Acheloo,

85 1897 212 1928 Herculi
242 1898 387 1928 Minerva
419 1898 538 1933 aderat,
571 1898 744 1929 astantibus

83 1946 175 1977 etiam
198 1947 275 1977 Jove
300 1952 330 1976 et
355 1946 526 1987 Dejanira;
558 1947 743 1983 Pausanias,

82 1995 184 2026 Eliac.
208 1995 240 2026 ii.
263 2006 292 2036 p.
315 1997 389 2027 500.
435 1996 630 2026 Cernebatur
649 1997 742 2027 etiam

85 2044 115 2074 in
134 2044 208 2074 solio
222 2044 386 2085 Amyclaei.
398 2044 498 2080 Idem,
512 2056 542 2086 p.
559 2046 632 2075 256.
655 2046 742 2076 Mole

84 2099 225 2123 extructa
257 2093 425 2123 Herculem
456 2094 628 2124 coercuisse
661 2094 743 2125 hunc

81 2142 219 2177 fluvium,
240 2142 407 2184 rapiditate
422 2153 477 2173 sua
492 2143 623 2173 multum
638 2143 744 2175 damni

81 2189 265 2221 inferentem
286 2191 486 2232 accolis,jam
506 2191 579 2221 olim
601 2192 741 2233 suspica-

83 2239 208 2277 bantur3
235 2239 300 2269 vid.
326 2240 446 2275 Strabo,
471 2240 504 2270 d.
533 2240 554 2271 l.
582 2241 628 2271 Ea
651 2241 744 2272 latius

83 2288 277 2329 persequitur
289 2288 431 2328 Heynius
441 2288 473 2318 in
486 2289 587 2328 Antiq.
602 2289 743 2330 Aufsaet-

83 2348 144 2372 zen,
171 2343 243 2366 torn.
269 2336 290 2367 i.
318 2348 348 2378 p.
375 2337 429 2367 57.
460 2337 511 2367 ubi
539 2344 655 2373 monet,
685 2338 742 2369 hac

84 2385 190 2416 fabula
206 2385 255 2415 vel
275 2385 409 2415 maxime
431 2385 576 2416 illustrari
592 2386 744 2426 imagines

84 2440 115 2465 et
135 2444 305 2464 sermonem
327 2440 488 2475 poetarum
512 2434 742 2475 antiquissimo-

85 2492 163 2517 rum,
183 2482 378 2523 eandemque
403 2482 551 2513 facillime
575 2493 663 2524 posse
686 2494 741 2513 ex·

85 2530 208 2571 plicari.
255 2530 316 2566 Qui
334 2541 393 2561 non
407 2541 514 2561 recens
535 2541 553 2561 a
570 2531 638 2561 libri
654 2541 744 2572 supe-

86 2578 171 2608 rioris
183 2578 318 2608 lectione
335 2589 449 2609 nexum
464 2579 586 2619 quaerit,
599 2579 744 2620 respiciat

87 2625 128 2656 ad
155 2625 219 2657 viii.
247 2627 309 2657 548
336 2637 404 2668 sqq.
430 2632 461 2657 et
489 2628 551 2657 884
575 2627 615 2657 ad
637 2628 743 2657 finem.

89 2674 260 2713 Neptunius
285 2676 376 2712 heros,
394 2675 543 2712 Theseus,
563 2676 653 2717 cujus
674 2686 745 2706 cum

129 2723 228 2753 VOL.
246 2723 304 2754 IV.

815 1467 913 1492 matre
950 1461 1064 1491 fEthra
1103 1460 1263 1500 Neptunus
1287 1465 1319 1489 et
1355 1460 1475 1500 AEgeus

814 1519 877 1540 una
903 1514 992 1539 nocte
1017 1508 1222 1540 concubuisse
1245 1507 1474 1546 credebantur;

814 1558 980 1593 Meursius,
997 1557 1028 1588 in
1044 1557 1137 1587 Thes.
1156 1559 1183 1587 l.
1223 1557 1405 1592 Gementem,
1421 1562 1476 1587 aut

813 1613 990 1642 moerentem,
1027 1608 1151 1641 tristem,
1179 1606 1390 1645 pudibundum
1426 1604 1474 1635 in-

812 1654 925 1685 ducere
946 1654 1119 1684 Acheloum
1138 1655 1237 1684 solent
1256 1659 1367 1694 poetae‚
1390 1653 1474 1694 quod

811 1704 963 1745 exemplis
979 1703 1070 1734 docet
1085 1703 1331 1738 Brouckhusius,
1343 1702 1382 1732 ad
1400 1702 1475 1733 Pro-

810 1752 957 1793 pertium,
978 1752 1022 1782 II.
1044 1762 1116 1781 xxv.
1133 1753 1186 1782 34.
1236 1751 1357 1781 Trunca
1368 1751 1474 1792 frons,

811 1800 901 1841 cujus
935 1801 1068 1831 alterum
1105 1811 1199 1830 cornu
1232 1806 1409 1830 truncatum
1444 1805 1476 1830 et

811 1848 979 1884 revulsum,
1017 1859 1081 1878 ver.
1121 1849 1184 1886 863
1230 1847 1394 1883 Boethius,
1433 1847 1474 1878 de

812 1896 1033 1927 Consolatione
1063 1896 1180 1927 Philos.
1201 1896 1242 1926 iv.
1271 1896 1383 1927 Fronte
1406 1903 1474 1926 tur-

809 1952 899 1985 patus
925 1947 1095 1982 Achelous;
1129 1945 1222 1975 Silius
1248 1944 1320 1974 Ital.
1346 1944 1392 1975 iii.
1419 1945 1473 1981 42,

800 1995 939 2034 frontem
965 1996 1062 2023 minor
1088 2000 1227 2024 truncam
1253 1996 1349 2023 amnis
1375 1994 1472 2023 Acar-

811 2055 894 2079 mm,·
925 2043 980 2072 sed
1003 2043 1060 2073 hoc
1086 2043 1153 2073 loco
1180 2043 1374 2082 Calydonius,
1398 2041 1473 2082 quia

811 2091 969 2122 Achelous
991 2092 1070 2122 inter
1092 2091 1228 2127 AEtolos,
1250 2101 1380 2131 quorum
1400 2091 1473 2120 urbs

815 2141 962 2181 Calydon,
975 2147 1005 2170 et
1017 2141 1200 2171 Acarnanes
1212 2139 1244 2170 in
1255 2150 1339 2169 mare
1352 2139 1472 2170 defluit.

813 2190 949 2220 Solenne
973 2196 1078 2220 autem
1099 2189 1278 2224 Veteribus,
1296 2188 1398 2218 fluviis
1422 2188 1471 2219 vel

812 2244 935 2279 propter
956 2238 1108 2279 mugitum
1131 2248 1282 2278 aquarum
1305 2237 1472 2277 <Scaman-

811 2287 865 2317 der
889 2286 1034 2328 μεμυκὼς
1054 2287 1131 2325 ἠΰτε
1156 2287 1276 2326 ταῦρος
1299 2285 1380 2326 apud
1406 2285 1470 2315 Ho-

811 2346 940 2370 merum,
959 2335 998 2365 11.
1021 2339 1061 2366 Φ.
1078 2336 1169 2374 237.)
1191 2335 1238 2364 vel
1260 2340 1382 2375 propter
1403 2343 1472 2363 cur-

811 2390 936 2414 vaturas
951 2394 1067 2419 eorum,
1084 2394 1154 2424 quae
1176 2393 1324 2413 cornuum
1340 2381 1471 2421 figuram

810 2432 958 2468 referunt,
981 2431 1103 2462 taurina
1124 2437 1178 2461 aut
1199 2430 1313 2471 capita,
1330 2435 1383 2459 aut
1404 2439 1470 2459 cor·

811 2491 873 2511 nua
910 2481 1066 2517 tribuere;
1111 2480 1233 2514 Strabo,
1271 2478 1354 2508 dicto
1391 2477 1470 2508 loco.

810 2529 943 2559 Acheloi
966 2529 1058 2560 nostri
1083 2533 1178 2569 caput
1201 2531 1363 2558 cornutum
1383 2531 1471 2556 extat

811 2578 843 2607 in
861 2578 1088 2615 monumentis,
1113 2576 1175 2607 vid.
1194 2575 1411 2618 Spanhemius‚
1431 2575 1470 2606 de

815 2636 871 2656 usu
886 2632 917 2656 et
935 2626 1115 2667 praestantia
1136 2624 1380 2659 Numismatum,
1396 2623 1471 2654 diss.

814 2673 865 2704 vii.
880 2684 911 2716 p.
926 2675 988 2705 490
1003 2686 1008 2704 :
1026 2673 1142 2705 confer.
1155 2671 1228 2704 Jani
1243 2671 1283 2703 ad
1294 2671 1470 2707 Horatium,
