1779 3130
334 173 954 216 METAMORPHOSEON
989 172 1108 214 LIB.
1142 173 1233 214 IX.
1419 174 1475 215 913

92 287 186 335 Illa
205 289 406 351 quidem
428 288 578 343 venit,
599 289 687 335 sed
703 295 1053 351 praecorrupta,
1070 303 1339 350 meumque
1375 291 1470 336 295

93 365 217 419 Quae
243 366 427 413 donare
452 371 604 428 caput
627 365 656 411 J
663 365 811 412 unoni
836 365 986 411 vellet
1010 364 1212 427 iniquae.

94 441 266 503 thue
290 458 427 488 meos
453 441 591 488 audit
615 441 845 503 gemitus,
874 441 1101 487 subsedit
1125 441 1174 486 in
1193 441 1279 487 illa

92 516 224 563 Ante
248 517 376 564 fores
403 534 500 573 ara,
528 517 809 580 dextroque
837 532 866 563 a
889 517 1077 579 poplite
1101 516 1278 562 laevum

94 592 277 641 Pressa
296 609 443 654 genu,
471 593 639 655 digitis
665 594 793 640 inter
819 610 871 640 se
891 593 1090 656 pectine
1110 594 1298 654 junctis

96 669 344 716 Sustinuit
368 670 542 717 nixus:
571 670 724 717 tacita
749 686 950 733 quoque
975 669 1194 717 carmina
1216 685 1336 716 voce
1379 673 1476 716 300

96 745 266 803 Dixit3
306 754 356 794 et
380 747 602 810 inceptos
629 754 896 794 tenuerunt
920 747 1140 793 earmina
1164 753 1335 809 partus
1357 763 1366 793 ε

96 821 257 878 Nitor,
284 830 333 869 et
354 823 545 884 ingrato
570 823 697 870 facio
721 823 1173 883 convicialdemens

95 898 237 946 Vana
259 898 289 945 J
294 899 388 955 ovi,
414 899 663 962 cupioque
688 900 838 956 mori;
868 906 1164 961 moturaque
1189 898 1337 945 duras

95 974 261 1022 Verba
286 992 465 1038 queror
489 976 650 1023 silices
674 994 683 1023 ε
712 985 893 1024 matres
918 976 1218 1024 Cadmeides
1243 975 1441 1029 adsunt,

96 1051 326 1114 Votaque
343 1052 636 1115 suscipiunt,
654 1053 1080 1116 exhortanturque
1096 1052 1366 1098 dolentem.
1379 1054 1475 1097 305

98 1127 211 1175 Una
234 1129 583 1183 ministrarum,
612 1130 776 1176 media
799 1129 860 1176 de
884 1130 1047 1192 plebe,
1073 1127 1354 1183 Galanthis,

96 1285 220 1328 plurali.
264 1288 446 1319 Lactantius
482 1288 515 1319 in
543 1288 674 1329 Argum.
712 1289 754 1319 nil

98 1342 209 1377 praeter
224 1336 384 1378 Ilithyiam
400 1343 560 1368 memorat.
598 1338 755 1369 Caeterum

96 1384 179 1425 apud
198 1385 358 1421 Plautum,
372 1386 403 1415 in
417 1386 576 1428 Amphitr.
602 1386 755 1417 Alcmene

98 1433 164 1464 sine
181 1434 336 1465 doloribus
351 1435 442 1476 parit.

141 1485 215 1515 295.
241 1484 301 1514 Illa
315 1487 428 1524 quidem
444 1484 551 1524 vernn]
576 1484 689 1515 Vocati
702 1484 755 1514 Dii

97 1532 409 1568 veniebant,etiamsi
426 1533 578 1563 auxilium
594 1533 672 1563 serre
689 1533 754 1563 nol-

97 1579 184 1618 lent;
209 1593 239 1611 x.
259 1583 291 1612 4.
340 1582 551 1621 Przrcorrupta
573 1592 653 1612 nova
672 1592 754 1612 com-

99 1629 262 1672 positione,
290 1641 382 1672 quam
415 1632 499 1662 Juno
526 1631 688 1661 blanditiis
725 1635 757 1661 et

99 1679 242 1720 precibus
254 1680 319 1721 jam
335 1691 421 1710 suam
439 1680 565 1715 fecerat,
580 1686 610 1709 et
627 1680 665 1709 ab
681 1679 757 1710 Alc-

101 1737 191 1758 mena
204 1734 367 1759 avertcrat.
392 1729 515 1759 Donare
529 1729 646 1759 Junoni
656 1735 756 1767 caput,

101 1775 132 1806 in
147 1777 280 1807 Juncnis
299 1777 428 1818 gratiam
451 1777 608 1818 negligere
624 1777 756 1807 salutem

98 1830 130 1855 et
146 1826 239 1855 vitam
256 1826 430 1856 Alcmenae.
461 1826 587 1865 Iniquoe,
602 1825 758 1856 irascenti.

99 1874 193 1916 Apud
222 1875 350 1905 Homer.
388 1881 419 1905 et
445 1875 592 1916 Apollod.
622 1880 759 1905 moratur

100 1929 222 1965 partum
243 1925 406 1955 Alcmenae
427 1935 463 1955 eo
481 1924 620 1959 consilio,
640 1931 674 1954 ut.
693 1925 757 1954 Eu-

101 1973 243 2014 rystheus
258 1973 341 2015 prius
357 1973 407 2003 edi
423 1974 532 2014 possit.

145 2023 219 2053 297.
262 2023 301 2052 In
329 2024 384 2053 illa
413 2021 592 2059 ὃεικῑτικῶςς
630 2025 662 2052 in
691 2024 757 2058 illa,

101 2081 196 2111 quam
211 2077 283 2101 ante
299 2071 378 2101 fores
392 2070 502 2101 cernis.
526 2071 632 2102 Verba
647 2071 713 2101 haec
729 2077 760 2101 et

101 2120 264 2160 sequentia
282 2119 447 2162 plurimum
468 2119 547 2150 lucis
565 2119 723 2161 accipiunt
742 2130 761 2150 a

102 2168 216 2204 Plinio,
240 2168 346 2199 xxviii.
365 2170 404 2206 63
428 2179 521 2209 quem
545 2169 647 2198 locum
674 2179 758 2198 com-

102 2217 192 2247 mode
211 2218 352 2259 ascripsit
368 2217 527 2247 Heinsius.
572 2222 592 2233 “
610 2217 758 2248 Assidere

102 2266 249 2305 gravidis,
274 2266 323 2296 vel
348 2277 444 2307 quum
469 2266 638 2296 remedium
665 2266 759 2296 alicui

103 2314 299 2351 adhibeatur,
313 2315 417 2355 digitis
432 2315 615 2356 pectinatim
633 2315 711 2345 inter
726 2326 759 2345 se

104 2363 260 2405 implexis,
276 2363 459 2394 veneficium
475 2370 519 2394 est
535 2376 541 2393 ε
566 2364 660 2404 idque
677 2375 759 2394 com-

103 2418 223 2453 pertum
254 2412 381 2443 tradunt
410 2413 564 2442 Alcmena
592 2413 761 2443 Herculem

103 2461 253 2501 pariente.
298 2462 403 2502 Pejus,
426 2462 450 2491 si
473 2462 556 2492 circa
577 2472 669 2491 unum
697 2472 761 2491 am-

105 2509 183 2540 bove
211 2519 324 2550 genua.
369 2510 447 2540 Item
477 2510 608 2551 poplites
637 2510 763 2540 alternis

107 2559 238 2600 genibus
253 2559 380 2600 imponi.
404 2559 480 2589 Ideo
496 2559 562 2589 haec
578 2559 610 2588 in
625 2558 764 2589 conciliis

106 2608 234 2644 ducum,
248 2614 475 2650 potestatumve
486 2608 549 2638 fieri
560 2614 683 2638 vetuere
696 2617 762 2637 ma-

103 2657 198 2697 jores,
210 2656 294 2687 velut
304 2667 426 2687 omnem
437 2665 539 2687 actum
551 2655 763 2697 impedientia.

110 2706 245 2736 Vetuere
263 2712 293 2737 et
313 2706 407 2737 sacris
422 2706 539 2737 votisve
560 2705 653 2736 simili
672 2704 762 2735 modo

821 1288 1001 1320 interesse.''
1047 1288 1085 1318 In
1113 1292 1216 1318 nostro
1244 1286 1312 1317 loco
1339 1285 1479 1327 syntaxis

822 1338 980 1379 negotium
1002 1337 1077 1368 fecit
1094 1335 1326 1368 Grammaticis.
1371 1335 1481 1365 Victor

823 1387 982 1418 Giselinus
997 1387 1138 1429 putabat,
1153 1397 1251 1426 pressa
1270 1392 1311 1415 est
1327 1384 1478 1425 synecdo-

823 1436 912 1467 chice
937 1436 1070 1478 positum
1096 1445 1162 1476 pro,
1186 1436 1301 1473 pressit.
1345 1433 1407 1463 Sed
1434 1438 1481 1463 est

823 1485 938 1527 potius,
956 1495 1061 1526 pressa
1077 1491 1122 1515 est
1144 1483 1245 1524 quoad
1263 1483 1378 1512 laevum
1398 1492 1481 1523 genu

825 1544 842 1564 a
862 1533 970 1564 dextro
989 1533 1128 1575 poplite3
1152 1531 1248 1572 pedes
1265 1531 1310 1561 ita
1329 1531 1480 1571 conjunx-

823 1590 900 1619 erat,
917 1589 949 1613 ut
965 1583 1074 1613 dexter
1086 1582 1191 1624 poples
1202 1586 1353 1621 premeret
1368 1580 1480 1610 laevurn

823 1644 916 1674 genu.
966 1633 1046 1662 Plin.
1068 1632 1099 1662 d.
1114 1632 1135 1661 l.
1151 1632 1273 1672 poplites
1290 1631 1416 1660 alternis
1430 1640 1482 1670 ge-

825 1684 910 1712 nibus
931 1685 1090 1721 imponere.
1137 1681 1272 1715 Pectine,
1298 1679 1331 1709 in
1353 1679 1480 1709 formam

824 1731 967 1772 pectinis,
986 1729 1180 1772 pectinatim.
1226 1727 1357 1758 Brevius
1374 1733 1406 1757 et
1425 1728 1481 1758 ob-

824 1779 944 1809 scurius
958 1778 1135 1808 Antoninus
1157 1775 1319 1812 Liberalis,
1343 1786 1413 1817 cap.
1427 1777 1482 1806 29.

825 1826 1015 1863 ἐκαθέζοντο
1054 1828 1230 1868 κρατοῦσαι
1266 1825 1323 1861 τὰς
1358 1824 1483 1856 ἑαυτῶν

825 1878 948 1918 χεῖρας.
986 1876 1102 1919 Tucim,
1124 1875 1198 1905 leni.
1235 1874 1321 1904 Alibi
1337 1874 1483 1910 vidimus,

827 1931 976 1966 quantam
1009 1924 1070 1954 vim
1103 1925 1286 1954 carminibus
1321 1922 1483 1952 tribuerint

826 1985 937 2016 magae.
961 1974 1149 2008 Tenuerunt,
1167 1973 1333 2012 κατεῖχον,
1349 1971 1485 2001 retinue-

825 2031 910 2054 runt.
949 2023 1048 2053 Paulo
1064 2028 1135 2052 ante
1150 2021 1205 2057 sic,
1223 2023 1379 2051 sustinuit.
1415 2021 1485 2050 Nili

826 2073 865 2103 de
881 2077 994 2102 conatu
1011 2070 1161 2112 pariendi,
1177 2076 1211 2100 ut
1227 2081 1244 2100 x
1271 2070 1345 2100 507.

870 2122 945 2152 304.
973 2121 1101 2154 Querar,
1120 2129 1250 2160 querens
1264 2118 1394 2160 profero.
1420 2118 1485 2147 Me-

827 2172 877 2200 dia
892 2171 981 2209 plebs,
999 2169 1113 2203 tenuis,
1130 2167 1267 2202 humilis,
1283 2167 1409 2204 infima;
1434 2166 1486 2195 vii.

827 2220 902 2253 432,
935 2220 1062 2248 medium
1091 2218 1199 2258 vulgus
1235 2228 1307 2258 opp.
1335 2215 1486 2256 patribus.

827 2268 944 2298 Contra
971 2267 1050 2297 infra
1082 2277 1144 2296 ver.
1175 2266 1248 2296 670.
1283 2267 1414 2305 ingenua
1450 2266 1486 2293 de

824 2318 917 2356 plebe.
963 2315 1025 2345 Sed
1061 2314 1238 2344 Antoninus
1268 2312 1419 2343 Liberalis
1447 2323 1485 2342 ex

828 2363 980 2395 Nicandri
1007 2363 1242 2393 Transformatt.
1271 2360 1378 2395 tradit,
1407 2360 1486 2390 hanc

828 2413 1022 2445 Galanthida
1047 2411 1123 2452 (ipsi
1153 2417 1263 2441 vocata
1286 2409 1484 2447 Galinthias)

829 2462 922 2492 fuisse
961 2460 1059 2490 Proeti
1090 2459 1231 2489 Thebani
1260 2458 1366 2492 filiam,
1393 2469 1485 2498 quam

830 2510 887 2541 sibi
911 2508 1127 2540 convictricem
1149 2507 1302 2548 delegerit
1322 2507 1485 2537 Alcmena.

832 2559 1037 2588 I'roeministra
1055 2556 1216 2587 Lactantio
1232 2556 1354 2585 dicitur.
1389 2555 1485 2584 Flam

831 2618 923 2637 comus
937 2611 1062 2637 vocatur
1074 2611 1197 2647 propter
1210 2616 1272 2634 ver.
1283 2605 1355 2635 320.
1381 2604 1487 2634 Nescio

829 2659 911 2697 qnid,
925 2655 1042 2697 aliquid
1060 2654 1174 2686 occulti
1191 2653 1348 2696 praestigii.
