1779 3130
217 200 302 241 306

590 195 640 236 Ρ.
671 194 885 236 OVIDII
919 194 1198 254 NASONIS

224 313 404 359 AEacus
431 310 545 356 huic
572 316 714 373 patei·
739 316 835 366 est,
862 308 946 371 qui
967 309 1079 371 jura
1105 309 1366 357 silentibus
1392 311 1491 357 illic
1553 314 1615 357 25

225 387 436 441 Reddit,
455 386 540 432 ubi
560 384 788 431 AEoliden
809 399 986 431 saxum
1007 401 1152 447 grave
1181 386 1432 450 Sisyphon
1457 394 1615 448 urget.

225 465 415 511 AEacon
442 462 667 524 agnoscit
692 477 930 517 summus,
958 463 1248 525 prolemque
1274 463 1453 510 fatetur

221 540 455 604 Juppiter
479 555 588 586 esse
615 553 784 585 suam:
826 538 896 584 sic
923 539 984 585 ab
1010 537 1133 585 Jove
1159 540 1333 586 tertius
1361 539 1508 602 Ajax.

224 617 333 664 Nec
359 623 527 663 tamen
552 616 657 662 haec
687 615 838 662 series
864 615 913 661 in
939 631 1090 662 causa
1110 616 1282 679 prosit,
1311 615 1503 671 Achivi,

226 694 278 740 Si
305 693 423 740 mihi
449 709 563 739 cum
585 709 765 755 magno
786 709 882 738 non
911 699 987 739 est
1013 691 1289 738 communis
1314 692 1524 739 Achille.
1553 695 1616 738 30

225 770 396 817 Frater
428 777 560 825 erat;
600 769 816 815 fraterna
845 775 991 831 peto:
1034 767 1155 830 quid
1187 769 1426 830 sanguine
1452 775 1618 815 cretus

225 847 478 910 Sisyphio,
505 845 763 908 furtisque,
792 852 842 892 et
862 845 1034 891 fraude
1061 844 1338 890 simillimus
1364 843 1451 899 illi,

223 923 407 970 Inserit
431 922 648 968 AEacidis
676 921 847 968 alienae
873 920 1072 967 nomina
1097 920 1294 982 gentis?

224 999 303 1046 An
331 999 464 1062 quod
490 999 540 1045 in
565 1014 702 1045 arma
727 998 872 1061 prior,
900 997 1138 1060 nulloque
1163 997 1254 1044 sub
1280 996 1445 1045 indice
1469 997 1596 1052 veni,

267 1173 320 1202 25.
345 1171 552 1211 AEczcus—qni
568 1173 660 1210 jura,
675 1170 752 1210 etc.]
785 1169 883 1200 Pleri—

225 1231 286 1261 que
308 1226 409 1251 tamen
427 1226 544 1250 veteres
561 1230 621 1250 non
638 1218 695 1249 nisi
712 1219 789 1249 duos
800 1218 884 1260 judi-

226 1280 278 1299 ces
308 1268 474 1299 infernales
503 1273 688 1309 agnoscunt,
717 1267 828 1297 Minoa
856 1273 887 1297 et

223 1317 513 1348 Rhadamanthum.
558 1318 679 1347 AEacus
694 1316 794 1357 potius
812 1316 886 1346 Plu-

225 1365 305 1395 tonis
320 1364 457 1405 claviger
473 1365 649 1402 ferebatur,
666 1364 736 1395 vide
753 1363 889 1400 Fischer,

226 1413 265 1444 ad
283 1413 467 1444 EEsehinem
483 1412 619 1443 Axioch.
636 1423 660 1442 s.
680 1414 733 1442 19:
760 1412 813 1442 sed
827 1423 888 1443 non

225 1461 348 1497 mirum,
364 1461 389 1491 si
406 1461 487 1502 Ajax
509 1461 645 1501 glorians
668 1461 746 1491 illud
768 1461 888 1492 maluit.

224 1511 307 1541 Vide
323 1510 447 1541 omnino
460 1510 576 1551 Heynii
593 1511 670 1540 Exc.
687 1510 728 1540 xi.
745 1510 783 1540 ad
800 1510 888 1551 Virg.

225 1558 356 1589 AEneid.
373 1558 414 1588 vi.
459 1559 538 1588 Jura
554 1560 708 1588 silentibus
724 1560 788 1589 illic
806 1559 886 1589 Red-

223 1609 289 1645 siim
315 1607 403 1638 multi
419 1608 575 1638 silentibus
590 1607 725 1643 umbris,·
741 1607 795 1637 sed
807 1608 886 1637 Bur-

224 1667 356 1686 mannus
378 1656 469 1686 docet
491 1657 610 1686 silentes
631 1656 769 1687 absolute
793 1655 887 1686 inter-

225 1705 298 1735 dum
315 1705 376 1735 dici
393 1705 517 1736 silentes
533 1706 658 1735 umbras
675 1704 786 1746 (Regii
803 1705 886 1735 eodi-

228 1763 278 1783 ces
309 1754 462 1783 silentibus
499 1755 562 1783 illic
574 1753 602 1789 ‚·)
641 1759 671 1783 et
704 1764 770 1794 pro,
803 1753 887 1794 apud

225 1801 349 1835 inferos,
361 1802 435 1831 satis
451 1802 573 1837 acerbe,
587 1803 662 1837 illic,
678 1803 729 1831 ubi
744 1802 888 1842 Sisyphmz

226 1862 329 1881 suanm
354 1862 445 1891 grate
475 1857 576 1891 urget.
624 1850 775 1892 Sisyphus
804 1850 887 1881 enim

227 1900 306 1929 latro
317 1899 342 1929 A
351 1899 633 1940 nticleam‚Ulyssis
645 1905 783 1935 matrem,
793 1910 887 1940 quum

226 1949 265 1978 ad
287 1949 425 1978 Laertem
447 1948 623 1983 duceretur,
641 1948 832 1988 compressit,
849 1959 886 1978 ex

226 2008 287 2037 quo
304 1996 470 2026 concubitu
487 1996 617 2036 Ulysses
637 2001 744 2026 natus:
771 1995 885 2037 duplex

226 2045 321 2085 igitur
346 2045 425 2075 inest
449 2044 634 2075 convicium.
680 2044 774 2085 Apud
799 2045 887 2074 Euri-

226 2092 343 2134 pidem,
361 2093 432 2133 Iph.
449 2093 522 2123 Aul.
540 2093 614 2123 524.
630 2093 759 2133 Ulysses
775 2092 887 2123 dicitur

227 2141 394 2182 Σισύφειον
410 2141 548 2181 σπέρμα,
561 2141 643 2182 quod
656 2140 744 2171 fluxit
761 2141 888 2172 fortasse

227 2189 312 2226 inde,
342 2190 416 2231 quia
447 2190 578 2231 Ulysses
603 2189 728 2230 ingenio
760 2190 888 2220 similior

227 2238 368 2279 Sisypho,
382 2249 475 2279 quam
492 2238 610 2269 Laerti.
649 2239 754 2279 Urget,
766 2240 886 2279 premit,

227 2286 395 2327 degravat3
415 2297 484 2317 narn
501 2286 670 2317 secundum
683 2286 886 2328 Propertium,

228 2336 273 2366 II.
289 2335 352 2366 xvi.
367 2336 419 2366 30.
441 2342 469 2366 et
495 2336 582 2371 alios,
606 2335 756 2376 Sisyphus
779 2345 887 2366 saxum

228 2383 400 2414 cervicibus
413 2384 590 2424 impositum
603 2384 685 2424 apud
697 2383 809 2413 inferos
820 2394 887 2424 ges-

226 2438 282 2462 tat.
329 2432 390 2462 Sed
420 2443 515 2473 quum
542 2431 620 2462 illud
647 2431 740 2462 etiam
766 2432 887 2462 volvere

227 2480 359 2514 dicatur.
375 2491 463 2521 aeque
486 2481 566 2511 bene
589 2491 621 2511 se
644 2480 738 2510 habet
757 2480 886 2510 duorum

227 2529 319 2559 MSS.
335 2529 430 2559 Stroz.
447 2535 477 2559 et
494 2530 620 2560 Barber.
637 2529 740 2562 lectio,
758 2529 886 2558 AEolides

227 2587 249 2606 s.
261 2589 291 2617 g.
330 2577 470 2617 Sisyphus
486 2585 585 2618 urget,
601 2585 632 2607 ut
646 2577 688 2608 iv.
703 2578 775 2607 499.
791 2582 810 2593 ‘¹
821 2577 886 2607 Aut

226 2626 317 2666 petis,
348 2632 402 2655 aut
430 2637 519 2666 urges
546 2627 707 2661 ruiturum,
740 2626 883 2667 Sisyphe,

229 2683 341 2703 saxum
355 2674 383 2710 ;''
419 2674 488 2704 vide
519 2675 746 2704 Burmannum.
794 2674 886 2714 Regii

229 2722 355 2752 codices
372 2722 446 2752 nihil
464 2728 601 2753 mutant:
628 2728 659 2753 et
679 2723 758 2753 bene
774 2734 885 2756 smum,

952 1178 1076 1210 semper
1098 1168 1263 1198 imminens
1283 1178 1318 1199 ac
1338 1178 1432 1209 prope
1454 1168 1616 1204 ruiturum,

954 1224 1000 1248 est
1031 1217 1206 1259 subjeetum
1237 1217 1322 1248 verbi
1350 1228 1458 1258 urgere
1469 1229 1479 1254 ,·
1517 1227 1615 1258 quan-

955 1276 1049 1307 quam
1065 1266 1167 1296 locum
1183 1266 1314 1297 citatum
1331 1276 1391 1296 non
1407 1265 1567 1296 damnem.

998 1316 1050 1345 28.
1083 1316 1128 1344 Ab
1153 1316 1225 1345 Jove
1255 1317 1360 1345 terlius
1386 1316 1478 1353 Ajax,
1495 1314 1526 1346 id
1551 1320 1611 1349 est,

956 1373 1124 1404 pronepos3
1150 1365 1269 1393 AEacus
1292 1363 1374 1393 enim
1397 1363 1436 1393 ab
1451 1364 1530 1394 Jove
1554 1363 1615 1405 pri-

957 1422 1036 1447 muS,
1053 1412 1207 1443 secundus
1221 1413 1381 1442 Telamon.

998 1461 1050 1491 29.
1074 1461 1178 1496 Series,
1195 1461 1288 1501 vulgo
1310 1460 1514 1501 genealogia3
1545 1461 1615 1490 Sta-

955 1508 1026 1544 tius,
1043 1509 1139 1539 Theb.
1156 1509 1199 1539 vi.
1222 1510 1296 1539 269.
1311 1511 1398 1539 series
1415 1511 1540 1549 antiqua
1561 1521 1614 1548 pa-

955 1564 1093 1593 rentnm5
1118 1557 1223 1592 Silius,
1241 1556 1263 1587 i.
1287 1558 1338 1587 88.
1358 1558 1445 1587 series
1467 1564 1618 1597 nepotum.

956 1607 1066 1636 Frater
1081 1617 1135 1647 pro
1159 1606 1304 1647 patrueli,
1322 1612 1351 1636 et
1376 1606 1432 1636 hoe
1454 1606 1522 1637 loco
1542 1617 1613 1637 cum

954 1655 1093 1686 delectu.
1139 1655 1288 1685 Telamon
1313 1661 1343 1685 et
1369 1655 1482 1686 Peleus
1506 1655 1615 1686 fratres

954 1711 1054 1739 erant,
1071 1704 1110 1734 ab
1136 1703 1192 1733 hoc
1218 1703 1368 1739 Achilles,
1383 1704 1421 1734 ab
1444 1703 1497 1734 illo
1520 1704 1614 1746 Ajax.

954 1754 1087 1788 Inserit3
1112 1752 1253 1793 plerique
1268 1753 1318 1791 (et
1327 1752 1419 1793 Regii
1435 1752 1522 1793 cod.)
1538 1755 1614 1784 inse-

953 1804 1005 1832 ris.
1051 1801 1148 1831 Inseri
1164 1801 1322 1841 eleganter
1337 1801 1492 1837 dicuntur,
1508 1802 1561 1842 qui
1582 1801 1614 1832 in

954 1851 1087 1881 alienam
1102 1857 1225 1891 gentem
1244 1849 1292 1879 vel
1310 1849 1497 1890 adoptantur
1512 1851 1560 1880 vel
1582 1860 1614 1881 se

953 1899 1107 1940 ingerunt,
1125 1909 1190 1929 voc.
1209 1899 1247 1927 ab
1263 1897 1406 1928 insitione
1420 1899 1612 1929 surculorum

954 1948 1070 1990 petito;
1102 1947 1264 1982 Phaedms,
1280 1947 1343 1976 ΙΙΙ.
1365 1947 1408 1977 iii.
1427 1948 1476 1978 10.
1499 1949 1615 1978 insitivt'

956 1998 1052 2032 liberi,
1079 1995 1185 2038 spurii.
1234 1995 1366 2026 Nomina
1391 1997 1495 2026 aliena>
1515 1999 1614 2037 gentis

954 2045 1076 2080 melius,
1101 2055 1206 2085 quam,
1227 2055 1267 2079 se,
1292 2044 1366 2085 quia
1385 2045 1417 2074 in
1440 2045 1518 2075 serie
1538 2044 1613 2075 scri-

954 2095 1069 2124 buntur
1085 2093 1225 2129 nomina;
1243 2092 1363 2123 Plinius
1373 2103 1486 2134 paneg.
1496 2093 1614 2123 xxxvii.

956 2143 986 2171 7.
1005 2145 1092 2181 impie
1112 2143 1154 2171 his
1179 2143 1342 2171 nominibus
1366 2143 1456 2172 inseri
1478 2143 1613 2180 publica-

957 2203 1038 2220 nuln-

998 2241 1049 2270 34.
1084 2241 1132 2269 Art
1155 2241 1230 2279 quod
1256 2241 1286 2269 in
1310 2250 1393 2269 arma
1414 2242 1508 2279 prior,
1532 2240 1610 2280 etc.]

955 2290 1059 2324 Quum
1076 2298 1136 2317 non
1148 2288 1274 2318 haberet
1287 2288 1380 2328 Ajax,
1392 2297 1446 2318 cur
1460 2298 1516 2318 sua
1530 2288 1615 2319 facta

954 2343 1219 2371 commemoraret,
1259 2346 1328 2377 quae
1375 2335 1432 2376 ipsi
1473 2336 1615 2367 viderant

955 2384 1070 2419 Graeci,
1087 2385 1230 2424 copiosus
1252 2390 1298 2414 est
1321 2384 1352 2414 iu
1372 2384 1493 2425 Ulyssis
1513 2385 1612 2415 scele—

955 2433 1038 2463 ribus
1076 2433 1270 2473 detegendis.
1318 2434 1366 2462 Αη
1399 2435 1614 2472 quod—mihi?

954 2481 1151 2522 Indignantis
1179 2488 1210 2512 et
1238 2481 1393 2511 irridentis
1422 2481 1517 2511 animi
1550 2489 1609 2519 est,

953 2540 1071 2570 rogare,
1089 2541 1125 2560 ne
1149 2540 1186 2560 ea.
1211 2530 1298 2560 uobis
1318 2530 1430 2565 obsint,
1448 2541 1517 2571 quae
1538 2541 1608 2572 pro-

954 2578 1042 2608 desse
1062 2579 1149 2608 nobis
1164 2579 1213 2608 vel
1236 2578 1370 2609 maxime
1389 2578 1420 2609 in
1441 2589 1535 2610 causa
1556 2579 1611 2610 de-

953 2627 1037 2662 bent,
1055 2633 1088 2657 ut
1103 2627 1144 2656 ix.
1156 2628 1194 2656 21
1214 2637 1260 2667 sq.
1272 2632 1301 2657 et
1318 2627 1396 2657 infra
1409 2638 1470 2658 ver.
1489 2629 1548 2659 135
1563 2638 1611 2670 sq.

954 2675 1094 2706 Autisth.
1108 2687 1141 2716 p.
1159 2676 1210 2705 56.
1227 2682 1346 2706 tantum
1366 2676 1403 2706 de
1421 2677 1549 2717 Ulysse:
1574 2678 1610 2714 ὃς

955 2725 1015 2765 οὐχ
1033 2724 1123 2758 ἑκὼν.
1135 2724 1208 2755 ἀλλ’
1220 2726 1308 2756 (ἵκων
1319 2725 1449 2766 ἀφῖκται
1460 2727 1503 2762 εἰς
1518 2727 1608 2767 Τροί-
