1779 3130
216 177 244 218 2
587 174 637 214 P.
672 171 883 214 OVIDII
917 169 1196 212 NASONIS

219 289 451 344 AEacidis‚
482 287 834 351 Cephaloque3
875 285 1057 347 quibus
1082 282 1289 330 feliciter
1314 282 1410 329 acti

218 366 349 412 Ante
374 370 691 427 expectatum
716 368 887 424 portus
913 368 1116 407 tenuere
1138 359 1339 422 petitos,
1569 360 1598 403 5

220 442 418 488 Interea
444 440 608 486 Minos
635 438 866 500 Lelegeia
890 437 1034 483 litora
1056 444 1244 493 vastat;

220 517 593 577 Praetentatque
620 515 694 561 sui
718 515 844 560 vires
872 513 1110 561 Mavortis
1136 513 1183 558 in
1210 513 1329 559 urbe

220 591 466 646 Alcathoi,
489 607 639 654 quam
667 590 818 636 Nisus
846 591 1024 645 habet3
1050 589 1128 636 cui
1155 588 1444 652 splendidus
1469 593 1601 634 ostro

222 668 359 714 Inter
384 669 647 714 honoratos
674 666 835 712 medio
861 666 924 712 de
945 665 1129 712 vertice
1155 680 1304 710 canos

223 744 386 790 Crinis
412 744 698 797 inhaerebat,
727 742 891 803 magni
916 741 1100 787 fiducia
1123 740 1278 802 regni.

1545 741 1603 784 10

291 820 446 867 Sexta
470 820 792 881 resurgebant
816 818 1016 865 orientis
1042 833 1226 863 cornua
1249 815 1493 872 Phoebes3

224 895 290 942 Et
314 895 566 958 pendebat
591 895 751 940 adhuc
777 894 895 941 belli
923 894 1165 948 Fortuna;
1206 892 1393 954 diuque

223 971 360 1018 Inter
385 979 648 1033 utrumque
672 971 805 1017 volat
828 970 991 1016 dubiis
1016 969 1235 1015 Victoria
1258 968 1453 1031 pennis.

225 1047 386 1109 Regia
409 1047 554 1094 turris
581 1054 685 1094 erat
706 1047 959 1093 vocalibus
985 1045 1154 1092 addita
1178 1044 1356 1099 muris;

229 1189 353 1231 ponitur
382 1195 413 1220 et
442 1199 496 1230 pro
526 1188 658 1230 simplici
692 1192 745 1219 ire.
806 1189 885 1219 Ante

228 1245 422 1276 eipeciatum,
446 1237 713 1278 ἀπροσδοκήτως,
742 1237 885 1279 opinione

229 1287 332 1317 citius.
373 1287 452 1317 Vide
465 1287 503 1317 ad
519 1287 560 1317 iv.
577 1288 649 1318 789.

271 1335 302 1364 6.
332 1335 469 1376 Lelegeia
500 1336 588 1364 litora
623 1335 735 1373 docte3
771 1334 884 1365 etenim

230 1383 352 1424 Leleges
376 1394 392 1413 e
418 1383 511 1424 stirpe
537 1383 701 1424 Pelasgica
720 1390 785 1414 tum
806 1389 881 1414 tem-

230 1430 311 1472 poris
332 1431 385 1461 illa
407 1432 476 1462 loca
501 1432 660 1462 tenebant.
709 1431 791 1461 Vires
816 1431 883 1461 Μα-

227 1482 317 1510 rar-tis
341 1482 398 1515 sui,
425 1487 456 1510 et
479 1491 568 1511 versu
591 1481 646 1510 61.
672 1481 792 1510 Mavors
815 1491 886 1510 suus

227 1535 345 1564 ornate,
365 1529 468 1570 copias
491 1539 575 1559 suas.
623 1530 801 1565 Praetentat,
825 1535 885 1560 etc.

232 1577 390 1618 copiarum
420 1588 543 1607 suarum
569 1577 647 1607 vires
675 1577 830 1619 experitur
854 1577 885 1608 in

228 1625 287 1656 hac
304 1627 378 1656 urbe
395 1632 464 1656 ante
480 1626 597 1657 bellum
609 1626 739 1668 justum.
768 1627 881 1667 Supra,

228 1675 281 1705 vii.
297 1677 370 1706 489.
390 1687 457 1706 suns
482 1677 519 1705 ihi
542 1687 774 1714 praeconsumere
798 1678 884 1706 vires.

230 1723 434 1760 Claudianus,
463 1724 529 1754 viii.
559 1725 641 1755 534:
683 1726 742 1755 tela
777 1726 885 1754 solebat

231 1772 416 1802 Praetentare
434 1772 526 1814 feriS,
556 1773 624 1803 olim
652 1774 801 1803 domitura
829 1773 886 1803 Gi-

229 1828 347 1861 gantas.
397 1821 473 1851 Urbs
492 1822 640 1856 Alcathoi,
664 1822 807 1862 Megara,
828 1832 884 1852 cu-

227 1869 279 1911 jus
307 1880 409 1900 arcem
439 1871 612 1906 Alcathous,
641 1870 765 1912 Pelopis
794 1870 886 1907 filius,

230 1918 325 1949 muris
349 1919 500 1949 cinxerat.
544 1919 621 1949 Eam
648 1929 730 1949 nunc
754 1920 886 1956 habebnt,

230 1967 369 2006 regebat,
404 1967 506 2003 Nisus,
545 1967 627 1997 unde
657 1967 760 1998 Νίσου
793 1968 889 2005 πόλις

231 2015 315 2045 dicta
334 2021 379 2045 est
400 2016 482 2056 apud
497 2016 690 2057 Euripidem,
707 2017 800 2047 Herc.
817 2018 889 2048 Fur.

230 2064 305 2094 954.
329 2065 450 2100 Strabo,
467 2065 521 2095 lib.
537 2065 578 2095 ix.
596 2068 663 2103 Τῆς
683 2065 832 2104 Ἀττικῆς
847 2065 891 2103 εἰς

233 2111 367 2153 τέτταρα
389 2112 467 2154 μέρη
497 2112 716 2154 διαιρεθείσης,
747 2114 763 2144 ὁ
789 2115 892 2151 Νῖσος

234 2162 299 2198 τὴν
330 2160 499 2202 Μεγαρίδα
531 2161 639 2202 λάχοι.
684 2163 774 2192 Caeso
802 2163 890 2199 Niso,

234 2210 307 2239 urbs
337 2220 355 2239 a
383 2211 543 2250 Negarem
574 2210 626 2251 qui
659 2211 736 2241 Niso
764 2217 892 2242 venerat

235 2256 361 2293 auxilio,
377 2257 461 2288 dicta
476 2265 519 2288 est
536 2259 677 2299 Megara.
725 2260 889 2299 Guz'splen-

236 2307 324 2335 didus
349 2312 434 2341 ostro,
457 2312 517 2337 etc.
572 2307 621 2337 De
650 2318 803 2348 purpureo
832 2308 888 2338 hoc

236 2355 318 2385 crine
334 2355 397 2385 vid.
412 2355 589 2396 Virgilium,
606 2356 637 2386 in
657 2356 731 2391 Ciri,
747 2367 809 2387 ver.
830 2359 888 2389 119

236 2414 304 2444 sqq.
334 2404 477 2434 Scholion
508 2405 664 2446 Euripidis
692 2406 731 2436 ad
761 2407 888 2448 Hippol.

239 2453 328 2482 1200.
348 2453 440 2483 habet
456 2455 603 2494 χρυσοῦν
619 2455 802 2496 πλόκαμον.
831 2456 890 2486 Ho-

237 2508 495 2532 noratus—canos.
549 2503 744 2544 Responsum
783 2510 886 2534 autem

237 2555 314 2585 erat,
332 2550 448 2580 tamdiu
466 2561 536 2580 eum
558 2551 676 2581 salvum
693 2552 756 2583 fore
770 2559 801 2582 et
821 2563 887 2593 reg-

238 2604 393 2633 naturum,
415 2609 508 2639 quain
533 2599 648 2630 crinem
673 2600 761 2631 illum
786 2606 887 2631 custo-

236 2646 351 2683 disset3
373 2647 444 2677 hinc
468 2650 567 2688 magni
585 2651 706 2688 fidncia
734 2661 835 2690 regni:
858 2656 889 2681 et

239 2696 321 2737 apud
338 2696 512 2737 Virgilium,
530 2697 594 2728 Cir.
612 2699 674 2728 380
689 2712 694 2728 :
726 2699 820 2729 Tanta
848 2706 887 2729 est

951 1191 981 1219 in
1004 1201 1094 1228 parvo
1109 1189 1230 1230 fiducia
1253 1190 1336 1218 crine
1355 1189 1490 1217 cavendi.
1535 1186 1606 1217 Non

950 1250 1090 1280 magnum
1107 1238 1233 1280 quidem
1249 1236 1326 1267 illud
1345 1248 1479 1278 regnum,
1494 1235 1608 1277 quippe

951 1297 1012 1317 non
1033 1287 1090 1317 nisi
1108 1292 1218 1328 quarta
1233 1285 1347 1316 Atticae
1367 1295 1448 1326 pars,
1465 1284 1518 1315 sed
1539 1284 1608 1325 dig-

952 1335 1059 1366 nitatis
1085 1346 1190 1368 causn,
1213 1345 1268 1375 pro
1290 1333 1418 1364 consilio
1440 1338 1551 1374 poetae,
1574 1342 1606 1363 e-

950 1384 1025 1414 tiam
1041 1384 1161 1414 minora
1175 1393 1271 1424 regna
1287 1395 1395 1424 magna
1409 1382 1566 1412 dicuntur.

997 1434 1046 1463 12.
1059 1433 1099 1462 Et
1113 1433 1256 1472 pendebat
1272 1432 1381 1465 adhuc,
1400 1436 1460 1461 etc.
1482 1441 1608 1471 aequum

951 1481 1088 1511 Martem
1133 1480 1252 1521 duplici
1298 1479 1434 1520 imagine
1471 1484 1610 1509 exornat.

955 1531 1089 1560 Pendere
1109 1529 1266 1570 eleganter
1287 1527 1432 1558 dicuntur
1449 1527 1502 1568 qui
1518 1527 1609 1558 dubi-

953 1583 1030 1615 tant,
1047 1579 1077 1608 in
1091 1584 1190 1608 utram
1202 1583 1318 1618 partem
1336 1576 1497 1607 inclinent.
1527 1577 1608 1606 Nos-

954 1633 1035 1658 trum
1071 1625 1222 1668 expressit
1250 1624 1457 1659 Claudianus,
1489 1624 1511 1655 i.
1546 1625 1576 1654 ll
1601 1637 1608 1654 ι

953 1677 1011 1706 His
1026 1687 1117 1715 neque
1131 1686 1183 1714 per
1205 1675 1325 1705 dubium
1346 1677 1454 1713 pendet
1471 1674 1609 1704 Fortuna

941 1726 1092 1766 fawrem,
1107 1730 1167 1755 etc.
1216 1724 1348 1753 Victoria
1364 1724 1444 1758 Dea,
1461 1733 1530 1764 quae
1547 1723 1607 1754 vir-

952 1774 1032 1815 ginis
1057 1774 1148 1804 alatae
1171 1772 1280 1803 habitu
1304 1771 1501 1814 pingebatur,
1525 1782 1608 1802 nunc

953 1823 1078 1853 volabat
1099 1823 1197 1852 dubiis
1217 1822 1334 1861 pennis,
1351 1820 1517 1862 exquisite,
1533 1820 1609 1862 quia

952 1872 1020 1912 ipsa
1033 1877 1098 1901 erat
1112 1870 1219 1905 dubia,
1236 1880 1296 1910 quo
1312 1869 1486 1900 inclinaret.
1515 1870 1609 1900 Corn-

952 1931 1042 1962 pares
1065 1930 1082 1950 e
1103 1919 1181 1950 libro
1201 1919 1221 1949 i.
1237 1919 1310 1949 506.
1329 1924 1361 1948 et
1378 1930 1404 1948 ν.
1421 1919 1493 1950 605.
1517 1921 1608 1959 trepi-

954 1971 1056 1999 dantes
1071 1979 1192 2008 pennas.
1214 1967 1320 1997 Tibul.
1338 1967 1383 1997 II.
1398 1979 1427 1998 v.
1445 1969 1502 1998 45:
1520 1979 1609 2008 super

943 2018 1043 2060 fessas
1056 2019 1161 2047 volitat
1179 2017 1309 2046 Victoria
1323 2027 1442 2056 puppe&

1002 2068 1053 2097 14.
1082 2067 1179 2106 Regia
1200 2067 1417 2100 turris-saao,
1433 2066 1511 2106 etc.]
1538 2067 1608 2097 Me-

957 2115 1113 2146 morabilis
1128 2115 1219 2156 hujus
1233 2116 1295 2144 sau·
1311 2120 1342 2144 et
1357 2114 1408 2144 alii
1420 2114 1609 2146 mentionem

955 2164 1086 2199 faciunt,
1102 2170 1133 2194 et
1148 2163 1308 2194 commode
1323 2163 1381 2192 hoc
1399 2163 1467 2193 loco
1490 2163 1612 2194 intexta

957 2218 1015 2244 est.
1054 2211 1210 2253 Heynius,
1228 2211 1267 2242 ad
1285 2211 1408 2252 Virgilii
1425 2212 1523 2248 Cirin,
1541 2215 1611 2245 105.

956 2265 1056 2299 putat,
1086 2271 1122 2291 ex
1147 2259 1253 2290 Ovidii
1277 2266 1380 2290 mente
1412 2263 1519 2291 turrim
1546 2262 1613 2292 edi-

955 2310 1036 2340 disse
1066 2309 1154 2340 illum
1188 2320 1310 2339 sonum.-
1349 2309 1430 2350 quod
1466 2321 1526 2340 non
1554 2318 1612 2342 est.

957 2358 1081 2388 Diserte
1097 2358 1178 2387 enim
1200 2368 1219 2388 a
1239 2359 1385 2387 vocalibus
1408 2358 1501 2389 muris
1517 2362 1611 2401 regia,

957 2418 975 2436 a
1005 2417 1077 2447 rege
1104 2412 1255 2442 extructa,
1279 2409 1372 2437 turris
1400 2406 1614 2448 distinguitur.

962 2456 1085 2491 l'oculis,
1110 2466 1218 2485 sonum
1242 2456 1348 2491 edens,
1364 2466 1522 2486 resonans.
1567 2457 1612 2487 A-

956 2504 1040 2545 pollo
1076 2504 1158 2535 enim
1188 2515 1283 2544 quum
1312 2504 1479 2539 Alcathoo,
1510 2515 1614 2536 muros

957 2553 1122 2589 extruenti,
1138 2564 1263 2594 operam
1284 2554 1534 2595 navaret,lyram
1557 2555 1613 2585 de-

956 2603 1077 2643 posuit:
1102 2614 1187 2632 sonus
1212 2609 1316 2632 autern
1345 2605 1407 2642 ejus
1431 2603 1462 2632 in
1491 2603 1613 2644 lapides

956 2652 1109 2693 subjectos
1140 2652 1269 2687 transiit,
1293 2658 1336 2687 ut,
1358 2652 1382 2681 si
1413 2652 1482 2692 quis
1507 2653 1610 2693 lapide

956 2710 1007 2731 eos
1045 2706 1229 2741 percuteret,
1257 2701 1392 2732 eundem
1427 2700 1487 2737 illi,
1518 2712 1611 2742 quem
