1779 3130
224 184 309 225 362
617 185 667 223 P.
701 182 913 223 OVIDII
946 183 1225 224 NASONIS

230 297 485 343 Prominet
508 297 557 342 in
581 297 769 355 vultus3
798 297 1150 359 humerosque,
1178 304 1232 343 ut
1255 297 1412 351 lucus,
1441 296 1613 342 obum-

426 373 553 419 brat.
1521 374 1614 417 845

231 448 340 495 Nec
366 448 486 494 mihi
512 448 646 510 quod
673 449 841 510 rigidis
867 449 1068 496 horrent
1093 448 1391 495 densissima
1415 448 1533 494 setis

233 524 469 586 Corpora,
497 532 641 587 turpe
667 531 815 587 puta:
850 525 1008 588 turpis
1035 525 1140 571 sine
1166 524 1421 570 frondibus
1447 524 1615 580 arbos;

229 599 411 662 Turpis
437 616 615 662 equus,
642 600 736 646 nisi
763 601 890 646 colla
908 601 1045 662 jubae
1069 600 1304 647 flaventia
1326 600 1522 646 velent:

230 676 411 722 Pluma
435 677 558 738 tegit
582 677 835 733 volucres3
867 677 1038 723 ovibus
1064 693 1154 723 sua
1177 677 1291 722 lana
1315 675 1481 722 decori
1507 682 1610 731 est;

231 752 400 799 Barba
419 753 561 806 viros,
583 753 824 815 hirtaeque
843 753 1023 799 decent
1047 753 1096 798 in
1117 768 1320 814 corpore
1347 759 1480 798 setae.
1521 755 1616 798 850

233 827 402 874 Unum
427 836 503 874 est
528 829 575 874 in
602 829 766 875 media
791 829 957 875 lumen
984 829 1103 874 mihi
1128 828 1302 882 fronte,
1333 828 1421 874 sed
1446 827 1601 874 instar

232 903 458 964 Ingentis
484 904 648 966 clypei
669 921 677 951 :
719 904 875 966 quid?
913 920 1011 949 non
1036 905 1144 950 haec
1171 904 1335 950 onmia
1359 919 1568 965 magnus

235 979 320 1025 Sol
346 979 481 1026 videt
506 996 531 1026 e
557 981 680 1026 coelo
701 981 718 1026 ?
760 980 863 1026 Soli
889 987 1056 1026 tamen
1082 980 1257 1027 unicus
1282 979 1432 1025 orbis.

231 1055 394 1111 Adde,
413 1056 546 1118 quod
571 1056 619 1101 iu
639 1064 802 1102 vestro
825 1057 1018 1117 genitor
1037 1072 1178 1103 meus
1200 1072 1399 1117 aequore
1416 1062 1590 1117 regnat
1608 1072 1617 1102 ;

233 1131 381 1178 Hunc
402 1133 491 1178 tibi
507 1133 569 1179 do
586 1149 833 1179 socerum:
864 1140 1058 1178 tantum
1075 1133 1322 1187 miserere,
1342 1147 1616 1194 precesque

237 1208 487 1271 Supplicis
507 1209 687 1255 exaudi
706 1227 716 1265 ;
746 1209 836 1254 tibi
856 1210 986 1254 enim
1003 1208 1373 1255 succumbimus
1390 1208 1472 1254 uni
1492 1224 1501 1254 :
1525 1209 1619 1253 856

235 1283 435 1346 Quique
453 1284 644 1340 Jovem,
662 1293 711 1331 et
726 1286 907 1332 coelum
923 1302 1116 1348 sperno,
1138 1292 1189 1331 et
1203 1284 1509 1347 penetrabile
1526 1283 1618 1329 ful-

236 1359 405 1415 Nerei,
425 1369 474 1407 te
494 1377 683 1408 vereor:
713 1370 798 1408 tua
815 1361 1020 1408 fulmine
1041 1362 1212 1407 saevior
1231 1361 1301 1408 ira
1321 1368 1396 1408 est
1414 1378 1423 1408 :
1465 1362 1617 1422 [men,

234 1435 403 1498 Atque
431 1453 519 1498 ego
545 1446 863 1501 contemptus
889 1454 1052 1484 essem
1077 1437 1342 1500 patientior
1366 1437 1530 1499 hujus,

238 1512 291 1558 Si
317 1512 512 1574 fugeres
539 1530 740 1562 omnes:
781 1515 869 1562 sed
895 1530 997 1570 cur,
1028 1514 1251 1577 Cyclope
1284 1513 1497 1576 repulso,
1527 1515 1621 1559 860

235 1588 361 1634 Acin
388 1605 541 1644 amas,
570 1591 870 1654 praefersque
895 1592 1017 1638 meis
1051 1590 1364 1653 amplexibus
1390 1589 1553 1636 Acin?

236 1784 300 1824 ipse
317 1794 426 1814 vocare
444 1791 576 1825 poterat,
593 1797 688 1827 quum
708 1797 767 1817 non
786 1798 893 1817 venus-

236 1838 344 1867 tatem,
370 1833 425 1862 sed
455 1840 610 1864 austeram
640 1835 799 1875 quandam
829 1835 897 1876 dig-

965 1786 1075 1827 Ingens
1104 1787 1180 1825 qnod
1209 1792 1291 1815 torm
1321 1786 1414 1815 solum
1442 1786 1494 1815 sub
1512 1784 1623 1826 fronte

964 1836 1086 1868 latebat,
1118 1835 1252 1875 Argolici
1283 1836 1380 1874 clypei
1410 1841 1464 1864 ιιιιι
1494 1834 1621 1864 Phoebeff

237 1880 366 1910 nitatem
391 1881 449 1911 sibi
473 1882 666 1912 vindicaret:
707 1884 801 1913 etiam
824 1885 895 1914 vir-

236 1929 330 1968 gilius
352 1936 463 1959 torvam
477 1931 614 1971 frontem
638 1932 755 1962 tribuit.
801 1932 895 1972 Regii

238 1977 363 2007 codices
384 1978 500 2008 habent
521 1980 648 2019 quidem
670 1987 763 2010 rori-vs
784 1982 896 2016 vultus,

237 2033 268 2055 et
284 2026 434 2066 Virgilius
451 2027 558 2058 tribuit
580 2029 823 2069 tortum-sudem,
840 2029 894 2059 sed

237 2085 298 2105 non
314 2075 483 2116 Cyclopem
499 2077 599 2117 ipsum
615 2077 654 2107 de
670 2088 701 2107 se
718 2077 774 2107 hoc
788 2078 895 2107 vocab.

239 2129 376 2154 utentem
415 2124 557 2162 inducit,
604 2136 698 2166 quare
740 2136 801 2155 non
839 2127 895 2156 im-

236 2172 430 2213 probandam
476 2174 647 2204 Burmanni
686 2175 894 2215 conjecturam

236 2221 342 2251 credo.

282 2272 354 2300 846.
394 2271 647 2312 Rigidis—setis,
686 2272 810 2313 plurimi
848 2274 896 2313 (et

237 2318 361 2350 codices
374 2319 484 2361 Regii)
499 2322 594 2351 ‹lm-is.
634 2321 766 2350 Hori-ent
780 2332 850 2351 cum
867 2322 893 2350 vi

238 2378 302 2408 pro,
319 2375 406 2405 sunt;
431 2369 551 2399 horrent
567 2370 648 2399 enim
662 2381 731 2410 quae
749 2371 895 2405 eminent,

238 2424 271 2446 ut
301 2424 374 2447 setae
404 2418 486 2454 suis3
524 2418 573 2448 hic
612 2420 738 2449 fortasse
773 2419 897 2449 mollins

238 2467 365 2496 verbum
382 2468 589 2507 expectasses.
623 2468 659 2497 Ei
678 2475 781 2497 autem
797 2469 895 2498 λασὶα

240 2514 338 2554 ὀφρὺς
351 2514 404 2544 ἐπὶ
428 2516 527 2546 παντὶ
549 2517 688 2556 μετώπῳ
706 2516 738 2550 ἐξ
754 2517 833 2552 ὠτὸς
849 2516 895 2547 τὲ-

238 2572 346 2592 ταται·
384 2563 500 2593 Theoc.
530 2566 581 2593 31.
628 2565 806 2594 Densis-sima
830 2567 896 2593 setis

239 2620 371 2648 corpora,
387 2611 568 2642 densissime
585 2612 660 2641 setis
675 2612 786 2643 obsita.

284 2659 359 2688 852.
377 2659 764 2700 InstarIizgz²1ztis‹·r'31pei.]
784 2662 893 2701 Sump-

241 2713 306 2736 tum
333 2706 389 2736 hoc
415 2718 451 2737 ex
480 2709 625 2747 Yirgilio,
651 2711 725 2739 Assn.
750 2709 794 2739 iii.
814 2710 892 2739 636:

963 1884 1107 1921 lampadis
1124 1886 1230 1912 instar.
1275 1883 1378 1913 Etiam
1400 1882 1623 1918 Callimachus,

963 1932 1069 1972 hymn.
1089 1932 1127 1961 ad
1147 1932 1296 1967 Dianam,
1318 1933 1372 1962 53.
1390 1931 1473 1962 hunc
1497 1931 1622 1962 oculum

963 1990 1033 2010 cum
1052 1979 1138 2010 σάκει
1159 1980 1349 2021 τετραβοείῳ
1371 1987 1538 2022 comparat.
1583 1981 1623 2010 Et

963 2028 1036 2069 quia
1063 2029 1191 2069 clypeus
1215 2028 1307 2063 orbis,
1335 2028 1466 2063 κύκλου,
1496 2029 1621 2058 formam

964 2077 1069 2112 habet,
1099 2077 1170 2107 inde
1208 2077 1389 2114 Κύκλωπες
1418 2077 1493 2107 dicti
1530 2084 1623 2115 sunt,

964 2126 1091 2156 Hesiod.
1106 2126 1221 2166 Theog.
1241 2128 1310 2156 144.
1350 2127 1421 2156 Hm*
1435 2128 1532 2156 omnia
1548 2126 1624 2157 fasc-

963 2177 1064 2210 τικῶς,
1081 2180 1114 2204 ut
1130 2186 1193 2204 ver.
1210 2176 1282 2205 801.
1299 2176 1342 2204 his
1356 2177 1492 2213 scopulis.

1007 2224 1080 2253 854.
1105 2223 1142 2253 In
1162 2230 1252 2253 restro
1267 2235 1390 2263 ‹eq1wre,
1407 2223 1459 2253 ubi
1476 2234 1528 2254 vos
1545 2223 1621 2254 vivi-

965 2272 1013 2306 tis,
1040 2283 1057 2302 o
1078 2272 1241 2303 Nereides.
1288 2273 1414 2302 Genitor
1438 2272 1623 2314 Polyphemi

965 2321 1129 2361 Neptunus
1146 2334 1154 2359 3
1177 2321 1240 2351 vid.
1256 2322 1422 2357 Homerus,
1441 2321 1503 2351 Od.
1522 2325 1561 2351 A.
1583 2322 1622 2351 68

964 2381 1032 2410 sqq.
1056 2371 1209 2400 Amantes
1224 2370 1318 2400 etiam
1336 2380 1353 2399 a
1364 2380 1475 2410 genere
1492 2380 1523 2399 se
1539 2380 1622 2399 com-

964 2417 1109 2447 mendare
1121 2418 1239 2455 solent,
1263 2419 1284 2448 i.
1298 2419 1358 2448 517
1372 2430 1380 2455 3
1402 2418 1443 2448 ix.
1459 2418 1509 2447 14.
1534 2417 1624 2447 Viros

965 2466 1076 2496 virtute
1102 2473 1282 2507 praestantes
1307 2467 1394 2497 Jovis
1421 2466 1499 2495 filios
1523 2472 1622 2506 poetae

965 2515 1118 2549 dixerunt,
1143 2522 1175 2545 nt
1202 2517 1348 2549 diacum,
1370 2515 1489 2549 Minoa,
1511 2516 1625 2555 Sarpe-

965 2563 1066 2599 dona3
1090 2564 1205 2593 feroces
1223 2575 1294 2593 vero
1313 2570 1343 2593 et
1364 2565 1513 2593 immanes
1535 2563 1623 2604 Nep-

964 2613 1029 2642 tuni
1044 2613 1133 2647 filios,
1144 2619 1178 2642 ut
1193 2613 1345 2654 Cyclopa,
1358 2612 1533 2653 Cercyona,
1546 2612 1623 2652 Sey—

962 2671 1035 2690 rona
1049 2668 1079 2690 et
1090 2661 1311 2701 Laestrigonas:
1331 2662 1384 2692 hos
1397 2660 1472 2691 mari
1487 2662 1621 2701 genitos,

962 2710 1030 2739 illos
1045 2710 1137 2740 coelo.
