1779 3130
338 164 957 205 METAMORPHOSEON
991 164 1110 204 LIB.
1144 163 1277 205 XIV.
1412 166 1499 206 405

119 277 369 333 Vultibus,
398 288 447 324 et
470 279 595 324 laetae
620 278 786 325 videre
812 279 1054 339 rigescere
1080 279 1287 341 puppim

122 353 364 399 Cautibus
387 354 596 410 Alcinoi,
619 369 897 415 saxumque
923 354 1197 400 increscere
1224 354 1375 415 ligno.
1404 357 1499 401 565

186 428 305 474 VII.
337 429 464 491 Spes
486 438 605 485 erat,
629 430 677 475 in
698 429 960 492 Nymphas
982 430 1196 476 animata
1215 430 1373 476 classe
1398 445 1500 477 ma-

120 503 277 551 Posse
292 512 428 550 metu
445 505 650 551 monstri
670 505 912 550 Rutulum
929 506 1169 552 desistere
1179 506 1502 566 bello.[rinas,

120 580 343 637 Perstat3
370 582 622 643 habetque
641 581 775 627 Deos
788 598 900 644 pars
912 590 1136 643 utraque,
1153 583 1355 644 quique,
1370 582 1502 629 Deo-

121 655 299 711 Instar,
318 657 504 703 habent
520 657 708 704 animos
729 675 737 704 :
768 674 858 704 nec
869 659 972 719 Jam
989 658 1173 704 dotalia
1190 674 1354 719 regna,
1375 660 1504 719 [rum

123 731 230 779 Nec
258 734 414 779 soceri
442 741 709 796 sceptrum,
738 750 829 780 nec
855 741 921 789 te,
952 732 1155 780 Lavinia
1177 734 1330 794 virgo,
1409 737 1505 780 570

124 808 225 855 Sed
247 809 424 856 vicisse
450 816 627 871 petunt
648 828 657 865 ;
700 809 1082 872 deponendique
1107 810 1294 872 pudore

126 883 271 930 Bella
294 891 503 945 gerunt:
543 885 846 946 tandemque
872 884 1043 931 Venus
1069 885 1290 932 victricia
1313 887 1417 932 nati

124 960 278 1006 Arma
295 960 457 1017 videt3
488 960 785 1023 Turnusque
805 961 960 1008 cadit:
991 961 1123 1008 cadit
1142 961 1322 1016 Ardea,
1341 962 1507 1008 Turno

128 1035 343 1098 Sospite,
379 1036 514 1083 dicta
542 1045 741 1099 potens:
790 1053 939 1099 quam
972 1044 1237 1099 postquam
1269 1038 1507 1084 barbarus

125 1111 363 1168 Abstulit,
391 1120 442 1159 et
467 1113 636 1175 tepida
660 1114 910 1159 latuerunt
933 1119 1066 1160 tecta
1090 1112 1269 1168 favilla,
1358 1113 1507 1174 [ignis

130 1187 376 1249 Congerie
399 1205 425 1235 e
445 1189 609 1235 media
626 1198 730 1235 tum
751 1189 964 1251 primum
984 1188 1182 1249 cognita
1199 1203 1392 1250 praepes
1412 1191 1507 1235 576

128 1318 215 1348 davit
246 1318 376 1359 Regius,
406 1330 501 1359 quum
531 1326 603 1350 ante
636 1320 788 1361 legeretur

131 1367 292 1407 Naryciae,·
317 1367 338 1398 i.
353 1379 381 1398 e.
396 1368 503 1409 Ajacis
520 1369 603 1399 Oilei
619 1369 717 1405 navis,
733 1380 786 1410 qui

127 1416 185 1447 fuit
207 1416 375 1457 Narycius.
424 1417 569 1459 Ulyssem
584 1418 718 1458 benigne
734 1429 786 1449 ex-

128 1465 211 1506 cepit
228 1467 380 1501 Alcinous,
393 1466 561 1497 Phaeacum
578 1477 640 1503 rex,
653 1478 787 1508 cumque

130 1524 208 1545 nave
224 1525 279 1545 sua
296 1516 408 1556 portari
420 1516 514 1556 jussit
533 1516 674 1546 Ithacam
691 1528 698 1553 ;
723 1517 786 1547 Ho—

131 1574 242 1599 merus,
263 1564 326 1593 Od.
349 1568 392 1595 Η.
409 1566 484 1595 328.
530 1565 580 1595 De
600 1565 666 1606 ejus
686 1571 786 1595 muta-

130 1613 214 1642 tione
229 1612 261 1643 in
276 1623 384 1643 saxum
402 1613 463 1643 Od.
478 1617 521 1644 N.
540 1615 598 1644 155
614 1624 682 1654 sqq.
713 1614 787 1643 Pro-

131 1661 249 1702 copius,
265 1661 304 1691 de
320 1662 410 1691 Bello
421 1662 596 1692 Gothorum
611 1663 641 1692 iv
655 1675 660 1691 :
687 1667 709 1679 “
722 1663 787 1693 Na-

132 1720 200 1739 vem
217 1720 254 1740 ex
274 1710 346 1740 alba
366 1717 464 1751 petra,
481 1721 549 1751 quae
569 1711 601 1740 in
624 1710 790 1742 Phaeacide

132 1758 256 1798 regione
271 1757 354 1799 apud
372 1769 454 1789 mare
470 1759 587 1794 visitur,
604 1759 697 1799 aliqui
720 1770 789 1790 eam

132 1817 198 1836 esse
220 1812 394 1842 autumant,
416 1817 476 1848 qua
502 1807 629 1847 Ulysses
647 1807 789 1838 Ithacam

134 1854 192 1885 fuit
207 1855 395 1885 advectus.'’

177 1904 360 1934 566—580.
376 1906 487 1940 Ardea,
504 1905 576 1934 urbs
591 1904 790 1940 Rutulorum,

135 1952 297 1983 interfecto
314 1953 429 1988 Turno,
445 1952 589 1983 incendio
609 1952 743 1988 deletur,
762 1958 793 1982 et

134 2011 172 2030 ex
202 2000 357 2031 cineribus
384 2002 478 2031 oritur
503 2001 609 2031 Ardea
633 2001 708 2031 avis.
753 2000 792 2031 Ιη

139 2049 291 2089 Nymphas
325 2052 457 2079 animata
493 2049 626 2080 breviter
662 2048 792 2084 dictum,

138 2097 274 2128 animata
294 2104 325 2128 et
347 2108 434 2128 versa
457 2098 489 2128 in
510 2097 684 2139 Nymphas,
700 2103 735 2127 ut
749 2096 793 2127 iv.

139 2147 213 2176 618.
225 2152 355 2185 exceptas
365 2149 460 2176 varios
471 2148 615 2176 animavit
629 2149 660 2175 in
669 2155 794 2186 angues.

140 2195 228 2225 Posse
255 2197 391 2225 desistere
416 2205 481 2236 pro,
506 2195 579 2229 fore,
603 2199 637 2224 ut
657 2193 796 2223 desistat.

141 2244 321 2279 Monstrum,
333 2244 409 2274 mira
421 2242 658 2277 transformatio,
670 2247 705 2272 ut
714 2252 795 2283 saepe

140 2292 224 2333 apud
242 2292 400 2322 Nostrum.
446 2293 534 2327 Deos,
558 2302 628 2321 suos
650 2292 748 2325 Deos,
764 2290 796 2320 id

139 2346 186 2371 est
212 2341 270 2371 sibi
309 2340 468 2382 propitios.
516 2341 797 2379 Quique—animos,

141 2389 237 2420 duces
254 2390 346 2420 fortes
366 2396 396 2419 et
416 2399 511 2420 acres.
557 2388 679 2418 Laudat
700 2387 797 2417 Hein-

139 2437 202 2468 sius
217 2437 296 2467 illud
311 2437 472 2472 Mezentii,
488 2437 602 2467 Dextra
616 2437 687 2466 mihi
704 2436 797 2465 Deus.

185 2486 258 2516 571.
286 2486 393 2515 vicisse
414 2486 524 2516 Graeco
542 2495 624 2515 more
644 2495 708 2526 pro,
730 2484 796 2513 vic-

142 2533 262 2564 toriam.
302 2534 473 2573 Deponendi
489 2533 607 2563 scilicet
621 2543 717 2567 arma,
732 2532 798 2562 bel-

143 2583 219 2612 lum.
263 2583 367 2613 Mores
386 2582 570 2612 bellatorum
589 2581 669 2611 bene
687 2580 797 2611 notati.

147 2631 344 2670 Tandemque,
359 2636 419 2661 etc.
464 2629 568 2660 Etiam
584 2629 738 2663 Tibullus,
754 2628 798 2658 II.

145 2691 173 2710 v.
193 2680 243 2710 46.
262 2679 300 2710 de
323 2680 379 2710 hoc
400 2678 532 2710 Veneris
551 2678 666 2709 auxilio
688 2679 797 2708 AEneae

856 1320 1002 1362 praestito,
1043 1319 1173 1349 Tandem
1203 1321 1240 1349 ad
1273 1318 1412 1358 Trquznos
1442 1320 1511 1349 diva

854 1370 977 1408 superba
995 1370 1086 1398 venit.
1133 1367 1254 1397 Turnus
1269 1369 1349 1397 cadit
1364 1367 1510 1398 iuterfec-

855 1424 905 1448 tus
926 1418 963 1448 ab
982 1418 1084 1447 [Buca
1102 1416 1133 1446 in
1157 1415 1324 1446 certamine
1343 1416 1512 1457 singulari,

855 1466 945 1506 Virg.
963 1466 1016 1496 xii.
1032 1471 1113 1496 extr.

898 1515 974 1545 574.
999 1514 1036 1544 In
1062 1515 1204 1544 barbarus
1225 1516 1303 1554 ignis
1323 1513 1414 1553 (olim
1438 1514 1512 1544 ede-

855 1564 946 1594 batur
971 1566 1056 1599 ensis,
1081 1569 1115 1593 ut
1137 1563 1249 1604 legitur
1272 1563 1304 1592 iu
1325 1562 1432 1593 codiee
1454 1562 1512 1597 A.)

856 1612 971 1642 hzesere
1001 1612 1073 1642 intt.
1101 1611 1175 1652 quia
1194 1612 1353 1652 putarunt,
1377 1612 1513 1642 AEneam

856 1660 920 1690 sine
942 1660 1109 1690 offensione
1134 1659 1268 1700 Augusti
1295 1670 1355 1690 non
1378 1659 1513 1700 potuisse

857 1711 1017 1739 barbarum
1028 1708 1101 1739 dici.
1116 1709 1186 1739 Jac.
1196 1719 1213 1738 a
1226 1709 1328 1738 Cruee
1342 1708 1434 1749 igitur
1445 1707 1511 1738 haec

858 1759 951 1788 verba
970 1757 1009 1787 ad
1025 1757 1215 1787 Annibalem
1231 1756 1394 1791 referebat,
1412 1761 1514 1787 motus

858 1806 959 1836 verbis
986 1805 1141 1836 mendosis
1169 1805 1264 1835 Servii
1290 1805 1329 1835 ad
1359 1806 1434 1835 AEn.
1463 1805 1515 1835 vii.

859 1856 940 1884 412:
967 1860 998 1884 at
1021 1854 1154 1885 Ovidius
1175 1859 1290 1889 narrat,
1311 1864 1380 1894 quae
1402 1854 1513 1883 AEneae

859 1903 1048 1944 temporibus
1062 1901 1241 1933 acciderint.
1286 1900 1433 1932 Heinsius
1449 1911 1514 1932 ma-

858 1951 955 1987 lebat,
979 1951 1145 1980 Dardanns
1172 1952 1258 1985 ensis,
1289 1955 1323 1980 ut
1349 1960 1413 1980 ver.
1439 1950 1514 1980 467.

861 2000 986 2030 Danaas
995 2001 1159 2040 flammas;
1184 2000 1272 2039 Virg.
1293 1999 1368 2028 AEn.
1390 1998 1423 2028 ii.
1442 1999 1517 2029 276.

862 2048 994 2089 Phrygii
1024 2051 1127 2089 ignes,-
1166 2047 1276 2078 Horat.
1305 2047 1333 2077 I.
1369 2046 1432 2078 Od.
1464 2049 1516 2078 13.

862 2098 1009 2127 Achaicus
1030 2099 1120 2137 ignis.
1144 2096 1216 2126 Siue
1234 2106 1339 2126 causa.
1378 2096 1518 2137 Phryges

860 2155 942 2186 saepe
969 2145 1114 2175 dicuntur
1135 2145 1200 2175 sine
1223 2144 1341 2174 invidia
1366 2150 1420 2174 aut
1444 2155 1517 2175 con-

861 2198 980 2234 temptu
1007 2194 1138 2228 barbari,
1158 2198 1191 2222 ut
1214 2203 1274 2222 ver.
1297 2193 1366 2222 163.
1391 2193 1517 2223 barbam

861 2253 972 2279 prora;
999 2242 1066 2272 vide
1083 2241 1121 2271 ad
1143 2241 1186 2271 xi.
1207 2241 1277 2271 162.
1323 2240 1465 2281 Heynius
1479 2242 1519 2272 ad

861 2291 977 2321 Tibull.
1003 2291 1050 2320 Π.
1076 2302 1106 2321 v.
1131 2291 1183 2320 48.
1215 2288 1361 2329 intelligit
1389 2300 1517 2326 saevum,

864 2340 1021 2370 crudelem
1047 2341 1161 2379 ignem,
1191 2344 1283 2378 atque
1321 2338 1414 2368 etiam
1451 2340 1517 2369 bar-

866 2390 970 2417 barum
996 2388 1133 2417 Turnum
1157 2386 1199 2417 ibi
1223 2386 1451 2427 interpretatur,
1475 2387 1519 2418 fe-

865 2446 982 2471 rocem,
1000 2435 1167 2466 crudelem.
1206 2435 1379 2464 Latum-um
1396 2435 1516 2476 subfa-

867 2486 950 2520 rilla,
968 2485 1132 2525 absumpta
1148 2483 1281 2518 fuerunt,
1297 2489 1328 2513 et
1343 2483 1468 2514 redacta
1486 2484 1519 2515 in

865 2533 995 2563 cineres.

908 2582 980 2612 576.
1012 2582 1156 2622 Congerz'e
1170 2591 1184 2610 e
1201 2579 1323 2620 medim]
1360 2579 1489 2610 Plurimi
1507 2592 1521 2611 e

865 2633 982 2666 media,-
1008 2629 1071 2665 alii,
1102 2635 1134 2660 ut
1157 2629 1254 2660 codex
1280 2627 1401 2669 Regius
1422 2629 1463 2659 A.
1488 2631 1520 2659 in

865 2681 981 2716 media3
1005 2678 1144 2719 quidam,
1161 2684 1195 2708 ut
1209 2677 1306 2709 codex
1322 2677 1361 2707 B.
1376 2676 1521 2708 omittunt
