1779 3130
218 166 302 206 204

605 163 655 204 Ρ.
689 161 899 203 OVIDII
932 160 1210 202 NASONIS

223 285 254 303 ‘¹
274 279 353 325 Da
371 278 582 332 veniam,
612 276 789 323 Lenaee
815 282 982 339 pater3
1024 272 1387 338 peccavimus,”
1412 272 1605 335 inquit;

221 361 253 379 ‘⁶
273 355 374 403 Sed
386 355 633 408 miserere,
650 368 824 416 precor
841 370 852 408 ;
884 351 1211 415 speciosoque
1228 350 1362 413 eripe
1378 347 1608 395 damno.”

222 430 349 478 Mite
376 430 538 477 Deum
564 444 748 475 numen
776 428 1008 474 Bacchus
1035 443 1271 489 peccasse
1296 425 1536 472 fatentem

222 506 481 561 Restituit,
508 513 809 568 pactamque
833 505 999 559 fidem,
1023 504 1141 550 data
1165 518 1384 557 munera,
1413 501 1572 548 solvit.

224 589 254 607 “
273 582 415 629 Neve
438 583 567 628 male
593 588 761 644 optato
786 596 989 627 maneas
1015 580 1320 626 circumlitus
1347 594 1479 633 auro,
1517 579 1608 623 136

223 658 414 713 Vade,”
440 658 522 713 ait,
548 658 652 704 “ad
676 657 868 718 magnis
888 655 1104 702 Vicinum
1132 655 1373 701 Sardibus
1395 668 1607 708 amnem,

224 734 423 797 Perque
442 736 620 797 jugum
646 733 826 779 montis
853 732 1135 779 labentibus
1162 731 1333 777 obvius
1359 730 1505 776 undis

227 811 392 873 Carpe
416 811 573 866 viam3
615 810 773 856 donee
797 809 966 855 venias
993 808 1055 854 ad
1081 807 1297 853 fluminis
1323 813 1489 852 ortus:

226 886 608 950 Spumiferoque
632 893 773 932 tuum
796 885 935 941 fonti,
964 901 1063 947 qua
1087 883 1328 946 plurimus
1354 882 1473 937 exit,
1519 884 1610 927 140

224 1032 381 1069 speciosum
399 1031 509 1060 (Ionum
528 1032 677 1068 eriperet,-
708 1027 760 1058 ubi
776 1030 881 1068 specio-

224 1090 287 1108 sum
306 1077 536 1109 rescribendum
553 1078 710 1108 existimat
730 1078 884 1106 Burman-

224 1138 293 1163 nus,
332 1132 365 1157 ut
401 1126 508 1157 Ovidii
536 1127 631 1156 verba
660 1126 882 1167 exprimantur,

226 1175 317 1206 sicuti
341 1174 518 1216 frequenter
544 1174 628 1215 apud
656 1173 828 1214 Hyginum,
855 1179 886 1204 et

227 1230 388 1265 comparat
409 1224 493 1254 idem
516 1224 715 1253 Burmannus
739 1233 776 1252 ex
799 1222 888 1252 Alci-

227 1273 356 1315 phrone,
373 1272 418 1302 iii.
434 1274 487 1303 38.
504 1272 664 1313 λαμπρὰν
681 1271 814 1312 ζημίαν,
833 1271 887 1302 sed

228 1321 260 1351 id
272 1321 315 1351 ibi
330 1321 432 1362 potius
442 1321 641 1351 manifestum
657 1319 888 1350 incommodum

230 1369 397 1410 significat.

276 1419 347 1448 134.
381 1418 457 1447 Mite
495 1417 595 1447 Derim
631 1429 764 1454 Ίιιιιηεης
804 1417 888 1458 quod

230 1466 379 1496 Heinsius
402 1466 521 1496 dictum
553 1472 642 1507 putat
666 1476 731 1506 pro,
764 1465 888 1495 mitissi-

230 1525 315 1545 mum
331 1515 470 1544 Deorum
491 1524 618 1549 numen,
634 1519 668 1544 ut
688 1513 761 1544 alibi
781 1526 889 1555 magna

232 1564 368 1593 Dearum
390 1573 455 1604 pro,
480 1563 626 1593 maxima.
671 1562 767 1592 Malit
786 1569 890 1593 tamen

232 1612 333 1642 Derim
348 1611 461 1642 mutari
480 1611 512 1641 in
531 1623 627 1647 reum,
647 1617 680 1642 ut
703 1612 836 1642 allusum
858 1612 891 1642 fit

233 1660 273 1690 ad
297 1660 480 1691 confitentes
507 1671 597 1698 reos3
634 1660 727 1701 idque
756 1660 891 1691 illustrat

233 1719 271 1739 ex
285 1709 375 1739 Pont.
391 1709 436 1739 11.
449 1709 489 1739 vi.
502 1711 532 1740 8.
548 1720 649 1748 aspera
666 1709 794 1751 confesso
806 1711 892 1740 rerba

232 1760 352 1789 remitte
366 1769 425 1788 reo.
456 1759 656 1789 Burmannus
673 1758 799 1800 conjicit
816 1759 893 1789 Mite

236 1808 319 1838 Deus
334 1818 442 1838 numen
459 1807 498 1838 Β.
544 1808 623 1844 Quae
640 1808 825 1848 conjecturae
841 1818 893 1838 su-

233 1866 437 1897 pervacaneae
468 1866 535 1886 esse
560 1855 717 1891 videntur,
745 1855 769 1885 si
795 1856 894 1886 Dezim

234 1916 345 1935 ‘numen
359 1915 414 1946 pro
429 1914 512 1935 mera
529 1904 699 1946 periphrasi
721 1904 783 1934 Dei
797 1904 894 1945 ipsius

233 1953 417 1984 habeamus.
462 1953 620 1989 Bacchus,
636 1953 689 1994 qui
708 1952 791 1983 mitis
806 1953 895 1984 Deus

237 2013 303 2032 esse
321 2002 409 2038 solet,
424 2001 570 2037 restituit,
589 2008 651 2032 etc.
699 2002 791 2033 Certe
811 2002 895 2043 apud

237 2051 405 2091 Virgilium
433 2050 504 2092 plus
531 2050 625 2081 semel
656 2061 765 2080 numen
797 2051 895 2081 Derim

237 2105 283 2130 est
300 2100 400 2130 Deus.
425 2099 517 2136 Quod
528 2110 556 2129 v.
570 2109 598 2130 c.
611 2099 765 2129 Homerus
775 2099 896 2129 dixerat

238 2149 351 2180 ἄνευθε
364 2148 446 2183 Θεοῦ,
459 2147 491 2178 id
504 2147 636 2178 AEneid.
653 2147 683 2178 ii.
697 2148 770 2177 777.
784 2147 895 2183 reddit,

238 2200 302 2227 siue
316 2200 437 2227 numine
448 2198 547 2227 dictim
560 2210 568 2226 .·
583 2196 654 2227 vide
670 2196 712 2226 ibi
728 2196 895 2237 Heynium.

240 2246 340 2281 Mitis,
363 2246 416 2287 qui
440 2245 512 2276 sinit
535 2256 567 2276 se
591 2245 721 2276 exorari.
764 2245 898 2276 Restituz'

239 2295 391 2330 absolute,
421 2301 474 2325 aut
494 2294 601 2324 addito
621 2296 667 2335 τῷ
692 2296 745 2324 sihi
774 2294 805 2323 in
827 2294 896 2335 jure

241 2343 398 2378 dicuntur,
415 2343 468 2384 qui
484 2343 516 2373 in
531 2343 696 2384 pristinum
717 2348 830 2373 statum
849 2353 895 2373 re-

240 2391 421 2427 stituuntur,
437 2398 469 2422 et
484 2391 620 2422 hocloco
632 2392 745 2432 quibus
760 2390 898 2422 redditur

241 2439 371 2480 pristina
386 2446 507 2470 natura.
530 2440 710 2470 Lactantius
723 2440 753 2470 in
766 2440 896 2480 Argum.

245 2488 302 2517 Cui
322 2488 403 2518 Deus
418 2495 451 2518 ut
468 2490 676 2519 restitueretur
691 2490 841 2530 sibifecit.

289 2537 361 2567 135.
400 2537 487 2568 Fides
516 2538 669 2568 interdum
702 2537 786 2568 idem
816 2538 898 2579 quod

243 2585 445 2626 promissum:
482 2587 553 2617 vide
583 2587 719 2618 Gronov.
742 2587 781 2617 ad
805 2588 898 2618 Sene-

245 2645 324 2669 cam,
341 2634 382 2665 ἰν.
397 2635 435 2666 de
452 2635 562 2666 Benef.
578 2646 646 2678 cap.
661 2638 712 2667 35.
757 2637 817 2667 Sed
832 2637 899 2678 ple-

244 2693 372 2724 rumque
388 2683 512 2715 additur
528 2691 615 2723 pacta
638 2690 691 2716 aut
709 2688 791 2724 pacti
808 2686 898 2725 (narn

952 1033 1118 1067 utrumque
1143 1032 1226 1057 recte
1250 1025 1374 1061 dicitur,
1397 1030 1428 1056 et
1452 1023 1611 1064 utriusque

952 1075 1072 1116 generis
1098 1075 1241 1116 exempla
1267 1074 1421 1114 congessit
1446 1072 1612 1111 Heinsius)

953 1130 987 1155 ut
1003 1135 1066 1154 ver.
1082 1125 1151 1154 107.
1165 1125 1396 1164 pollicitafides.
1442 1123 1503 1152 Per
1519 1132 1613 1162 appo-

953 1173 1095 1204 sitionem
1111 1173 1246 1209 additur,
1263 1175 1334 1203 datu
1350 1183 1486 1202 nminem.
1519 1172 1613 1200 Solvit

955 1222 1074 1262 Regius
1088 1221 1235 1262 explicat,
1248 1221 1383 1255 resolvit,
1395 1220 1513 1250 irritam
1529 1218 1614 1249 fecit.

954 1271 1005 1301 Sic
1023 1276 1055 1301 et
1069 1271 1211 1306 Lenzius,
1231 1270 1284 1311 qui
1304 1275 1463 1311 comparat
1480 1276 1613 1308 pactum,

945 1321 1050 1362 ,tinius
1072 1321 1202 1355 solterffl
1240 1320 1439 1349 Burmannus
1462 1324 1614 1359 punctum

956 1369 1042 1410 ponit
1056 1374 1124 1409 post
1146 1369 1290 1402 restituit,
1314 1373 1346 1397 et
1361 1368 1448 1397 solvit
1468 1371 1569 1396 mutat
1583 1365 1615 1396 in

956 1419 1040 1451 solri,
1066 1423 1100 1447 ut
1125 1416 1244 1447 Bacchi
1270 1416 1336 1446 haec
1363 1415 1425 1445 sint
1446 1415 1550 1450 verba,
1575 1414 1615 1445 ad

957 1477 1026 1507 quae
1044 1466 1109 1507 jam
1130 1465 1274 1507 pertinet,
1299 1465 1381 1506 quod
1405 1464 1531 1495 demum
1554 1474 1617 1494 ver.

960 1516 1030 1545 137.
1047 1514 1197 1556 sequitur,
1214 1516 1269 1544 uit.

1003 1564 1076 1594 136.
1105 1563 1313 1598 Circumlitus,
1342 1561 1432 1604 cujus
1457 1561 1507 1592 vel
1536 1561 1617 1592 cutis

957 1612 1007 1643 vel
1023 1613 1116 1643 vestis
1132 1622 1206 1642 auro
1221 1612 1369 1642 obducta.
1399 1612 1516 1646 Amnis,
1537 1611 1616 1641 Pac-

960 1661 1052 1697 tolus,
1070 1661 1123 1702 qui
1145 1671 1160 1691 e
1181 1661 1289 1691 Tmolo
1312 1660 1482 1702 prorumpit
1501 1665 1532 1690 et
1551 1670 1616 1690 me-

958 1710 1026 1741 dios
1038 1710 1150 1741 Sardes
1162 1710 1302 1751 perfluit3
1327 1709 1476 1739 Herodot.
1494 1720 1523 1739 v.
1538 1709 1594 1738 101
1609 1720 1617 1747 ;

958 1760 1079 1795 Strabo,
1105 1759 1170 1789 xiii.
1199 1770 1229 1800 p.
1259 1760 1342 1796 6253
1387 1757 1472 1788 Plin.
1502 1769 1532 1788 ν.
1561 1759 1617 1788 29.

962 1809 1086 1850 Magnis
1101 1809 1255 1838 Sardibus.
1293 1808 1448 1838 Observat
1464 1807 1618 1836 Burman-

961 1867 1019 1887 nus
1048 1868 1170 1898 magnas
1198 1858 1283 1886 urbes
1318 1856 1466 1885 Nostrum
1502 1854 1618 1895 passim

960 1916 1070 1936 vocare
1091 1905 1293 1945 metropoles;
1316 1915 1345 1934 v.
1366 1914 1395 1934 c.
1417 1903 1545 1934 Heroid.
1566 1903 1619 1934 vii.

966 1955 1037 1985 165.
1053 1965 1176 1995 magnus
1193 1954 1356 1993 Bchmras5
1380 1953 1460 1983 infra
1470 1952 1533 1982 xiv.
1545 1954 1619 1983 457.

961 2015 1099 2045 magnam
1120 2004 1272 2033 Diomedis
1292 2004 1406 2032 urbem.
1453 2002 1553 2042 Supra
1569 1999 1621 2031 vii.

962 2054 1036 2083 553.
1048 2064 1155 2093 magna
1170 2053 1246 2087 urbs,
1258 2057 1352 2092 caput
1360 2050 1484 2091 AEginae
1498 2049 1619 2080 insulae.

963 2103 1003 2132 Et
1018 2101 1165 2132 credibile
1182 2107 1240 2136 est,
1258 2110 1370 2141 magno
1388 2099 1506 2130 ambitu
1525 2099 1619 2129 fuisse

963 2150 1083 2180 Sardes
1129 2149 1221 2180 Certe
1238 2148 1386 2179 Herodot.
1403 2148 1455 2189 qui
1472 2147 1619 2188 Cadytim

965 2199 1064 2230 πόλιν
1077 2197 1228 2240 μεγάλην
1238 2204 1338 2233 vocat,
1355 2196 1454 2232 addit,
1473 2194 1621 2237 Σαρδίων

964 2248 1002 2278 οὐ
1017 2249 1133 2288 πολλῷ
1148 2246 1322 2278 ἐλάσσονα.
1351 2247 1441 2281 sade,
1458 2256 1567 2286 nempe
1583 2256 1620 2275 ex

965 2298 1045 2338 agris
1061 2297 1180 2338 Lydiae,
1197 2298 1248 2328 ubi
1265 2307 1347 2327 nune
1362 2295 1504 2327 versaris.
1534 2295 1620 2326 Non-

964 2346 1037 2377 dum
1058 2347 1138 2376 enim
1162 2347 1193 2376 in
1213 2346 1382 2386 Phrygiam
1402 2344 1548 2380 redierat,
1567 2344 1622 2374 sed

963 2405 1028 2426 ver.
1047 2397 1116 2426 106.
1140 2406 1155 2425 e
1178 2395 1298 2426 Bacchi
1315 2400 1435 2425 tantum
1452 2399 1621 2435 conspectu

965 2445 1079 2475 abierat
1097 2445 1190 2474 latus.

1011 2494 1083 2522 140.
1111 2493 1177 2526 Qua
1189 2494 1338 2532 plurimus
1350 2493 1406 2522 eiii
1418 2491 1620 2532 indicat,jam

965 2542 1004 2571 ab
1020 2541 1136 2581 origine
1148 2541 1316 2571 maximum
1328 2550 1393 2570 esse
1409 2540 1548 2569 fluvium.
1571 2538 1623 2569 Sic

964 2589 1126 2630 Virgilius,
1150 2589 1277 2620 AEneid.
1303 2589 1325 2620 i.
1348 2589 1421 2619 419.
1444 2588 1483 2618 de
1509 2598 1622 2629 magno

965 2644 1082 2673 monte,
1099 2640 1149 2678 qui
1162 2639 1313 2677 plurimus
1323 2639 1391 2668 urbi
1407 2638 1549 2668 imminet.
1564 2638 1623 2667 Su·

964 2697 1028 2728 pra,
1039 2686 1102 2717 viii.
1111 2688 1450 2727 584.plurimusc1mnix,
1459 2685 1623 2716 maximus.
