1779 3130
208 182 291 224 158

597 178 648 218 P.
687 174 900 217 OVIDII
934 175 1215 217 NASONIS

208 297 327 351 Aut,
355 310 465 340 mea
489 293 530 339 si
555 298 746 338 vestras
772 290 1062 336 mulcebunt
1086 290 1307 337 carmina
1330 298 1541 345 mentes,

209 373 354 420 Desit
378 371 427 417 in
451 370 543 416 hac
570 368 689 414 mihi
715 374 855 431 parte
879 366 1026 424 fides;
1056 383 1148 414 nec
1171 366 1358 413 credite
1379 365 1565 413 factum
1579 383 1590 422 ;

207 450 317 504 Vel,
341 448 381 494 si
407 446 636 502 credetis,
663 444 781 492 facti
806 460 1008 507 quoque
1034 443 1222 490 credite
1247 459 1463 506 poenam.

212 526 265 572 Si
290 532 457 572 tamen
482 524 754 571 admissum
774 521 892 568 sinit
916 521 1010 567 hoc
1038 520 1233 568 Natura
1255 519 1427 575 videri,

209 602 457 649 Gentibus
484 600 722 654 Ismariis,
750 605 801 645 et
825 604 992 644 nostro
1017 597 1234 659 gratulor
1259 595 1392 652 orbi3

1501 598 1596 642 305

211 679 445 726 Gratulor
469 678 582 724 huic
608 685 768 731 terrae,
797 674 932 737 quod
957 674 1101 721 abest
1125 672 1409 734 regionibus
1435 672 1547 727 illis,

210 756 333 810 Quae
359 762 555 802 tantum
576 768 792 816 genuere
817 751 983 799 nefas:
1025 751 1088 796 sit
1111 750 1247 796 dives
1273 765 1496 804 amomo;

210 834 572 894 Cinnamaque,
599 838 895 892 costumque
921 844 1077 883 suam,
1105 827 1384 889 sudataque
1409 825 1543 888 ligno

207 909 341 956 Tura
365 909 504 965 ferat,
530 909 781 971 floresque
807 906 929 953 alios
956 905 1210 953 Panchaia
1233 904 1399 958 tellus,

208 1053 262 1084 sed
279 1053 336 1084 hoc
351 1053 418 1083 loco
434 1058 527 1082 castae
544 1052 655 1082 anirnae
669 1051 801 1082 filiarum
818 1056 865 1081 at-

208 1113 267 1144 que
281 1109 402 1144 patrum
421 1112 438 1131 a
453 1101 577 1132 sceleris
594 1100 736 1131 horrendi
753 1100 867 1131 auditi-

207 1163 276 1182 one.
307 1151 498 1180 Mulcebwzt.
522 1150 696 1181 Verborum
711 1149 868 1190 elegantia

207 1205 238 1231 et
255 1200 424 1231 affectuum
438 1198 606 1234 notatione,
624 1209 686 1239 qua
703 1198 814 1229 mirum
835 1199 867 1229 in

207 1249 334 1279 modum
363 1259 395 1279 se
422 1247 620 1278 commendat
651 1247 718 1278 haec
749 1247 866 1284 fabula,

207 1299 358 1330 tenebunt
372 1304 403 1329 et
416 1297 629 1328 delectabunt.

252 1349 325 1378 305.
340 1347 486 1382 Ismariis,
494 1346 677 1381 Thracibus,
690 1347 729 1376 ab
741 1346 866 1382 Ismaro,

207 1403 311 1428 monte
326 1395 482 1426 Thraciae.
528 1395 718 1431 Burmanno,
735 1395 787 1436 qui
809 1406 866 1437 pu-

206 1452 263 1483 tat,
280 1445 347 1475 haec
367 1455 405 1475 ex
428 1455 484 1475 sua
504 1454 636 1485 persona
654 1443 769 1475 dixisse
790 1445 867 1475 Ovi-

208 1496 306 1530 dium,
336 1494 448 1524 mirum
478 1492 609 1528 videtur,
638 1493 682 1523 ita
715 1493 866 1533 grutulari

206 1551 332 1587 poetam
354 1542 506 1578 Thraciae,
531 1541 584 1572 ubi
611 1541 702 1571 modo
726 1553 789 1572 ver.
815 1543 867 1572 83.

207 1593 354 1635 Orpheus
368 1591 527 1627 docuerat,
544 1601 680 1621 amorem
694 1590 726 1620 in
745 1596 868 1621 teneros

209 1641 372 1673 transferre
407 1650 518 1675 mares,
556 1639 646 1680 quasi
681 1639 868 1681 paederastia

207 1691 309 1721 minus
324 1689 426 1720 scelus
440 1689 559 1718 incesto
571 1695 663 1718 esset.
708 1688 779 1718 Fuit
793 1699 867 1719 sane

206 1740 308 1770 minus
329 1738 429 1768 scelus
452 1748 489 1767 ex
511 1736 654 1778 opinione
678 1737 868 1778 paederasta-

205 1799 284 1824 rum,
299 1793 330 1818 et
344 1785 469 1817 omnino
485 1786 685 1823 Graecor·uni;
709 1797 765 1816 sua
784 1787 866 1817 enim

207 1837 320 1878 cuique
337 1835 456 1876 flagitia
471 1834 558 1876 parvi
574 1835 722 1865 momenti
737 1845 803 1865 esse
819 1835 864 1865 vi-

205 1887 330 1917 dentur.
378 1884 487 1914 Nostro
502 1885 575 1919 orbi,
587 1884 666 1924 parti
677 1884 758 1914 orbis
770 1890 866 1915 terra-

206 1946 286 1971 rum,
301 1944 395 1975 quam
411 1943 466 1963 nos
480 1933 654 1963 incolimus.

206 1993 289 2015 nunc
318 1982 442 2013 felicem
471 1981 650 2023 praedicare,
676 1989 710 2012 ut
733 1982 776 2012 iii.
795 1983 865 2013 Art.

702 1934 865 1964 Gratulari

205 2033 279 2062 Am.
302 2032 373 2061 121.
421 2030 552 2061 Tantum
574 2030 669 2071 nefas,
693 2037 757 2061 tam
780 2031 866 2062 nefa-

204 2082 282 2112 riam
297 2079 469 2110 mulierem.
508 2079 559 2109 Ab
574 2078 678 2121 impiis
689 2079 866 2110 hominibus

206 2140 301 2172 quam
316 2127 511 2158 remotissimi
527 2138 592 2158 esse
609 2128 764 2169 cupimus.

250 2179 324 2209 308.
350 2177 556 2216 Cinnumuque
570 2183 738 2217 costumque
753 2176 864 2217 suumn]

206 2229 257 2258 De
272 2233 347 2258 costo
363 2225 433 2256 vide
449 2226 539 2256 infra.
585 2226 630 2255 Sit
646 2228 726 2256 dives
740 2237 862 2261 amomo,

205 2284 268 2308 etc.
315 2274 454 2305 Valeant
477 2285 550 2315 opes
570 2274 708 2310 Arabiae,
729 2285 781 2305 eas
805 2286 864 2306 non

205 2335 350 2356 curamus
366 2333 423 2354 nec
435 2323 621 2359 invidemus,
637 2334 733 2365 quum
749 2324 803 2354 illa
817 2335 863 2355 re-

204 2375 255 2416 gio
276 2374 415 2404 arborem
434 2373 511 2403 ferat
528 2383 545 2403 e
565 2378 629 2403 tam
648 2373 782 2403 scelesta
796 2384 863 2404 mu-

203 2424 278 2454 liere
293 2429 402 2453 ortam.
449 2422 608 2458 Panchaea,
624 2422 751 2452 Arabiae
767 2422 863 2463 regio.

205 2471 335 2504 Vossius
358 2471 397 2502 ad
413 2471 525 2512 virgil.
541 2471 655 2512 Georg.
676 2471 710 2502 ii.
731 2472 802 2502 139.
818 2472 863 2502 in-

204 2522 303 2553 sulam
334 2527 424 2562 putat
452 2531 518 2551 esse
548 2531 668 2550 sacram
697 2521 864 2552 Euhemeri

205 2577 317 2613 poetae,
341 2580 473 2610 eamque
501 2569 688 2604 fabulosam,
714 2569 746 2600 in
775 2576 863 2611 parte

205 2620 329 2651 Arabiae
354 2618 507 2653 orientali,
527 2629 597 2659 quae
621 2619 720 2649 omnis
741 2619 863 2659 generis

206 2676 344 2700 aromata
357 2667 476 2697 mittere
493 2667 614 2698 credita
628 2667 677 2698 sit.
723 2668 773 2699 Cf.
786 2668 865 2698 infra

205 2719 244 2750 ad
258 2727 381 2749 versum
394 2717 466 2747 476.
498 2716 589 2747 Dives
603 2717 755 2747 Panchaia
770 2717 864 2748 etiam

935 1049 1088 1085 TibulluS,
1102 1049 1164 1080 ΙΙΙ.
1182 1049 1213 1080 ii.
1223 1049 1264 1079 ‘23
1278 1060 1285 1086 ;
1311 1049 1401 1078 Dires
1417 1049 1521 1083 Arabs,
1537 1047 1596 1078 IV.

936 1099 967 1129 ii.
981 1100 1037 1137 183
1063 1099 1212 1140 T111·{f'e37·is
1224 1098 1381 1129 Panchaia
1395 1099 1516 1139 pinguis
1530 1108 1596 1127 are-

936 1150 993 1183 nis,
1019 1148 1102 1190 apud
1128 1146 1309 1187 Virgilium,
1335 1148 1450 1187 Georg.
1473 1145 1505 1176 ii.
1525 1147 1596 1177 139.

934 1197 976 1226 Et
1000 1196 1062 1227 illae
1088 1196 1229 1227 Arabum
1257 1195 1374 1226 divitiae
1399 1194 1456 1236 (de
1481 1195 1596 1236 quibus

935 1246 1016 1276 conf.
1028 1245 1235 1280 Claudianus,
1248 1246 1349 1286 Nupt.
1359 1245 1442 1275 Hon.
1453 1245 1495 1275 92
1507 1244 1594 1285 sqq.)

934 1295 966 1325 in
981 1294 1178 1336 proverbium
1190 1293 1343 1324 abierunt.
1375 1293 1452 1324 Tam
1468 1293 1499 1323 in
1513 1292 1595 1323 Ara-

932 1343 995 1378 bia,
1011 1353 1106 1384 quam
1128 1343 1160 1373 in
1175 1342 1326 1373 Armenia
1346 1349 1378 1373 et
1393 1341 1504 1372 Media
1524 1352 1594 1372 nas-

933 1393 1062 1423 cebatur
1090 1404 1246 1428 amomum,
1271 1391 1389 1422 fruticis
1418 1391 1536 1421 odorati
1565 1397 1595 1421 et

934 1451 1011 1472 uvas
1026 1441 1152 1472 ferentis
1171 1452 1269 1481 genus
1284 1452 1290 1477 ;
1317 1440 1448 1475 Plinius,
1463 1439 1518 1470 xii.
1536 1441 1592 1470 13:

933 1489 989 1520 sed
1009 1490 1122 1520 deinde
1146 1490 1184 1520 de
1208 1490 1292 1520 omni
1315 1495 1451 1519 aromate
1473 1488 1594 1520 sincero

935 1537 1054 1569 (lictum
1077 1539 1169 1569 docet
1192 1537 1363 1568 Salmasius
1386 1537 1426 1568 ad
1449 1537 1545 1569 Solin.
1561 1549 1594 1580 p.

932 1589 1006 1618 284.
1055 1588 1234 1618 Cinnamum
1268 1598 1328 1618 non
1361 1588 1433 1618 tulit
1460 1587 1592 1624 Arabia,

932 1637 987 1667 sed
1016 1637 1189 1668 secundum
1212 1636 1362 1673 Plinium,
1391 1636 1444 1667 xii.
1476 1638 1524 1667 19.
1555 1638 1594 1668 ab

933 1686 1137 1728 ,Ethiopibus
1157 1687 1252 1727 (forte
1276 1697 1293 1717 a
1315 1686 1514 1726 Sinensibus)
1536 1686 1594 1716 im-

932 1743 1087 1777 portatum
1118 1742 1177 1767 est.
1226 1736 1306 1766 Casti
1336 1736 1426 1766 radix
1459 1742 1490 1766 et
1520 1735 1594 1767 folia

931 1785 1044 1816 eximio
1067 1786 1170 1820 odore,
1195 1785 1266 1816 hinc
1290 1785 1378 1815 Indis
1400 1785 1432 1815 in
1454 1785 1593 1816 maximo

932 1834 1044 1875 pretio.
1091 1834 1222 1869 Plinius,
1245 1834 1366 1865 xii.12.
1414 1834 1497 1864 Tura
1521 1835 1594 1865 solis

932 1883 1063 1919 Sabaeis,
1080 1883 1207 1914 Arabiae
1228 1883 1353 1925 populo,
1370 1893 1526 1920 concessa,
1543 1894 1593 1914 su-

933 1933 1041 1963 dantia
1064 1944 1101 1964 ex
1124 1933 1284 1964 arboribus
1302 1932 1421 1963 incisis.
1459 1932 1593 1969 Plinius,

934 1981 987 2011 xii.
1001 1983 1060 2020 143
1075 1982 1188 2022 Virgil.
1200 1982 1315 2022 Georg.
1329 1981 1361 2011 ii.
1376 1982 1446 2011 117.
1480 1982 1593 2018 Flores,

933 2030 1066 2072 plantas,
1083 2030 1221 2061 frutices.
1249 2030 1310 2060 Sed
1324 2029 1428 2060 omnia
1442 2030 1497 2060 illa
1511 2031 1595 2062 bona

932 2086 1058 2121 superat
1093 2079 1171 2110 illud
1207 2078 1305 2109 nefas.
1363 2079 1436 2109 Non
1472 2084 1596 2120 poterat

933 2130 1034 2159 acrius
1054 2128 1187 2159 aversari
1207 2128 1346 2169 Myrrhae
1366 2128 1510 2158 furorem.
1555 2129 1593 2159 In

933 2178 1050 2209 Arabia
1074 2178 1168 2219 igitur
1189 2184 1310 2208 mutata
1335 2185 1381 2207 est
1405 2178 1546 2218 Myrrha,
1562 2185 1594 2209 et

934 2226 1004 2257 hine
1035 2227 1131 2258 etiam
1160 2226 1240 2267 fugit
1267 2237 1331 2257 ver.
1362 2227 1434 2257 478.
1480 2226 1593 2268 Itaque

933 2286 990 2306 nec
1016 2277 1225 2317 Assyriorum,
1249 2286 1305 2306 nec
1331 2276 1515 2317 Cypriorum
1539 2287 1591 2307 rex

933 2336 999 2356 esse
1022 2327 1123 2367 potuit
1141 2326 1284 2366 Cinyras.
1330 2325 1506 2356 Glareanus
1529 2337 1594 2356 sus-

932 2374 1065 2416 picatur,
1084 2374 1233 2416 Cinyram
1254 2374 1364 2415 Papho
1387 2374 1473 2404 fratri
1497 2375 1592 2416 Cypri

933 2424 1060 2465 imperio
1073 2424 1200 2455 cessisse
1213 2425 1244 2454 in
1256 2425 1417 2459 Arabiam,
1427 2424 1592 2464 ubiMyrr-

933 2473 1005 2503 ham
1022 2473 1173 2514 genuerit.
1218 2473 1278 2503 Sed
1294 2483 1391 2514 quum
1407 2473 1593 2509 nesciamus,

933 2533 1009 2564 quos
1025 2529 1166 2553 auctores
1182 2522 1315 2553 Ovidius
1331 2528 1456 2553 secutus
1476 2521 1528 2557 sit,
1545 2522 1592 2552 ni-

931 2571 974 2601 hil
999 2571 1048 2601 hic
1069 2578 1153 2601 certo
1176 2570 1240 2601 dici
1259 2577 1372 2612 potest.
1418 2571 1457 2600 In
1471 2570 1591 2601 Libano

932 2626 1035 2651 monte
1050 2631 1119 2650 eam
1135 2628 1241 2650 natam
1256 2630 1332 2655 esse,
1344 2627 1451 2651 auctor
1465 2627 1511 2652 est
1524 2620 1590 2651 An-

931 2669 1054 2701 toninus
1071 2669 1235 2700 Liberalis.
