1779 3130
387 169 1003 212 METAMORPHOSEON
1037 170 1156 211 LIB.
1181 171 1244 211 X.
1422 173 1503 214 181

127 285 292 339 Quid?
330 285 464 347 quod
489 285 653 331 adhuc
675 299 797 347 puer
823 284 931 330 est?
970 300 1067 331 non
1092 300 1170 331 me
1194 293 1361 332 movet
1385 286 1509 349 ipse,

324 361 413 408 sed
438 368 574 407 aetas.

127 436 294 491 Quid?
320 436 453 498 quod
473 437 603 482 inest
623 435 792 490 virtus,
811 443 860 482 et
881 452 1021 482 mens
1041 436 1263 483 interrita
1283 437 1397 484 leti?
1417 441 1511 484 616

127 512 295 566 Quid?
333 512 468 575 quod
494 512 555 558 ab
582 527 813 573 aequorea
841 519 1126 558 numeratur
1151 512 1338 572 origine
1366 529 1511 575 quar-

324 595 404 634 tus
421 589 439 634 ἲ

129 663 296 717 Quid?
323 665 457 727 quod
479 672 628 718 amat,
653 664 881 726 tantique
903 671 1046 727 putat
1064 666 1311 711 connubia
1331 674 1513 720 nostra,

130 739 201 787 Ut
225 747 412 803 pereat,
436 741 476 786 si
503 757 580 787 me
605 740 702 787 fors
729 740 798 786 illi
817 741 942 787 dura
966 741 1194 801 negarit?
1332 743 1511 802 [entos

130 816 264 863 Dum
288 817 422 871 licet,
444 818 642 880 hospes,
668 817 764 871 abi,
786 817 1133 879 thalamosque
1159 817 1382 879 relinque
1406 834 1514 864 cru—

131 893 433 955 Conjugium
459 895 656 941 crudele
683 910 848 940 meum
875 901 979 940 est:
1019 893 1108 939 tibi
1134 894 1318 940 nubere
1344 894 1481 940 nulla

132 969 299 1024 Nolet,
327 978 378 1017 et
402 970 560 1032 optari
587 977 727 1032 potes
755 985 783 1015 a
808 971 1030 1033 sapiente
1056 970 1238 1032 puella.
1421 973 1516 1016 622

133 1045 236 1091 Cur
250 1052 416 1092 tamen
433 1053 508 1092 est
523 1045 641 1091 mihi
657 1061 776 1092 cura
790 1046 876 1101 tui,
890 1046 1075 1107 totjam
1092 1053 1205 1092 ante
1222 1046 1517 1108 peremptis?

132 1121 350 1168 Viderit:
391 1123 616 1175 intereat,
645 1122 877 1183 quoniam
904 1128 978 1167 tot
1001 1122 1138 1168 caede
1164 1137 1423 1184 procorum

130 1196 430 1244 Admonitus
455 1214 553 1243 non
580 1205 670 1252 est,
699 1199 963 1260 agiturque
988 1198 1038 1243 in
1062 1198 1210 1244 taedia
1232 1198 1360 1245 vitae.
1423 1201 1518 1245 625

135 1273 347 1320 Occidet
372 1274 449 1320 hic
475 1274 638 1335 igitur,
666 1273 821 1320 voluit
845 1273 964 1336 quia
986 1274 1148 1321 vivere
1172 1275 1401 1321 mecum?

134 1349 498 1412 Indignamque
523 1365 698 1396 necem
724 1351 937 1412 pretium
962 1351 1181 1413 patietur
1206 1351 1419 1398 amoris?

136 1426 250 1473 Non
275 1427 367 1474 erit
390 1426 586 1473 invidiae
612 1427 816 1474 victoria
839 1433 1006 1474 nostra
1029 1427 1244 1474 ferendae
1264 1445 1273 1474 z

138 1502 239 1550 Sed
264 1519 362 1549 non
387 1504 533 1566 culpa
557 1519 668 1550 mea
692 1510 794 1550 est:
835 1503 1025 1550 utinam
1050 1503 1292 1551 desistere
1314 1505 1492 1552 velles!

137 1579 254 1636 Aut,
282 1580 515 1642 quoniam
542 1596 594 1627 es
620 1580 843 1635 demens,
870 1581 1060 1627 utinam
1085 1580 1297 1627 velocior
1321 1581 1480 1628 esses!

182 1718 255 1748 617.
287 1718 436 1758 AEquorea
460 1729 542 1759 origo
568 1718 702 1748 breviter
731 1718 795 1749 dic-

137 1772 214 1802 tum,
235 1766 322 1796 Deus
344 1777 517 1807 aequoreuS,
542 1767 624 1797 unde
646 1767 796 1807 originem

138 1815 226 1846 ducit
237 1827 245 1852 ;
269 1814 326 1845 nisi
341 1815 431 1846 malis
447 1817 591 1857 originem
610 1815 649 1846 de
671 1821 796 1846 auctore

138 1863 262 1905 generis
285 1863 444 1905 accipere:
470 1865 515 1895 ix.
531 1865 606 1895 264.
621 1867 657 1894 ab
680 1867 796 1906 origine

139 1914 264 1942 ductum
286 1914 410 1949 matris5
435 1912 597 1953 Virgilius,
622 1913 738 1954 Georg.
753 1912 796 1944 iii.

143 1962 213 1992 122.
231 1961 367 2001 Neptuni
381 1964 444 2001 ipsa
453 1964 581 1992 deducat
596 1963 712 2003 origine
725 1973 796 2002 gen-

142 2018 210 2041 tem.
247 2011 321 2041 Fors
335 2012 425 2041 dura.
462 2010 566 2051 Vulgo
579 2021 657 2041 sors.-
680 2016 799 2052 septem

139 2062 219 2096 dira,
241 2060 324 2101 quod
351 2070 411 2090 non
436 2059 583 2101 displicet
607 2061 799 2095 Burmanno,

142 2109 216 2150 quia
238 2114 269 2139 et
293 2119 356 2139 ver.
373 2109 447 2139 634.
470 2111 643 2148 importuna
656 2110 744 2150 fata,
768 2108 799 2139 id

143 2164 200 2194 est,
212 2167 308 2193 saeva,
323 2157 402 2188 dira.

186 2207 260 2236 620.
286 2205 422 2235 Thalami
436 2208 566 2242 cruenti,
583 2212 614 2237 et
626 2208 801 2247 conjugium

144 2256 276 2290 crudele,
301 2255 491 2296 conjugium,
519 2255 601 2296 quod
632 2266 704 2286 cum
729 2254 800 2285 vitae

144 2303 284 2346 periculo
306 2304 433 2344 petitur,
457 2309 488 2334 et
510 2304 599 2345 cujus
623 2314 718 2336 causa
735 2303 801 2344 jam

143 2353 234 2384 multi
251 2352 419 2395 perierunt.
465 2353 624 2394 Relinque,
640 2363 700 2384 non
719 2358 801 2394 pete.

145 2402 284 2442 Sapiente
303 2402 416 2441 puella.
461 2401 560 2433 Dotes
582 2408 663 2437 tuas,
679 2400 725 2432 uti
747 2411 801 2443 par

144 2456 203 2486 est,
219 2450 404 2486 aestimante,
420 2455 451 2480 et
465 2450 516 2480 cui
531 2450 646 2492 nuptiae
662 2450 757 2481 cordi.

188 2501 264 2531 625.
299 2499 504 2540 Admonitus-J
543 2499 733 2531 Basileeusis
756 2506 801 2529 at-

148 2550 277 2579 tonitus:
301 2550 472 2578 admonitus
488 2560 547 2578 non
561 2555 613 2584 est,
629 2548 750 2579 scilicet
769 2554 803 2578 ut

147 2597 206 2627 sibi
221 2597 405 2629 consuleret.
433 2597 560 2628 Plenius
574 2597 594 2628 J
597 2597 729 2633 ustinus,
745 2597 804 2627 IV.

148 2657 180 2675 v.
199 2647 249 2676 ll.
273 2646 379 2677 Nicias
403 2657 440 2676 ne
466 2646 666 2676 Demosthenis
689 2648 804 2686 quidem

150 2696 288 2734 eremplo,
302 2701 337 2725 ut
358 2697 412 2725 sibi
436 2696 612 2731 consuleret,
627 2697 805 2725 admonitus.

864 1720 934 1759 Agi,
948 1711 994 1748 *ut
1016 1719 1092 1749 alibi
1104 1719 1191 1760 ferri
1214 1718 1359 1749 dicuntur
1383 1718 1437 1759 qui
1458 1728 1520 1759 prae

864 1767 960 1798 nimia
974 1767 1148 1808 cupiditate
1163 1767 1315 1802 nesciunt,
1329 1766 1405 1808 quid
1417 1772 1522 1808 agant,

864 1823 917 1847 aut
933 1816 986 1857 qui
1002 1817 1065 1847 alia
1081 1827 1268 1858 quacunque
1285 1816 1314 1847 vi
1327 1816 1522 1857 compellun-

865 1871 912 1895 tur
936 1864 976 1895 ad
999 1864 1137 1906 aliquid3
1161 1865 1325 1900 Phaedrus,
1348 1865 1406 1895 IV.
1423 1864 1476 1894 xii.
1492 1866 1523 1895 3.

864 1916 902 1944 ad
915 1915 1075 1953 perniciem
1090 1915 1161 1944 solet
1176 1916 1227 1955 agi
1242 1916 1414 1950 sinceritas;
1437 1919 1468 1944 et
1482 1915 1524 1945 V.

865 1974 894 1993 v,
910 1963 940 1993 3.
963 1964 1003 1992 ad
1022 1965 1227 2002 poenitendum
1248 1964 1334 1992 rebus
1356 1963 1522 2004 manifestis

866 2013 931 2053 agi.
1490 2014 1495 2015 ⁷

912 2061 985 2091 627.
1003 2060 1076 2091 Pati
1089 2071 1189 2090 necem
1203 2065 1250 2091 est
1265 2060 1360 2091 etiam
1375 2060 1407 2091 in
1423 2060 1524 2097 Ibide,

865 2111 925 2141 521
940 2121 949 2146 ;
967 2115 999 2140 et
1012 2112 1128 2148 patiens
1143 2111 1254 2145 mortis,
1268 2109 1417 2145 mortalis,
1433 2119 1525 2150 supra

866 2158 899 2188 ii.
915 2159 996 2189 653:
1020 2159 1155 2196 patimur
1170 2158 1274 2188 omnia
1287 2168 1334 2195 ea,
1351 2169 1420 2199 quae
1438 2159 1526 2188 nobis

867 2207 1051 2243 inferuntur,
1070 2207 1212 2243 vulnera,
1233 2212 1375 2243 mortem,
1390 2207 1526 2238 vincula.

867 2257 940 2287 Non
963 2255 1058 2297 igitur
1082 2262 1160 2292 erat,
1185 2267 1240 2287 cur
1264 2257 1464 2287 Burmannus
1487 2266 1525 2287 ex

868 2305 1031 2345 Laugerm.
1076 2305 1241 2346 Excerptis
1255 2305 1374 2340 mallet,
1384 2307 1526 2344 potietur,

868 2353 951 2395 quod
966 2352 1078 2384 melius
1094 2353 1140 2394 τῷ
1153 2355 1285 2392 pretium
1301 2353 1477 2389 conveniat,
1494 2360 1526 2384 et

869 2402 953 2444 quod
975 2401 1072 2433 soleat
1095 2402 1207 2433 Noster
1228 2402 1309 2432 hane
1324 2412 1433 2432 vocem
1455 2412 1525 2433 cum

869 2456 980 2492 quarto
1008 2461 1084 2482 casu
1113 2457 1301 2481 construere.
1350 2450 1524 2492 Indignam,

868 2500 1028 2541 injustam,
1043 2505 1079 2530 ut
1100 2510 1196 2541 saepe.
1243 2500 1376 2536 Invidia,
1396 2500 1523 2531 odium:

871 2560 928 2578 non
951 2549 1184 2589 erit—serendo:
1206 2559 1261 2590 pro
1277 2549 1394 2591 vulgat.
1409 2549 1525 2581 invidia

871 2597 1006 2628 victoriae
1025 2604 1134 2628 nostrae
1153 2609 1213 2629 non
1229 2598 1287 2629 erit
1302 2599 1448 2637 ferenda3
1468 2599 1526 2629 eti-

873 2656 921 2676 am
937 2647 1044 2677 Amor.
1056 2645 1101 2677 iii.
1116 2647 1146 2678 6.
1165 2647 1233 2677 Non
1245 2650 1303 2678 eris
1317 2649 1448 2684 invidiae,
1466 2655 1525 2678 tor-

873 2695 1105 2734 7·ens,fhrendoe.
