1779 3130
197 182 283 224 274

584 178 633 218 P.
668 175 881 217 OVIDII
914 174 1194 217 NASONIS

203 294 376 356 Exigit
401 291 678 346 Atracides,
706 290 993 352 Peneiaque
1020 305 1135 336 arva
1158 294 1391 352 pererrat.

271 372 499 417 Duxerat
520 367 874 432 Hippodamen
900 366 1077 413 audaci
1104 365 1279 412 Ixione
1303 372 1469 420 natus,
1491 367 1588 410 210

205 448 601 508 Nubigenasque
626 444 772 499 feros,
799 443 974 507 positis
1001 460 1064 490 ex
1089 442 1259 489 ordine
1286 440 1488 496 mensis,

204 524 476 570 Arboribus
501 528 634 569 tecto
660 520 974 567 discumbere
995 520 1214 582 jusserat
1239 525 1394 565 antro.

204 599 452 647 Haemonii
478 614 708 662 proceres
734 598 968 651 aderant3
1011 597 1270 643 aderamus
1296 602 1346 641 et
1371 594 1493 657 ipsi;

203 724 291 751 rum;
308 713 464 754 Hyginus,
480 712 543 742 fab.
561 711 625 741 xiv.
642 722 675 753 p.
691 712 744 741 34.
770 712 863 740 Atra-

207 765 294 794 cides.
318 763 400 793 Vide
417 762 455 792 ad
472 772 534 792 ver.
556 762 627 791 189.
660 762 756 791 Atrax
771 760 866 790 Thes-

206 813 291 843 saliae
316 813 400 847 urbs,
418 812 514 841 Peneo
539 810 657 849 vicina3
684 810 806 846 Strabo,
822 809 866 839 ix.

207 873 239 903 p.
255 862 330 891 440.

249 910 324 940 210.
350 908 448 943 Ision,
473 919 526 939 rex
551 906 734 942 Thessaliae,
758 907 868 942 undar,

210 958 285 999 quia
307 967 378 988 cum
398 957 520 987 Junone
541 956 745 987 concumbere
761 954 870 985 voluit.

210 1008 257 1036 Ex
280 1007 362 1037 nube
385 1005 413 1036 ei
431 1006 554 1047 objecta
568 1005 700 1036 Junonis
718 1005 786 1034 loco
806 1003 869 1034 nati

208 1061 280 1085 sunt
306 1055 468 1088 Centauri,
494 1055 659 1095 Nubigenae
684 1053 756 1082 inde
781 1052 869 1082 dicti.

210 1103 270 1133 Sed
292 1103 462 1143 antiquitas
481 1103 566 1143 genti
581 1101 741 1142 huicferoe
761 1111 872 1130 nomen

208 1151 288 1182 illud
307 1151 449 1182 tribuisse
466 1151 586 1181 videtur
608 1156 781 1192 propterea,
798 1149 872 1190 quia

211 1199 552 1231 altissimos'shessaliae
567 1205 687 1229 montes
699 1198 872 1228 habitabat.

211 1249 323 1279 Forma
348 1254 463 1284 autem,
490 1259 559 1290 quae
585 1248 628 1278 eis
654 1247 809 1283 tribuitur,
835 1258 872 1277 ex

213 1297 342 1338 antiquo
353 1297 488 1338 quodam
500 1297 642 1338 symbolo
652 1295 776 1326 fluxisse
788 1295 873 1326 vide-

212 1352 262 1377 tui·
274 1346 399 1388 Heynio
410 1346 577 1386 inAntiqu.
593 1347 784 1386 Anfsafftzen.
800 1346 840 1376 P.
852 1345 872 1375 i.

212 1408 243 1438 p.
260 1397 314 1426 33.
356 1395 418 1425 Alii
434 1405 501 1425 eam
518 1400 679 1436 repetunte
697 1393 874 1429 traditione,

213 1456 283 1487 quae
313 1444 474 1486 equitandi
504 1450 601 1474 artem
632 1443 671 1473 ad
702 1442 874 1473 Centauros

213 1495 386 1531 referebat3
414 1493 484 1523 vide
511 1493 656 1523 Vossium
686 1492 717 1522 in
746 1492 876 1532 Mythol.

215 1543 352 1585 Briqfen,
369 1542 400 1572 ii.
416 1554 449 1584 p.
467 1542 541 1573 269.
587 1541 681 1583 Apud
706 1541 875 1572 Homerum

214 1591 269 1623 seri
284 1598 314 1622 et
328 1590 467 1621 montani
485 1589 625 1620 homines
647 1595 728 1619 sunt.
776 1589 875 1620 Bifor-

215 1651 282 1671 mes
297 1641 429 1682 primum
444 1639 639 1680 reperiuntur
655 1638 738 1680 apud
757 1639 874 1669 Pinda-

215 1701 283 1721 rum
302 1689 397 1731 Pyth.
414 1689 448 1719 ii.
466 1690 517 1719 85.
564 1688 668 1730 Atque
685 1688 728 1718 ita
749 1699 800 1718 eos
815 1689 875 1730 pri-

216 1750 285 1769 mus
321 1738 423 1780 pinxit
460 1737 584 1768 Zeuxis.
643 1738 770 1778 Pugnas
806 1748 878 1768 vero

218 1789 344 1819 amabat
359 1787 414 1817 illa
430 1798 516 1827 gens,
533 1786 647 1827 quibus
669 1786 878 1826 exprimendis

218 1836 276 1867 sibi
300 1836 468 1878 placebant
492 1835 626 1865 artifices
641 1842 771 1866 veteres·
817 1835 877 1866 Sed

218 1886 369 1928 imprimis
400 1885 610 1916 memorabilis
638 1895 743 1925 pugna
773 1896 877 1916 eorum

219 1945 290 1966 cum
308 1934 462 1976 Lapithis,
481 1933 540 1964 alio
560 1933 729 1964 Thessaliae
752 1935 878 1975 populo,

220 1982 388 2015 Centauris
403 1982 517 2017 vicino,
532 1982 622 2023 cujus
638 1981 753 2012 mentio
769 1982 878 2023 fitjam

221 2033 260 2062 ab
287 2032 434 2067 Homero,
459 2031 523 2062 Od.
550 2034 588 2061 Φ.
603 2032 685 2069 295;
709 2032 878 2062 secundum

220 2091 312 2122 quem
324 2081 476 2121 Eurytion
489 2080 667 2111 Centaurus
681 2080 719 2110 ad
734 2081 880 2121 Lapithas

220 2129 377 2171 profectus
391 2129 421 2159 in
434 2129 554 2159 aedibus
565 2128 706 2163 Pirithoi,
715 2135 879 2170 postquam

221 2178 343 2209 animus
361 2177 430 2208 vino
445 2177 628 2212 incaluerat,
646 2177 726 2208 male
743 2188 775 2208 se
791 2179 880 2218 gerit,

220 2237 353 2269 eamque
371 2228 409 2258 ob
426 2237 551 2258 causam
567 2237 628 2257 non
644 2226 735 2256 modo
756 2238 772 2257 e
791 2227 881 2258 domo

221 2276 356 2318 ejicitur,
372 2275 427 2306 sed
446 2275 573 2306 auribus
597 2285 721 2316 quoque
742 2285 882 2316 nasoque

221 2325 372 2367 privatur,
388 2325 472 2355 unde
494 2335 608 2365 magna
626 2325 783 2354 contentio
803 2324 883 2355 inter

223 2373 396 2405 Centauros
423 2379 454 2404 et
482 2373 642 2414 Lapithas.
688 2372 802 2403 Caeteri
828 2373 882 2404 ad-

222 2422 302 2454 dunt
325 2423 358 2453 in
382 2422 498 2464 nuptiis
521 2421 650 2452 Pirithoi
674 2421 732 2451 hoe
756 2421 883 2458 factum,

222 2471 276 2502 ubi
290 2471 438 2502 Centauri
454 2479 485 2502 et
499 2481 643 2512 sponsam
657 2476 689 2500 et
705 2470 782 2501 alias
796 2471 883 2501 femi-

223 2530 278 2550 nas
292 2520 464 2561 rapuerint.
480 2519 574 2550 Conf.
584 2519 783 2555 Plutarchus,
792 2519 885 2550 Thes.

226 2578 297 2609 cap.
315 2570 374 2607 30;
398 2568 554 2610 Hyginus,
578 2568 677 2599 fabul.
692 2569 755 2605 33;
778 2568 884 2599 Schol.

227 2618 366 2653 Homeri,
390 2617 474 2648 dicto
502 2617 590 2654 loco;
622 2617 764 2647 Valerius
790 2617 836 2648 Fl.
859 2617 882 2647 i.

230 2665 289 2695 142
306 2676 384 2707 sqq;
407 2666 531 2698 Servius
553 2666 591 2696 ad
611 2665 788 2706 Virgilium,
805 2667 882 2696 [En.

225 2713 280 2744 vii.
298 2715 381 2752 3043
397 2715 520 2745 Luctat.
536 2715 576 2744 ad
592 2714 727 2744 Statium
742 2715 841 2745 Theb.
853 2714 884 2745 ii.

933 711 1007 741 563.
1053 711 1207 751 Expressa
1222 720 1269 739 res
1284 714 1350 739 erat
1365 708 1395 738 in
1410 713 1497 738 scuto
1513 707 1593 738 Her-

934 760 1013 790 culis
1034 759 1120 799 (vide
1143 758 1328 792 Hesiodum,
1347 767 1409 787 ver.
1428 757 1487 786 178
1507 755 1595 797 sqq.)

935 816 966 839 et
989 809 1020 838 in
1043 807 1184 838 lacunari
1208 807 1314 848 templi
1335 805 1422 837 Jovis
1445 804 1598 846 Olympii.

936 859 974 887 In
1000 857 1103 887 medio
1129 862 1195 886 erat
1221 855 1388 890 Pirithous,
1408 855 1500 895 juxta
1524 864 1595 884 eum

937 906 1087 947 Eurytion
1118 905 1248 935 Pirithoi
1281 914 1424 946 sponsam
1458 902 1592 944 rapiens,

937 965 1031 996 quam
1054 953 1242 985 defendebat
1265 952 1415 989 Caeneus3
1439 951 1537 981 altera
1559 961 1598 980 ex

937 1011 1025 1045 parte
1049 1004 1192 1034 Theseus
1217 1002 1317 1033 securi
1343 1001 1516 1032 Centauros
1541 1001 1596 1030 ob-

938 1060 1095 1084 truncans.
1152 1053 1377 1083 Centaurorum
1405 1050 1458 1080 alii
1487 1059 1598 1091 pueros

938 1102 1112 1144 rapiebant,
1133 1101 1186 1131 alii
1209 1100 1362 1140 virgines3
1386 1098 1456 1129 vide
1480 1099 1598 1128 Pausa-

939 1152 1023 1181 niam
1047 1150 1146 1181 Eliac.
1160 1151 1250 1192 prior.
1265 1160 1337 1190 pag.
1353 1149 1427 1178 400.
1473 1149 1597 1178 Memo-

940 1206 1045 1231 rantur
1061 1211 1077 1230 a
1094 1199 1250 1230 veteribus
1264 1204 1295 1228 et
1311 1197 1362 1228 alii
1378 1197 1470 1238 hujus
1485 1206 1597 1238 pugnae

942 1257 1091 1285 auctores,
1107 1250 1146 1280 ab
1172 1249 1298 1279 iEliano
1322 1247 1398 1277 Var.
1418 1246 1501 1276 Hist.
1516 1245 1549 1276 ii.
1565 1246 1598 1275 2.

941 1299 1126 1330 Melisandri
1143 1297 1258 1329 Milesii
1275 1307 1398 1327 carmen
1413 1295 1536 1337 epicum
1551 1306 1558 1332 ;
1583 1305 1602 1324 a

945 1349 1113 1380 Plutarcho
1140 1347 1369 1378 Hermodorus:
1399 1351 1430 1376 et
1452 1344 1600 1375 credibile

942 1404 998 1434 est,
1015 1397 1111 1428 Ovid.
1127 1402 1268 1427 secutum
1287 1405 1352 1425 esse
1371 1404 1495 1424 carmen
1511 1394 1600 1424 Grae-

942 1457 1032 1477 cum:
1059 1450 1210 1476 memorat
1229 1445 1269 1475 53
1286 1444 1469 1477 Centauros,
1488 1443 1525 1473 18
1543 1442 1601 1472 La-

942 1496 1056 1537 pithas,
1066 1505 1196 1536 quorum
1208 1492 1330 1523 nomina
1346 1503 1405 1522 non
1417 1492 1481 1533 ipse
1494 1491 1599 1521 finxit:

943 1543 1032 1586 plura
1058 1544 1151 1574 etiam
1176 1543 1258 1584 apud
1286 1542 1413 1572 Graecos
1436 1541 1600 1581 leguntur:

944 1604 999 1634 pro
1016 1592 1158 1634 Lapithis
1178 1592 1360 1633 pugnabant
1374 1590 1524 1625 Theseus,
1543 1590 1602 1620 Pe-

944 1642 1022 1681 leus,
1048 1643 1173 1677 Nestor,
1200 1651 1331 1681 quorum
1357 1639 1453 1670 virtus
1476 1640 1507 1669 in
1533 1639 1603 1670 luce

945 1690 1043 1732 posita
1071 1696 1128 1720 est.
1179 1689 1384 1728 Hippodamen
1413 1687 1603 1718 Plutarchus

946 1739 1148 1770 Deidamiam
1177 1744 1278 1769 vocat.
1329 1738 1478 1768 Scribitur
1507 1737 1602 1768 etiam

948 1789 1165 1829 Hippodamia:
1190 1787 1249 1818 fuit
1263 1787 1327 1817 filia
1342 1786 1481 1817 Adrasti.

989 1840 1061 1869 212.
1100 1839 1293 1868 Discnmbere
1315 1840 1452 1876 jusserat
1480 1836 1599 1876 [Μίνω]

946 1887 1130 1917 Proceribus
1167 1886 1345 1917 convivium
1376 1886 1408 1916 in
1441 1886 1529 1914 atriis
1565 1895 1602 1915 ex

946 1947 1040 1971 more,
1053 1935 1220 1967 Centauris
1234 1935 1265 1964 in
1281 1942 1379 1970 antro,
1395 1934 1486 1974 regiae
1502 1934 1603 1975 proxi-

946 1995 1006 2020 mo,
1036 1985 1125 2026 cujus
1153 1984 1296 2014 introitus
1330 1984 1482 2013 arboribus
1512 1989 1606 2013 tectus

947 2033 1035 2072 (vide
1053 2033 1091 2064 ad
1108 2033 1149 2064 xi.
1166 2032 1256 2071 605.)
1273 2039 1427 2074 paratum.
1473 2032 1608 2063 Lenzius

948 2083 1100 2117 observat,
1123 2083 1225 2123 ipsum
1249 2088 1372 2111 antrum
1396 2081 1459 2112 dici
1481 2083 1607 2123 regiam,

948 2132 979 2162 in
997 2142 1095 2172 eoque
1111 2131 1204 2161 fuisse
1223 2136 1253 2161 et
1268 2132 1392 2166 atrium,
1408 2136 1440 2160 et
1454 2140 1518 2160 ver.
1533 2131 1607 2161 246.

947 2183 1048 2211 crdem.
1099 2181 1198 2210 Immo
1213 2186 1335 2209 antrum
1352 2179 1402 2210 hie
1417 2179 1530 2210 diserte
1545 2179 1609 2210 dis-

949 2229 1047 2270 tingui
1067 2230 1187 2260 videtur
1201 2240 1219 2259 a
1234 2231 1329 2270 regia.

992 2280 1068 2309 213.
1094 2279 1241 2308 Haemonii
1261 2288 1407 2317 procereS,
1424 2277 1522 2308 duces
1544 2279 1606 2308 La-

949 2328 1117 2369 pitharum.
1164 2327 1203 2357 Et
1227 2329 1300 2366 ipsi;
1325 2332 1488 2357 evocatum
1505 2337 1543 2356 se
1567 2327 1608 2356 ab

951 2375 1014 2406 illis
1040 2376 1128 2416 Pylo,
1154 2376 1219 2416 ipse
1248 2376 1362 2405 Nestor
1390 2380 1495 2404 narrat
1524 2375 1607 2416 apud

952 2424 1046 2454 Hom.
1064 2424 1105 2454 11.
1122 2428 1163 2455 A.
1180 2425 1256 2455 270.
1303 2423 1405 2454 Etiam
1419 2422 1542 2454 Thesea
1560 2424 1607 2454 in-

952 2472 1085 2502 vitatum
1103 2483 1169 2503 esse
1189 2472 1228 2503 ad
1251 2472 1321 2503 illas
1341 2470 1475 2513 nuptias,
1490 2483 1506 2502 e
1530 2473 1606 2503 Plu-

952 2520 1051 2551 tarchi
1071 2520 1104 2551 d.
1121 2521 1142 2550 1.
1158 2527 1297 2562 apparet.
1344 2521 1451 2557 Festa;
1475 2520 1547 2551 vide
1571 2521 1610 2551 ad

950 2569 994 2599 iii.
1012 2571 1022 2599 1
1036 2571 1082 2600 11.
1131 2570 1264 2609 Confusa
1280 2571 1381 2604 turha,
1396 2569 1524 2611 strepitu
1539 2581 1608 2611 pro-

951 2618 1067 2648 miscuo
1079 2618 1237 2649 hominurn
1246 2618 1437 2659 loquentium
1445 2641 1452 2651 .
1461 2618 1608 2650 inceden-

951 2673 1039 2701 tium,
1056 2672 1117 2697 etc.
