1779 3130
215 187 300 229 358

606 189 655 228 Ρ.
690 187 800 228 OVl
810 187 902 228 DII
939 188 1218 231 NASONIS

218 309 247 326 “
273 302 546 349 Candidior
570 302 699 350 nivei
726 302 858 359 folio,
889 303 1115 360 Galatea,
1144 305 1364 367 ligustri3

214 378 453 424 Floridior
478 378 681 442 pratris3
723 379 872 441 longa
895 381 1144 442 procerior
1169 382 1309 439 alno;

1510 385 1606 429 790

213 455 535 517 Splendidior
558 456 682 502 vitro
704 474 714 512 ;
755 463 926 504 tenero
954 458 1179 505 lascivior
1205 459 1348 506 haedo
1370 478 1380 515 ;

213 530 403 579 Laevior
428 532 629 580 assiduo
655 534 848 581 detritis
874 550 1074 597 aequore
1099 536 1332 591 conchis;

213 608 413 655 Solibus
440 610 676 666 hibernis,
705 611 876 658 aestiva
900 612 1083 674 gratior
1107 613 1310 668 umbra;

212 684 439 732 Nobilior
463 687 622 750 pomis
645 706 655 743 ;
696 687 899 751 platano
925 688 1236 752 conspectior
1262 690 1387 746 alta3

210 760 442 809 Lucidior
465 763 624 825 glacie
646 782 656 821 3
698 770 891 811 matura
915 765 1106 812 dulcior
1131 781 1249 821 uva;

1509 768 1604 812 795

211 837 412 885 Mollior
437 846 487 886 et
511 841 657 903 cycni
684 840 882 903 plumis,
911 850 960 889 et
985 841 1114 888 lacte
1140 849 1335 899 coacto3

211 914 292 971 Et,
321 915 361 962 si
386 932 485 963 non
510 916 689 980 fugias,
717 917 857 979 riguo
883 916 1138 965 formosior
1164 919 1321 966 horto.

210 992 397 1040 Saevior
421 993 674 1041 indomitis
701 995 877 1041 eadem
905 994 1118 1042 Galatea
1135 996 1365 1058 juvencis
1389 1014 1399 1052 ;

210 1068 392 1117 Durior
417 1086 606 1119 annosa
630 1087 848 1134 quercu3
889 1071 1109 1119 fallacior
1133 1072 1302 1129 undis3

249 1213 325 1244 789.
352 1214 518 1245 Candidior
537 1215 630 1251 nivei,
646 1214 724 1255 etc.]
750 1215 789 1246 In
805 1226 872 1247 car·

209 1262 291 1293 mine
315 1261 373 1293 hoc
397 1263 558 1304 pastoritio
580 1264 695 1295 Noster
714 1265 831 1306 pendet
854 1276 873 1297 a

205 1311 384 1348 Theocrito,
415 1312 464 1343 Id.
490 1313 542 1351 xi;
576 1312 630 1343 sed
657 1313 688 1343 in
717 1314 871 1357 principio

205 1359 326 1401 insigne
350 1371 455 1392 rursus
478 1361 630 1393 habemus
653 1361 757 1404 inepte
779 1364 870 1394 lasci·

205 1408 319 1440 vientis
334 1410 451 1451 ingenii
468 1410 658 1452 exemplum.
683 1411 827 1443 Breviter
840 1420 870 1444 et

205 1458 356 1498 praeclare
394 1458 597 1490 Theocriteus
639 1460 866 1502 Polyphemus:

199 1506 239 1538 Ὦ
267 1508 364 1538 λευκὰ
388 1507 563 1544 Γαλάτεια,
588 1508 620 1539 τί
645 1509 705 1540 τὸν
731 1509 868 1550 φιλέοντ’

204 1556 405 1599 ἀποβάλλῃς
434 1557 612 1598 Λευκοτέρα
630 1560 761 1596 vam-ag
778 1571 869 1591 ποτι-

203 1605 280 1642 ὂεῗν,
309 1605 507 1648 ἁπαλωτέρα
545 1606 569 1638 δ’
599 1606 712 1648 ἀρνὸς,
743 1609 869 1651 Μόσχω

204 1654 398 1697 γαυροτὲρα,
419 1655 599 1697 φιαρωτέρα
617 1656 759 1698 ὄμφακος
780 1659 870 1700 ὠμῆς

202 1704 370 1745 -φεὺγεις
386 1703 422 1740 δ’,
439 1705 547 1746 ὥσπερ
566 1705 613 1742 ὄϊς
629 1707 749 1737 πολιὸν
764 1706 867 1739 λύκον

204 1754 390 1795 ἀθρήσασα.
435 1754 495 1784 Sed
523 1754 599 1796 quid
628 1755 701 1786 inde
732 1756 869 1787 Noster?

203 1803 370 1834 cumulatis
386 1802 424 1833 ad
442 1813 592 1833 nauseam
609 1814 707 1846 usque
723 1805 867 1837 similitu-

202 1851 338 1886 dinibus,
355 1851 498 1882 Galateae
515 1851 646 1882 virtutes
660 1858 691 1883 et
706 1852 783 1884 vitia
798 1865 867 1885 nar-

202 1907 260 1932 rat.
306 1901 487 1942 Ligusci-um
502 1900 603 1931 Italiae
619 1902 675 1932 flos
691 1902 843 1934 candidus
858 1916 864 1933 :

203 1950 306 1992 qualis
321 1950 424 1986 fuerit,
440 1961 501 1980 non
522 1955 665 1989 constat3
690 1950 761 1982 vide
779 1953 867 1983 Mar-

202 1998 258 2029 tin.
275 1998 313 2029 ad
330 1998 419 2039 Virg.
435 1999 503 2028 Ecl.
517 1998 552 2028 ii.
571 2000 620 2029 18.
670 1999 787 2030 Putant
800 2011 865 2032 esse

202 2053 342 2079 nostrum
368 2048 552 2078 Remu-eide.
600 2048 735 2078 Videtur
761 2055 865 2080 autem

201 2102 297 2139 poeta
324 2095 364 2126 ad
401 2095 544 2126 Galateae
574 2106 686 2127 nomen
713 2097 864 2134 alludere,

203 2145 286 2188 quod
316 2155 334 2175 a
363 2143 497 2175 candore
526 2144 618 2175 lactis
655 2145 700 2175 illi
730 2145 863 2177 inditum

202 2195 296 2226 fuisse
318 2194 418 2224 innuit
438 2193 604 2230 Hesiodus,
627 2195 679 2235 qui
704 2195 747 2225 ait
766 2196 862 2227 Gala-

202 2250 284 2276 team
305 2243 455 2274 candidas
476 2253 581 2273 comas
600 2250 630 2274 et
654 2244 765 2274 faciem
789 2245 862 2276 lacti

201 2293 334 2323 similem
364 2291 518 2322 habuisse.
565 2293 660 2328 Folio,
686 2293 758 2323 flore
796 2294 863 2334 ipso

199 2342 332 2383 ligustri.
357 2341 499 2370 Floridus
513 2340 551 2371 de
562 2341 695 2382 juvenili
711 2342 814 2383 vigore
832 2348 863 2373 et

200 2390 368 2421 viriditate.
413 2389 565 2420 viriditas
589 2397 694 2421 autem
717 2398 748 2421 et
768 2394 864 2431 pratis

200 2439 357 2471 convenit.
403 2439 530 2470 Lasciva
546 2440 651 2480 puella
667 2441 747 2470 bono
760 2450 861 2477 sensu,

200 2488 319 2523 hilaris,
333 2488 452 2529 jocosa.
498 2488 602 2530 Atque
623 2489 717 2520 etiam
738 2491 812 2519 haedi
832 2496 863 2520 et

200 2537 288 2567 vituli
314 2538 486 2572 lasciviunt,
510 2548 606 2578 quum
629 2538 806 2578 petulantes
829 2543 861 2568 et

201 2586 288 2615 laetos
309 2591 410 2616 motus
426 2585 522 2622 daut;
546 2586 598 2616 vii.
615 2587 687 2616 321.
734 2588 860 2617 Assidiio

198 2645 320 2673 aquare,
336 2633 460 2664 assiduo
477 2641 561 2664 inotn
577 2635 720 2675 aequoriS.
768 2635 860 2665 Nobi-

201 2684 267 2719 lior,
283 2683 469 2723 generosior,
489 2683 683 2724 praestantior
698 2696 705 2713 :
731 2685 858 2714 nobilior

938 1217 1040 1255 pomis,
1057 1215 1131 1257 quia
1150 1215 1259 1257 priscis
1278 1215 1467 1257 temporibus
1486 1216 1604 1248 divitiae

940 1265 1083 1295 maximae
1104 1264 1135 1295 in
1157 1264 1269 1306 pomis.
1317 1266 1516 1304 Conspectior,
1531 1266 1601 1307 pul-

939 1313 1049 1350 chrior,
1064 1319 1100 1344 ut
1116 1314 1159 1344 iv.
1174 1315 1248 1345 295.
1270 1319 1301 1344 et
1322 1314 1396 1344 alib.
1443 1314 1605 1351 Platanus,

938 1362 1069 1404 pulchra
1084 1363 1173 1393 arbor
1188 1369 1219 1394 et
1235 1362 1387 1393 Romanis
1399 1362 1576 1403 gratissima
1592 1376 1602 1401 ;

938 1411 1071 1448 Plinius,
1087 1411 1140 1442 xii.
1159 1412 1186 1442 l.
1212 1412 1506 1449 Matura—cociam
1532 1412 1604 1444 vide

937 1461 1041 1491 locum
1084 1460 1243 1492 Theocriti
1288 1471 1380 1503 supra
1423 1461 1605 1503 ascriptum.

939 1510 1060 1551 Riguus
1072 1511 1174 1540 hortiis
1189 1510 1283 1540 etiam
1298 1509 1362 1540 viii.
1378 1510 1454 1541 646.
1493 1511 1532 1541 In
1548 1510 1604 1541 tali

938 1557 1024 1589 horto
1039 1559 1143 1589 omnia
1158 1559 1261 1589 laetius
1276 1559 1473 1601 proveniunt.

982 1609 1055 1639 799.
1080 1608 1203 1644 Fallax,
1225 1619 1307 1649 quae,
1324 1619 1420 1650 quum
1439 1619 1508 1640 eam
1533 1620 1603 1651 pre-

937 1655 1060 1693 hendis,
1090 1655 1237 1687 continuo
1268 1667 1284 1687 e
1312 1656 1457 1687 manibus
1481 1657 1600 1688 effluit:

926 1704 1037 1745 fallar
1052 1705 1169 1746 puella,
1185 1715 1278 1746 quam
1293 1705 1360 1736 loco
1371 1705 1526 1737 destinato
1542 1717 1603 1736 non

936 1754 1061 1795 reperis,
1079 1755 1254 1795 frustraque
1279 1761 1445 1796 expectas3
1469 1755 1511 1786 iv.
1527 1756 1601 1786 128.

937 1802 1035 1832 Lenta
1056 1802 1176 1844 puella,
1194 1802 1342 1839 difficilis,
1365 1813 1434 1844 quae
1457 1814 1517 1834 non
1536 1814 1602 1835 mo-

936 1856 1026 1882 vetur
1042 1851 1187 1893 precibus
1208 1851 1385 1882 lacrimisve
1407 1852 1551 1889 amantis,
1569 1859 1602 1884 ut

935 1905 967 1929 et
983 1901 1096 1930 lentum
1115 1906 1231 1939 pectus,
1247 1899 1330 1942 quod
1346 1911 1408 1930 non
1428 1900 1520 1932 facile
1536 1911 1602 1932 mo-

935 1954 1025 1979 vetur
1039 1961 1044 1978 :
1070 1948 1124 1979 sed
1139 1949 1231 1990 longe
1243 1949 1303 1980 alio
1315 1960 1419 1985 sensu,
1434 1956 1469 1980 ut
1480 1956 1599 1987 uotum,

936 1998 1018 2028 lenta
1031 2000 1129 2039 virga.
1175 2000 1320 2029 Albai-um
1334 2001 1441 2029 vitium
1457 1999 1599 2030 meminit

933 2045 1029 2077 etiam
1052 2046 1224 2083 Palladius,
1246 2047 1303 2078 lib.
1327 2047 1348 2077 i.
1368 2057 1438 2088 cap.
1457 2049 1518 2078 35:
1544 2048 1599 2079 sed

933 2100 1057 2136 propter
1086 2096 1122 2126 τὸ
1154 2097 1263 2126 lentior
1288 2096 1398 2126 malim
1427 2107 1499 2127 cum
1529 2097 1599 2128 aliis

933 2144 1012 2173 altis.
1049 2145 1126 2174 Mox
1142 2155 1205 2176 ver.
1222 2146 1295 2176 813.
1310 2146 1406 2186 longis
1420 2147 1453 2175 in
1467 2147 1597 2183 vitibus,-

932 2191 1094 2228 Phaedrus,
1124 2192 1167 2223 iv.
1196 2192 1259 2223 fab.
1285 2195 1318 2223 2.
1345 2195 1409 2223 alta
1436 2195 1469 2224 in
1497 2197 1597 2225 vinea.

932 2242 1006 2271 Alta
1032 2243 1102 2271 ‘vitis
1131 2241 1190 2272 erit
1213 2243 1358 2273 maritata
1384 2243 1470 2274 ulmo
1501 2243 1594 2282 altae,

932 2289 1023 2320 Trist.
1035 2291 1075 2321 V.
1092 2290 1136 2321 iii.
1151 2292 1202 2322 35.
1217 2293 1310 2322 altam
1322 2294 1463 2334 degravet
1479 2293 1595 2323 ulmum

936 2339 1020 2370 Vitis.
1035 2340 1175 2370 Laudato
1188 2352 1301 2380 parone
1315 2353 1325 2378 ς
1351 2341 1426 2372 alibi
1439 2343 1597 2373 Laudatas

931 2395 1056 2418 ostentat
1078 2392 1139 2419 avis
1160 2389 1296 2420 szonia
1315 2401 1439 2429 pennas,
1458 2397 1489 2421 et
1506 2402 1595 2432 spec-

932 2444 997 2469 tata
1006 2439 1157 2480 superbit.
1176 2441 1264 2470 Acris
1273 2446 1305 2470 et
1315 2440 1439 2470 flamma
1450 2439 1593 2477 saeviens,

931 2493 961 2517 et
972 2487 1078 2528 puella
1089 2487 1249 2524 iracunda,
1261 2494 1406 2529 torquens
1417 2495 1572 2519 amantem
1585 2501 1593 2527 3

928 2538 1012 2566 acria
1042 2536 1124 2566 enim
1154 2547 1350 2577 quaecunque
1375 2543 1478 2573 urunt,
1509 2549 1589 2579 pun-

927 2590 1016 2626 gunt,
1029 2585 1203 2615 stimulant.
1228 2587 1351 2624 Aspera,
1367 2585 1512 2621 difficilis,
1526 2597 1591 2617 ino-

927 2644 1018 2672 rosa;
1042 2634 1125 2675 apud
1147 2635 1323 2670 Horatium,
1345 2635 1367 2665 i.
1392 2635 1454 2666 Od.
1470 2637 1523 2666 33.
1545 2648 1589 2666 as-

925 2694 997 2722 pera
1015 2683 1145 2719 Pholoe,-
1174 2683 1347 2719 Tibullum,
1364 2683 1391 2714 Ι.
1410 2684 1452 2714 ix.
1469 2685 1520 2714 20.
1542 2696 1587 2714 as-
