1779 3130
228 169 312 211 410

618 169 670 209 Ρ.
704 165 918 209 OVIDII
950 166 1232 210 NASONIS

234 285 278 330 O
305 283 501 346 quoties
526 283 699 330 habitu
725 282 833 329 duri
859 282 1091 330 messoris
1118 285 1294 330 aristas

234 360 398 406 Corbe
421 359 561 417 tulit3
601 360 804 422 verique
829 359 922 405 fuit
947 360 1178 407 messoris
1204 361 1395 422 imago!

232 436 478 498 Tempora
503 453 636 500 saepe
662 453 839 499 gerens
864 435 993 484 foeno
1019 437 1226 498 religata
1250 435 1454 492 recenti,

1527 438 1623 483 645

237 513 506 560 Desectum
535 521 732 577 poterat
756 529 960 576 gramen
983 514 1209 561 versasse
1233 513 1404 560 videri.

237 590 383 653 Saepe
406 606 555 637 manu
583 591 808 638 stimulos
834 591 993 652 rigida
1018 591 1263 654 portabat,
1292 597 1346 636 ut
1370 589 1507 636 illum

236 666 439 714 Jurares
465 666 622 714 fessos
647 668 795 714 modo
821 666 1127 729 disjunxisse
1146 667 1404 728 juvencos

238 743 387 790 Falce
411 743 528 790 data
551 743 802 790 frondator
827 750 946 799 erat,
974 743 1189 805 vitisque
1215 749 1440 805 putator:

237 819 478 866 Induerat
503 820 680 875 scalaS‚
706 820 953 866 lecturum
978 835 1125 882 poma
1148 825 1378 880 putares:

1532 820 1627 864 650

238 896 388 942 Miles
418 904 523 943 erat
547 896 729 958 gladio,
757 897 975 959 piscator
1002 895 1241 942 arundine
1268 901 1483 958 sumpta.

240 973 472 1035 Denique
498 989 585 1036 per
609 973 790 1019 multas
816 973 1007 1019 aditum
1033 972 1128 1018 sibi
1155 988 1287 1034 saepe
1314 971 1496 1032 figuras

242 1049 501 1112 Repperit,
529 1056 584 1096 ut
608 1057 811 1112 caperet
836 1057 1073 1113 spectatae
1100 1049 1282 1111 gaudia
1305 1048 1489 1095 formae.

242 1126 333 1173 Ille
359 1127 509 1173 etiam
535 1126 671 1190 picta
694 1126 952 1174 redimitus
978 1133 1204 1188 tempora
1228 1125 1386 1181 mitra,

244 1202 468 1249 Innitens
495 1203 690 1258 baculo,
719 1202 894 1266 positis
922 1202 984 1250 ad
1009 1209 1234 1266 tempora
1258 1201 1410 1256 canis,

1538 1203 1633 1247 655

242 1278 567 1326 Assimulavit
592 1295 758 1334 anum,
786 1280 1051 1342 cultosque
1078 1279 1277 1326 intravit
1300 1279 1350 1325 in
1374 1279 1558 1332 hortos,

245 1355 504 1418 Pomaque
530 1356 705 1404 mirata
730 1363 806 1403 est
826 1375 836 1414 ;
866 1356 1128 1420 Tantoque
1154 1356 1425 1420 potentior!
1453 1354 1632 1418 inquit,

246 1537 304 1566 42:
323 1540 343 1553 “
356 1535 399 1566 At
413 1536 500 1572 mihi,
518 1536 602 1578 quod
618 1537 730 1569 formas
746 1549 826 1569 unus
842 1548 907 1569 ver-

246 1584 334 1614 tebar
363 1584 394 1615 in
423 1595 539 1622 omnes,
572 1586 695 1618 Nomen
727 1588 765 1618 ab
795 1593 908 1618 eventu

246 1633 349 1674 patria
385 1633 493 1675 lingua
529 1634 660 1674 dedit;’'
695 1643 727 1666 et
757 1647 819 1667 ver.
849 1637 907 1666 21:

247 1686 267 1698 “
281 1683 466 1724 Opportuna
490 1694 561 1715 mea
584 1690 631 1715 est
653 1686 774 1716 cunctis
798 1691 910 1716 natura

249 1730 372 1771 figuris:
402 1731 441 1762 In
464 1743 685 1774 quamcunque
709 1735 791 1765 voles
815 1740 911 1770 verte,

249 1779 380 1810 decorus
410 1781 494 1811 ero.”
541 1782 630 1812 Mille
659 1790 784 1813 ornatus
812 1783 913 1813 varias

248 1828 324 1858 istas
340 1828 453 1869 figuras
466 1836 559 1860 vocat
574 1830 728 1867 Tibullus,
744 1831 803 1862 IV.
816 1830 849 1861 ii.
864 1832 912 1863 14.

250 1877 334 1907 Hinc
349 1878 467 1919 pendet
483 1879 569 1909 locus
584 1889 728 1921 sequens.

292 1927 367 1957 643.
396 1927 480 1957 Dari
504 1938 612 1958 omnes
636 1928 754 1965 rustici,
780 1940 913 1960 messores

252 1975 413 2016 imprimis,
427 1977 502 2017 quia
517 1982 628 2007 aestum
640 1978 733 2008 facile
746 1978 915 2020 perferunt.

251 2023 376 2054 Laudat
390 2024 591 2055 Burmannus
606 2035 643 2055 ex
660 2025 800 2061 Horatio,
814 2025 914 2067 Epod.

252 2072 284 2102 3.
298 2074 379 2102 dura
392 2083 548 2103 messorum
563 2074 628 2104 ilia.
653 2073 757 2115 Imago
772 2076 913 2110 messoris,

253 2119 362 2151 similis
381 2120 508 2151 messori
520 2133 529 2159 ;
553 2122 741 2163 Propertius,
761 2123 861 2154 Corbis
882 2126 915 2153 in

254 2171 386 2208 imposito
397 2173 526 2208 pondere
540 2182 644 2201 messor
658 2183 752 2203 eram.

299 2219 371 2249 645.
406 2218 548 2259 Tempora
582 2231 654 2260 saepe
685 2231 803 2261 gerens,
834 2221 912 2261 etc.]

256 2266 446 2308 PropertiuS,
466 2278 528 2298 ver.
545 2269 602 2299 25:
629 2272 650 2285 “
666 2269 719 2299 Da
739 2269 865 2305 falcem,
886 2274 918 2299 et

254 2321 335 2346 torto
362 2315 493 2346 frontem
519 2316 595 2347 mihi
619 2317 788 2359 comprime
812 2317 914 2348 foeno:

256 2365 276 2395 J
281 2363 384 2394 urabis
403 2370 506 2396 nostra
525 2365 666 2406 gramina
686 2374 772 2398 secta
791 2366 918 2397 manu.''

259 2412 311 2443 De
325 2414 454 2444 stimulis
470 2413 509 2444 ad
525 2413 559 2444 ii.
578 2415 652 2444 127.

302 2460 375 2491 649.
392 2461 564 2493 Frondator
579 2463 671 2503 erat]
692 2462 782 2493 Unus
798 2461 920 2492 Heinsii

260 2514 291 2539 et
311 2520 390 2539 unus
411 2510 733 2551 Basileens.falcat0r
750 2518 835 2547 emt,-
861 2522 921 2541 non

259 2557 353 2592 male,
385 2563 416 2588 et
453 2559 558 2590 Nostri
597 2560 720 2600 ingenio
759 2560 922 2590 convenire

260 2605 383 2637 videtur
409 2608 561 2648 appositio
582 2608 673 2638 Falce
696 2610 766 2638 <lata
781 2609 921 2649 falcator

261 2660 338 2683 erat.
396 2655 559 2686 Induerat.
612 2657 719 2698 Thysii
756 2657 836 2686 liber
872 2660 918 2687 in-

261 2704 379 2739 duitur,
407 2704 577 2736 Graecismo
600 2706 724 2736 usitato.
770 2706 919 2736 Induerat

975 1539 1078 1574 scalas,
1106 1537 1274 1568 incedebat
1305 1536 1409 1579 capite
1438 1547 1494 1578 per
1523 1535 1637 1578 gradus

976 1587 1131 1618 scalarum
1147 1587 1274 1617 inserto.

1019 1637 1095 1667 651.
1115 1636 1203 1666 Miles
1219 1642 1283 1666 erat
1296 1634 1428 1677 gladia]
1451 1633 1639 1676 Propertius,

977 1695 1042 1716 ver.
1065 1686 1124 1714 27:
1160 1689 1180 1701 ‘⁴
1198 1685 1296 1715 Arma
1325 1684 1382 1715 tuli
1411 1683 1581 1725 quondam,
1609 1688 1641 1714 et

980 1734 1116 1770 memini,
1132 1734 1284 1765 laudabar
1299 1734 1331 1764 in
1345 1733 1446 1763 illis.’'

1024 1784 1100 1813 653.
1118 1783 1287 1823 Spectatae.]
1304 1782 1441 1820 Quidam
1455 1782 1535 1823 (non
1545 1780 1640 1821 Regii

981 1832 1122 1872 codices)
1139 1832 1255 1863 habent
1273 1839 1416 1871 speratae3
1439 1831 1492 1862 sed
1514 1832 1643 1870 spectari

981 1880 1101 1922 proprie
1138 1880 1284 1912 dicuntur
1316 1881 1442 1922 puellae,
1472 1889 1642 1921 earumque

982 1929 1097 1959 formae.

1025 1978 1101 2009 654.
1126 1978 1216 2008 Picta
1239 1978 1289 2008 vel
1313 1987 1382 2014 acu,
1402 1978 1450 2009 vel
1474 1975 1573 2013 radio,
1590 1975 1642 2006 vel

982 2027 1155 2067 variegata.

1026 2076 1099 2106 657.
1126 2076 1274 2116 Tauroque
1295 2079 1464 2116 potentior;
1489 2074 1580 2106 multi
1592 2085 1644 2114 pe-

983 2126 1093 2161 ritior,·
1117 2124 1161 2154 ita
1185 2132 1216 2155 et
1239 2125 1337 2155 codex
1361 2125 1482 2166 Regius
1505 2124 1558 2162 A3
1589 2123 1645 2154 sed

984 2179 1015 2204 et
1032 2176 1181 2213 potentior
1202 2173 1298 2204 habet
1318 2185 1372 2215 pro
1391 2174 1478 2204 varia
1496 2173 1644 2204 lectione.

984 2221 1052 2252 Hoc
1079 2220 1271 2252 Ovidianum
1296 2232 1365 2252 esse
1389 2221 1502 2258 sciunt,
1528 2220 1581 2262 qui
1608 2230 1646 2250 ea

984 2280 1059 2301 voce
1076 2275 1234 2301 auctorem
1254 2270 1501 2311 frequentissime
1521 2270 1565 2301 uti
1580 2280 1645 2300 me·

985 2319 1151 2350 minerunt.
1196 2319 1257 2349 Pro
1279 2325 1363 2349 tanto
1382 2318 1465 2349 idem
1487 2318 1585 2349 codex
1604 2318 1645 2348 A.

985 2370 1112 2398 cunctis.
1170 2367 1266 2398 Tanto
1287 2371 1436 2407 potentior
1458 2366 1593 2398 solennis
1615 2372 1648 2397 et

987 2416 1113 2457 elegans
1142 2415 1293 2446 laudandi
1320 2416 1462 2452 formula,
1492 2422 1527 2446 ut
1564 2422 1648 2446 tanto

987 2467 1093 2504 major,
1110 2472 1194 2495 tanto
1209 2467 1321 2501 melior,
1338 2465 1572 2506 tantofelz'cior;
1589 2465 1644 2496 Se-

990 2523 1077 2548 neca,
1116 2513 1155 2543 de
1191 2513 1307 2554 Tranq.
1338 2514 1447 2544 Anim.
1485 2523 1553 2554 cap.
1586 2513 1644 2544 15:

989 2566 1007 2577 ‘¹
1024 2561 1202 2592 Laudemus
1229 2562 1320 2592 toties
1345 2562 1474 2602 dignum
1503 2561 1648 2592 laudibus

986 2615 1017 2640 et
1041 2609 1200 2640 dicamus:
1225 2616 1311 2640 tanto
1334 2610 1448 2646 fortior,
1469 2616 1556 2640 tanto
1579 2610 1647 2640 feli-

987 2658 1050 2688 cior
1063 2658 1092 2687 !’'
1119 2659 1275 2689 Potentior
1290 2669 1447 2699 pomorum
1464 2658 1563 2699 copia,
1578 2658 1645 2699 qui—

987 2708 1044 2738 bus
1059 2707 1131 2739 olim
1149 2709 1284 2739 maxime
1299 2709 1506 2740 censebantur
1517 2707 1646 2739 divitiae.
