1779 3130
381 171 997 213 METAMORPHOSEON
1034 173 1152 214 Llss.
1177 172 1315 214 Xlll.

1451 174 1536 215 817

158 287 329 349 thue
355 286 475 333 alias
502 293 710 340 taceam,
738 286 822 347 qui
849 302 1034 334 saevum
1061 287 1267 350 perdere
1292 293 1463 350 posset

157 362 391 417 Hectora,
405 378 584 425 nempe
600 361 717 408 dedi
737 378 745 407 :
766 378 853 424 per
868 363 1318 426 mejacetinclytus
1333 361 1536 410 Hector.

157 437 262 483 Illis
287 438 393 483 haec
420 437 583 490 armis,
612 436 793 498 quibus
820 445 895 483 est
921 438 1148 485 inventus
1175 438 1411 493 Achilles,

156 515 308 559 Arina
332 520 476 576 peto:
516 513 624 559 vivo
649 512 901 568 dederam,
929 521 1043 576 post
1067 514 1167 561 fata
1191 530 1415 576 reposco.
1450 518 1541 562 180

160 589 230 635 Ut
254 589 392 635 dolor
418 588 561 634 unius
590 588 790 635 Danaos
816 590 1039 651 pervenit
1066 591 1128 636 ad
1153 606 1340 646 omneS,

156 664 443 726 Aulidaque
470 664 744 711 Euboicam
769 666 1081 728 complerunt
1106 666 1240 712 mille
1267 666 1471 723 carinae;

161 740 443 803 Expectata
467 740 567 795 diu,
595 740 745 796 nulla,
775 747 861 787 aut
885 742 1127 788 contraria
1151 742 1314 793 classi,

161 816 385 864 Flamina
396 823 538 873 sunt;
569 817 1374 879 duraequejubentAgamemnona
1385 824 1543 864 sortes

159 893 464 940 Immeritam
491 908 631 938 saevae
657 900 824 939 natam
850 899 1067 940 mactare
1095 893 1287 939 Dianae.

1453 896 1543 941 185

161 970 392 1031 Denegat
415 969 508 1015 hoc
535 968 742 1031 genitor,
772 969 1014 1032 Divisque
1039 969 1266 1016 irascitur
1290 968 1441 1032 ipsis:

160 1045 328 1108 Atque
354 1045 403 1091 in
428 1061 543 1106 rege
569 1052 735 1091 tamen
761 1053 900 1108 pater
925 1052 1025 1092 est:
1055 1061 1146 1107 ego
1172 1045 1291 1092 mite
1312 1044 1529 1107 parentis

164 1121 423 1185 Ingenium
450 1122 611 1168 verbis
639 1123 699 1168 ad
726 1123 925 1184 publica
949 1121 1209 1168 commoda
1232 1120 1353 1167 verti
1376 1137 1386 1166 :

163 1197 310 1245 Nunc
335 1198 569 1260 equidem
594 1197 765 1253 fateor,
793 1198 1027 1259 fassoque
1053 1197 1279 1258 ignoscat
1303 1195 1523 1251 Atrides,

166 1273 429 1319 Difficilem
455 1273 590 1320 tenui
618 1273 710 1318 sub
736 1273 905 1335 iniquo
924 1273 1096 1334 judice
1121 1287 1338 1319 causam.

1456 1275 1549 1318 190

165 1348 313 1395 Hunc
338 1356 504 1395 tamen
529 1349 716 1396 utilitas
742 1349 929 1412 populi,
955 1348 1235 1412 fratrisque,
1263 1348 1470 1410 datique

210 1481 282 1511 177.
311 1480 408 1520 thue
423 1481 498 1510 alias
520 1487 629 1510 taceam
646 1492 656 1517 ;
682 1480 774 1521 vulgo
792 1486 823 1511 et

162 1529 195 1559 in
212 1528 321 1570 Regiis
341 1529 512 1565 codicibus,
529 1535 620 1569 utque
638 1530 722 1565 ulios,
738 1529 822 1570 quod

165 1577 276 1608 melius
307 1583 353 1607 est
381 1583 463 1608 certe
492 1583 616 1618 propter
641 1584 823 1619 sequentem

167 1626 299 1657 Hectora
312 1637 321 1662 ;
347 1625 378 1655 in
388 1625 516 1666 hujusce
529 1625 611 1655 modi
624 1625 728 1667 phrasi
744 1627 823 1656 alius

166 1684 236 1704 cum
249 1674 463 1715 sequentibus,
480 1685 540 1704 non
557 1684 627 1703 cum
645 1674 823 1716 praeceden-

167 1723 250 1752 tibus
270 1722 434 1763 jungitur;
467 1733 539 1763 ergo
567 1722 648 1752 male
676 1722 825 1753 Heinsius

168 1771 256 1801 dedit
283 1772 359 1801 alias
380 1776 414 1800 ut
437 1771 588 1801 referatur
617 1770 656 1801 ad
682 1771 826 1801 civitates

168 1824 361 1860 expugnatas
374 1829 412 1849 ex
428 1818 541 1859 quibus
553 1819 650 1860 Syron
666 1824 696 1849 et
709 1819 824 1860 Lyrne-

168 1877 236 1897 sum
260 1867 350 1897 modo
371 1867 553 1897 nominavit.
598 1868 708 1902 Savus,
730 1867 826 1903 fortis,

168 1916 314 1957 frequens
328 1916 515 1946 bellatorum
530 1915 702 1956 epitheton.
737 1916 827 1945 Nem-

166 1976 213 2005 pe,
231 1971 326 1995 certe.
373 1964 534 2000 Phaedrus,
551 1965 598 1995 II.
621 1964 653 1994 ii.
673 1966 704 1995 2.
730 1976 828 2003 nempe

167 2015 467 2053 memplisdiscimus.
493 2013 827 2049 Perrrze,n1eavirtute.

171 2063 285 2097 Quibus
313 2069 353 2093 est
380 2064 530 2098 inventus,
557 2073 685 2103 quorum
714 2062 829 2092 auxilio

171 2117 220 2141 est
234 2111 387 2141 detectus.
411 2111 512 2141 Immo
528 2122 613 2141 arma
628 2110 773 2146 Achillis,
790 2110 828 2141 de

171 2159 284 2200 quibus
303 2160 369 2200 jam
393 2159 580 2195 certabatur,
606 2159 668 2189 alia
691 2164 790 2194 erant,
811 2170 829 2189 a

170 2208 315 2237 Vulcano
327 2207 478 2237 fabricata
494 2213 524 2237 et
540 2213 679 2248 accepta.

218 2257 290 2285 181.
312 2255 419 2291 Unius,
430 2256 582 2291 Menelai,
594 2256 726 2285 dulor-ob
741 2266 829 2297 erep-

174 2310 236 2335 tam
267 2304 443 2345 conjugem,
478 2307 613 2344 pervenit
649 2307 687 2334 ad
725 2316 830 2340 amnes,

173 2359 328 2394 quatenus
356 2363 461 2383 omnes
488 2353 630 2394 injuriam
657 2353 684 2383 ei
713 2352 830 2382 illatam

172 2401 281 2432 ulcisci
297 2401 470 2432 voluerunt.
509 2402 622 2432 Confer
638 2401 706 2431 Art.
723 2401 831 2431 Amat.

172 2449 193 2480 i.
210 2451 284 2480 688.
313 2450 422 2485 Sortes,
439 2460 618 2491 responsum
636 2449 830 2480 Calchantis.

175 2498 323 2538 Epitheta
339 2500 515 2529 immeritum
533 2503 564 2528 et
585 2509 661 2528 sicne
683 2509 743 2528 non
759 2498 832 2529 sutis

175 2546 334 2577 commode
363 2547 493 2584 addita;
517 2547 562 2577 ita
583 2547 665 2577 enim
690 2552 829 2588 apparet,

179 2594 323 2635 Ulyssem
339 2595 493 2636 adjuvisse
511 2606 573 2625 rem
590 2602 736 2625 atrocem.
774 2595 832 2625 De-

178 2651 265 2683 negat
289 2645 351 2680 hoc,
376 2650 537 2685 totumque
562 2644 639 2675 adeo
663 2643 832 2674 exercitum

178 2691 291 2723 dimitti
303 2693 404 2734 jubet.
428 2694 467 2724 Ιιι
480 2705 545 2734 rege
559 2701 653 2724 lumen
668 2701 754 2733 paler
769 2700 807 2723 cst
823 2705 832 2729 ‚‘

889 1481 959 1511 vide
975 1480 1013 1510 ad
1031 1480 1085 1510 xii.
1102 1481 1155 1511 29.
1194 1480 1255 1521 Ego
1271 1482 1474 1516 mite—verti,
1490 1490 1549 1521 ego

890 1531 994 1565 iver-bis,
1012 1528 1160 1559 facundia
1183 1539 1265 1564 mea,
1282 1527 1411 1570 perfeci,
1432 1534 1465 1559 ut
1484 1539 1550 1565 rex,

889 1578 1034 1620 deposito
1056 1578 1168 1608 affectu
1185 1583 1324 1619 paterno,
1342 1577 1449 1608 mallet
1464 1588 1547 1608 com·

890 1626 989 1656 modis
1019 1626 1153 1668 publicis
1191 1625 1381 1656 satisfacere.
1430 1625 1551 1656 Vertere

889 1686 960 1705 cum
972 1674 1189 1716 praepositione
1199 1676 1249 1710 ad,
1260 1674 1465 1704 mutationem
1476 1684 1550 1704 con-

891 1723 963 1759 silii,
977 1724 1119 1758 affectus,
1133 1729 1193 1754 etc.
1205 1723 1343 1759 indicat3
1358 1722 1428 1753 vide
1442 1723 1551 1754 Burm.

893 1773 932 1802 ad
948 1771 1126 1808 Phaedrum,
1141 1772 1167 1801 I.
1182 1771 1265 1802 xxxi.
1279 1774 1308 1802 5.
1332 1771 1472 1802 Conatus
1481 1782 1554 1802 suos

894 1827 925 1852 et
948 1826 1070 1862 propter
1089 1820 1318 1856 difficultatem,
1342 1825 1373 1850 et
1392 1819 1466 1860 quia
1489 1820 1553 1850 elo-

895 1869 1023 1910 quentia
1042 1880 1119 1910 opus
1138 1873 1215 1904 erat,
1238 1879 1310 1899 curn
1330 1879 1420 1899 causa
1441 1868 1553 1899 sorensi

895 1924 1066 1960 comparat,
1092 1918 1142 1948 cui
1170 1923 1284 1959 praeest
1311 1919 1430 1957 iniquus
1442 1919 1554 1957 judex,

895 1967 948 2008 qui
963 1967 1144 1997 adversatur
1158 1966 1288 2008 petenti.
1315 1966 1423 1996 Tenere
1433 1978 1553 1997 cumam

895 2016 987 2046 etiam
1012 2015 1094 2056 apud
1120 2015 1302 2046 Ciceronem
1327 2025 1393 2056 pr0,
1418 2015 1554 2052 vincere,

895 2064 1033 2094 obtinere
1050 2074 1188 2094 causam.

943 2114 1001 2143 192
1025 2113 1146 2142 Summa
1182 2119 1274 2142 movet
1303 2114 1428 2152 sceptri,·
1464 2112 1553 2143 multi

899 2162 983 2191 Cura
997 2169 1102 2197 movet,
1118 2172 1187 2202 quae
1204 2161 1337 2191 varietas
1360 2161 1453 2191 etiam
1470 2162 1554 2191 Fast.

896 2222 926 2241 ν.
953 2212 1010 2248 72;
1042 2212 1240 2241 Burmannus
1268 2209 1355 2239 addit
1381 2210 1425 2240 ita
1450 2221 1554 2240 curam

897 2271 951 2300 pro
962 2259 1091 2300 imperio
1107 2258 1221 2289 millies
1236 2258 1322 2299 poni.
1347 2259 1465 2287 Sanum
1474 2270 1553 2297 scep-

898 2310 939 2337 tri
963 2310 1028 2337 dati
1049 2307 1182 2347 intellig.
1209 2317 1330 2337 summa
1357 2306 1475 2347 imperii
1504 2313 1556 2345 (ut

898 2357 1006 2388 Cicero
1022 2356 1187 2397 loquium)
1203 2366 1359 2386 summum
1378 2354 1555 2396 imperium,

899 2406 987 2446 cujus
1010 2405 1132 2445 signum
1154 2410 1201 2434 est
1221 2409 1388 2444 sceptrum,
1407 2403 1434 2433 ei
1456 2404 1555 2434 credi-

899 2460 976 2483 tum.
1012 2454 1229 2493 Agamemnon
1245 2453 1455 2492 σκηπτοῦχος
1469 2453 1553 2493 apud

901 2502 1081 2535 Homerum,
1099 2501 1138 2531 Il.
1153 2506 1194 2532 A.
1212 2502 1285 2531 279.
1332 2500 1466 2530 Laudem.
1487 2512 1554 2531 cnm

899 2552 1046 2590 sanguine
1066 2560 1202 2588 pensare,
1226 2548 1353 2589 gloriam
1376 2554 1408 2578 et
1427 2549 1553 2589 sangui-

900 2609 970 2628 nem
994 2598 1065 2628 filiae
1089 2599 1119 2627 in
1142 2597 1256 2628 trutina
1279 2598 1461 2638 ponderare,
1479 2598 1553 2628 lue.

901 2657 960 2677 non
977 2646 1074 2677 solum
1093 2647 1207 2677 affectu
1226 2653 1364 2689 patern0‚
1380 2646 1433 2678 sed
1449 2647 1553 2688 gloriae

900 2695 993 2726 etiam
1011 2695 1111 2727 studio
1124 2695 1207 2726 duci.
