1779 3130
224 179 310 220 214

616 175 666 215 P.
700 174 913 216 OVIDII
946 173 1226 216 NASONIS

226 293 334 340 Nec
360 295 631 337 remoretur
655 288 776 345 iter;
817 305 908 336 nec
933 296 1161 351 opertum
1186 289 1404 352 pendeat
1430 291 1555 353 alga.

224 369 426 432 Myrtea
450 366 571 413 silva
591 366 778 420 subest,
807 365 1107 412 bicoloribus
1133 366 1297 412 obsita
1321 367 1506 414 baccis.

223 445 314 492 Est
339 459 517 507 specus
543 443 593 488 in
619 441 810 497 medio3
851 448 1028 488 natura
1050 441 1227 496 factus,
1256 459 1317 489 an
1344 450 1463 498 arte,
1512 447 1608 490 235

221 521 552 582 Ambiguum3
593 518 751 580 magis
777 524 879 564 arte
906 524 1101 565 tamen:
1143 534 1241 580 quo
1267 535 1399 582 saepe
1424 520 1591 567 venire

222 597 434 645 Frenato
459 596 694 659 delphine
715 595 911 650 sedens,
939 594 1086 642 Theti
1111 595 1258 650 nuda,
1287 596 1499 643 solebas.

223 675 332 722 Illic
357 682 407 721 te
433 673 634 728 Peleus,
662 680 717 719 ut
741 688 913 718 somno
936 672 1102 718 vincta
1119 671 1342 733 jacebas,

225 752 483 815 Occupat:
525 758 575 796 et
599 749 833 812 quoniam
860 749 1092 811 precibus
1117 755 1310 794 tentata
1343 765 1608 812 repugnas,

220 829 333 875 Vim
359 834 516 890 parat,
543 827 799 872 innectens
826 825 1068 872 ambobus
1094 825 1222 871 colla
1246 825 1460 872 lacertis.
1513 829 1610 872 240

221 905 368 959 Quod
391 904 484 950 nisi
508 902 745 958 venisses,
773 901 969 948 variatis
997 917 1129 964 saepe
1153 901 1337 963 figuris,

219 982 298 1028 Ad
318 980 489 1027 solitas
514 986 661 1034 artes,
689 995 810 1025 auso
835 978 959 1025 foret
984 979 1064 1025 ille
1089 978 1294 1041 potitus.

224 1057 325 1105 Sed
340 1057 485 1103 modo
500 1063 552 1102 tu
564 1056 796 1112 volucris;
826 1056 1078 1102 volucrem
1094 1063 1259 1103 tamen
1277 1056 1360 1102 ille
1377 1057 1606 1103 tenebat:

222 1134 369 1180 Nunc
395 1132 556 1195 gravis
583 1133 728 1178 arbor
748 1148 879 1185 eras;
908 1133 1128 1180 haerebat
1146 1133 1194 1178 in
1216 1133 1389 1179 arbore
1407 1133 1604 1180 Peleus.

222 1305 307 1330 terea
322 1299 423 1340 ipsum
437 1297 511 1328 litus
524 1298 652 1337 pendere
667 1297 738 1337 alga
754 1295 879 1327 dicitur.

223 1349 360 1389 Myrteta
390 1352 496 1378 amant
524 1346 634 1376 litora:
666 1345 739 1376 vide
769 1345 808 1376 ad
838 1345 880 1375 ix.

222 1398 296 1428 335.
342 1397 456 1431 Subest,
467 1395 568 1431 adest,
584 1404 678 1436 prope
691 1399 748 1430 est,
766 1400 800 1424 ut
814 1395 881 1424 sub-

221 1448 275 1482 ire,
292 1445 454 1480 accedere,
472 1443 731 1486 appropinquare.

262 1495 340 1525 237.
366 1494 496 1524 Frenato
511 1493 648 1532 delphine
661 1492 790 1531 sedeas]
816 1492 880 1522 Ne-

221 1544 321 1575 reides
342 1542 456 1574 belluis
481 1541 608 1572 marinis
634 1541 705 1571 vehi
729 1541 882 1576 solebant,

220 1603 290 1635 quae
319 1594 384 1633 equi
410 1591 556 1622 dicuntur
582 1590 753 1631 Propertio,
775 1589 840 1619 III.
862 1589 882 1620 i.

220 1642 262 1672 46
275 1654 282 1680 3
306 1641 378 1672 hinc
395 1640 533 1679 delphino
548 1638 733 1669 insidentem
747 1637 884 1669 Thetida

220 1690 374 1721 finxerant
389 1689 481 1731 prisci
497 1694 618 1730 poetae;
640 1687 796 1724 Tibullus,
812 1688 838 1718 Ι.
854 1699 883 1718 ν.

219 1741 271 1770 45.
290 1739 371 1770 Talis
394 1741 433 1769 ad.
456 1738 641 1768 Hzrmouium
666 1737 771 1767 Nereis
793 1737 883 1767 Pelea

220 1791 363 1829 quondam
385 1788 473 1818 Vecta
491 1786 666 1828 estfrenuto
682 1787 792 1816 merula
805 1787 883 1824 pisce

224 1838 340 1875 Thetis,
365 1837 494 1871 Statius,
509 1835 608 1865 Theb.
625 1835 646 1865 i.
664 1835 738 1865 130.
756 1835 817 1864 Hic
834 1836 880 1865 in-

218 1893 333 1926 sperato
356 1885 507 1926 Tyrrheni
531 1891 647 1925 tergore
669 1886 755 1923 piscis
779 1884 882 1914 Peleos

220 1937 251 1966 in
277 1936 420 1965 thalamos
445 1934 564 1963 vehitur
593 1932 701 1962 Thetis.
747 1932 881 1972 Ᾱῖιμιονα

219 1984 339 2023 delphin
355 1983 501 2021 Corripit.
548 1980 608 2010 Illa
625 1982 703 2011 sedet
718 1982 830 2020 dejecta
849 1983 880 2011 in

220 2034 333 2062 Iumina
353 2032 448 2070 palla,
467 2030 530 2060 Nec
545 2030 617 2060 Jove
639 2032 777 2069 majorem
799 2032 880 2060 nasci

220 2083 349 2120 suspirat
367 2081 523 2110 Achillem.

261 2132 336 2162 238.
365 2130 407 2160 Ut
430 2140 526 2160 somno
548 2128 677 2167 tincta]
706 2128 811 2168 Vulgo
832 2128 880 2169 (et

220 2181 251 2210 in
275 2178 385 2210 nostris
408 2177 534 2218 Regiis)
554 2179 643 2208 victa.
690 2176 770 2207 Cum
797 2176 880 2206 omni

219 2228 362 2270 sequenti
388 2227 455 2257 loco
481 2226 562 2256 conf.
586 2225 674 2265 Virg.
697 2225 811 2266 Georg.
838 2225 878 2255 iv.

221 2278 379 2307 400-45.
416 2276 548 2305 Somnus
562 2273 661 2315 poetis
677 2273 791 2303 dicitur
806 2284 879 2304 ocu·

218 2326 262 2357 los
286 2331 317 2356 et
335 2324 475 2354 membra
496 2322 679 2364 δεσμεύειν;
704 2322 767 2352 vid.
783 2323 879 2352 Hein-

219 2375 295 2406 sius.
351 2374 496 2413 Occupat,
538 2372 694 2413 opprimit.
752 2371 879 2402 Tentata

221 2425 347 2455 sortasse
362 2422 477 2464 optime
493 2421 689 2463 conjungitur
700 2431 770 2451 cum
784 2423 879 2460 preci-

221 2475 284 2503 bus.
332 2472 475 2502 Precibus
494 2477 620 2507 tentare,
636 2469 780 2511 precibus
795 2470 877 2511 peri-

222 2523 326 2553 culum
343 2521 444 2551 facere
459 2530 498 2550 an
515 2519 584 2561 capi
600 2520 706 2560 possit.
750 2519 802 2548 Sin
816 2524 880 2548 ten-

222 2578 286 2602 tata
309 2570 450 2600 absolute
472 2568 605 2610 positum
630 2573 733 2609 putas,
746 2568 880 2606 precibus

222 2620 340 2651 dictum
363 2618 420 2648 erit
444 2628 508 2658 pro,
524 2617 674 2658 precanti,
691 2622 724 2646 ut
747 2615 812 2646 viii.
829 2617 880 2646 73.

226 2669 291 2699 Vim
303 2674 406 2706 parat.
443 2665 599 2696 Hesiodus
610 2665 643 2695 d.
664 2666 686 2695 l.
727 2665 831 2703 Πηλεῖ
849 2662 880 2694 δὲ

224 2717 380 2758 δμηθεῖσα
422 2715 479 2746 Seri
523 2713 611 2750 Θέτις
654 2712 876 2754 ἀργυρόπεζα.

949 1295 1023 1326 Vim
1050 1301 1139 1336 parat
1166 1295 1260 1326 etiam
1285 1295 1369 1336 apud
1388 1295 1612 1336 Apollodorum

947 1349 979 1375 et
1002 1343 1184 1385 Euripidem
1207 1349 1331 1374 auctore
1352 1344 1464 1374 Tzetza
1489 1344 1528 1374 ad
1551 1345 1612 1385 Ly-

949 1393 1055 1434 cophr.
1071 1404 1102 1434 p.
1117 1394 1168 1424 37.
1213 1393 1251 1423 In
1268 1403 1340 1423 arca
1356 1393 1488 1434 Cypseli
1503 1393 1613 1423 Thetis

949 1443 1134 1472 cernebatur
1157 1452 1292 1483 anguem
1316 1442 1486 1472 immittens
1505 1442 1538 1472 in
1554 1442 1613 1473 Pe-

949 1490 1010 1527 lea,
1041 1491 1094 1532 qui
1128 1491 1227 1532 ipsam
1265 1496 1390 1532 captare
1427 1491 1612 1522 conabatur.

949 1539 1011 1570 Sed
1027 1539 1172 1570 Catullus
1193 1539 1270 1569 nihil
1292 1539 1386 1570 habet
1407 1539 1445 1569 de
1462 1542 1502 1575 vi,
1518 1546 1613 1581 atque

949 1588 1041 1619 etiam
1060 1588 1144 1630 apud
1156 1588 1320 1619 Valerium
1337 1588 1486 1619 Flaccum
1502 1588 1613 1619 lubens

950 1638 990 1668 ad
1016 1638 1144 1669 Peleum
1170 1638 1336 1668 deducitur
1362 1637 1510 1679 delphino
1539 1638 1613 1669 insi-

950 1687 1039 1718 dens.
1087 1687 1244 1718 Inneetere
1259 1688 1335 1717 colla
1354 1688 1472 1717 lacertis
1487 1687 1612 1728 elegan-

951 1737 1012 1768 tius
1033 1747 1139 1778 quam,
1156 1736 1284 1778 injicere
1305 1736 1436 1766 lacertos
1459 1737 1550 1773 collo,
1566 1748 1614 1767 ve-

950 1789 1016 1816 nire
1033 1788 1072 1816 ad
1087 1792 1166 1816 artes
1180 1792 1216 1816 ut
1231 1788 1343 1816 deverti
1360 1788 1398 1815 ad
1414 1792 1494 1816 artes
1505 1786 1547 1816 ix.
1560 1788 1612 1818 62.

950 1834 1003 1865 ubi
1017 1834 1089 1864 vide
1110 1840 1226 1864 notam.
1272 1835 1351 1864 Auso
1370 1836 1464 1872 potiri
1483 1834 1562 1864 dixit
1581 1840 1613 1866 et

949 1882 1113 1924 Virgilius,
1146 1882 1278 1913 sEneid.
1307 1882 1349 1913 vi.
1378 1883 1452 1912 624.
1506 1882 1615 1913 Thetis

948 1931 1139 1962 transformis
1153 1942 1213 1961 non
1231 1931 1346 1967 minus,
1365 1942 1458 1972 quam
1471 1932 1612 1968 Proteus,

947 1979 1013 2010 viii.
1040 1981 1102 2010 730
1130 1991 1202 2021 sqq.
1227 1986 1257 2011 et
1283 1980 1509 2010 Erisichthonis
1534 1980 1611 2017 filia,

946 2029 1021 2060 ibid.
1068 2028 1224 2059 Videntur
1246 2034 1350 2059 autem
1366 2028 1544 2070 philosophi
1559 2040 1610 2060 ve-

946 2084 1039 2114 teres,
1055 2078 1168 2119 quibus
1183 2088 1220 2108 ex
1238 2078 1328 2118 aquis
1347 2078 1451 2108 omnia
1471 2084 1612 2110 constare

946 2128 1102 2169 placebat,
1120 2126 1407 2157 transformationes
1433 2127 1518 2157 illius
1545 2128 1608 2159 ele-

947 2176 1043 2206 menti
1073 2176 1104 2206 in
1132 2175 1237 2206 omnia
1271 2186 1410 2216 corpora,
1440 2176 1611 2217 symbolica

947 2224 1005 2255 hac
1022 2224 1129 2254 fabula
1140 2223 1344 2265 expressisse:
1362 2224 1432 2254 vide
1449 2225 1610 2265 Heynium

946 2273 985 2304 ad
1014 2273 1191 2314 Virgilium,
1217 2273 1333 2314 Georg.
1358 2273 1399 2303 iv.
1423 2275 1497 2303 387.
1543 2273 1608 2304 Alii

945 2328 1058 2364 putant
1081 2323 1138 2352 hoc
1161 2322 1234 2358 dici,
1254 2322 1391 2352 Thetida
1415 2333 1521 2353 omnes
1542 2323 1609 2353 vias

947 2382 983 2402 ac
1007 2371 1113 2401 modos
1134 2372 1283 2407 tentasse,
1302 2376 1335 2401 ut
1357 2382 1389 2401 se
1412 2371 1609 2402 subtraheret

947 2419 1034 2450 Pelei
1050 2420 1255 2449 matrimonio.

989 2470 1063 2499 244.
1089 2470 1208 2504 Gravis,
1231 2474 1374 2510 torpens;
1398 2468 1419 2499 i.
1441 2470 1517 2499 548.
1536 2480 1608 2509 gra-

946 2520 989 2549 vis
1015 2525 1133 2557 torpor-5
1168 2518 1199 2549 ii.
1223 2519 1295 2548 821.
1320 2519 1455 2559 gravitas
1484 2520 1607 2559 ignava.

950 2567 1060 2597 Tenere
1072 2573 1101 2597 et
1114 2568 1222 2597 hoerere
1238 2567 1397 2607 eleganter
1408 2566 1447 2596 de
1458 2567 1608 2608 amplexi-

946 2617 1022 2653 bus3
1059 2616 1081 2646 i.
1109 2617 1191 2655 4853
1218 2616 1259 2646 iv.
1289 2616 1369 2652 1843
1401 2615 1556 2652 Tibullus,
1581 2616 1607 2646 Ι.

947 2675 976 2696 ν.
993 2665 1043 2696 39.
