1779 3130
388 148 1005 191 METAMORPHOSEON
1038 148 1152 190 LIB.
1179 148 1287 190 XV.
1445 150 1529 189 459

144 261 452 308 Credulitate
479 263 648 325 patris,
677 263 929 310 sceleratae
955 263 1124 309 fraude
1151 278 1371 310 novercae

144 336 456 385 Occubuisse
482 340 617 386 neci:
658 339 914 394 mirabere,
941 340 1124 401 vixque
1153 339 1389 401 probabo.

143 413 244 460 Sed
270 422 434 461 tamen
461 417 544 463 ille
563 433 655 478 ego
681 432 790 462 sum
811 434 819 464 :
849 433 926 463 me
954 416 1253 479 Pasiphaeia
1276 414 1524 477 quondam

138 489 406 536 Tentatum
430 491 610 538 frustra
634 493 847 555 patrium
872 494 1142 539 temereisse
1168 491 1346 545 cubile,

1429 493 1519 536 501

140 563 287 617 Quod
311 565 478 620 voluit,
506 567 650 613 finxit
673 568 903 622 voluisse,
932 577 981 614 et
1005 567 1208 613 crimine
1232 581 1388 620 verso,

140 639 382 688 Indiciine
407 647 541 688 metu
568 642 740 704 magis,
769 642 1019 689 offensane
1046 642 1270 704 repulsae,

139 715 344 778 Arguit:
386 717 786 780 immeritumque
812 726 952 781 pater
977 717 1184 781 projecit
1209 717 1270 763 ab
1297 717 1434 772 urbe,

139 790 424 855 Hostilique
450 802 600 856 caput
625 810 769 856 prece
795 795 1071 841 detestatur
1096 793 1273 840 euntis.

1426 795 1519 839 505

141 867 393 916 Pittheam
418 869 626 932 profugo
652 886 795 916 curru
822 869 1061 917 Troezena
1085 869 1343 932 petebam3

136 1016 211 1046 Ital.
228 1022 294 1047 ant.
311 1028 381 1059 pag.
397 1019 457 1048 931
475 1029 499 1049 s.
534 1019 605 1049 Fuit
620 1019 793 1050 Ariciorum

137 1064 306 1096 domestica
322 1067 449 1103 fabula;
475 1067 696 1099 Pausan.ii.9.
725 1069 791 1099 l'es-

138 1120 210 1150 tras,
221 1122 304 1154 puto,
316 1118 442 1157 contigit
454 1129 491 1146 un
499 1128 551 1147 res.
575 1117 741 1157 Eleganter
754 1118 793 1148 de

137 1163 220 1193 fama
248 1163 389 1204 loquens,
423 1172 532 1195 vestras
560 1165 660 1206 inquit
689 1167 791 1206 plura-

136 1211 224 1242 liter:
250 1212 361 1243 deinde
379 1213 496 1244 addens
514 1213 708 1249 miraculum,
730 1215 792 1244 siu-

136 1260 282 1300 gulariter
309 1263 464 1296 mirabere,
495 1268 654 1302 tamquam
685 1262 793 1293 notitia

135 1308 175 1338 ad
186 1318 302 1344 omnes,
319 1310 503 1341 miraculum
518 1321 589 1341 vero
605 1311 737 1342 maxime
755 1311 793 1341 ad

136 1357 278 1397 Egeriam
296 1364 429 1398 spectet.
479 1359 667 1389 Credulitale
688 1363 794 1398 patris,

135 1405 165 1436 id
182 1412 229 1436 est
243 1406 369 1449 Thesei,
386 1407 439 1448 qui
454 1407 581 1438 nimium
595 1408 685 1439 facile
696 1409 793 1439 credi-

135 1454 181 1484 dit
192 1455 332 1485 Phaedrae
343 1456 428 1486 uxori
438 1456 611 1497 privignum
624 1457 793 1488 accusanti.

178 1505 251 1534 500.
288 1505 480 1543 Pasiphaeia,
512 1505 645 1536 Phaedra
674 1506 795 1537 Mino'r‘s

136 1558 167 1582 et
178 1552 350 1594 Pasiphaes
363 1552 437 1589 filia,
453 1564 559 1594 quam,
576 1560 697 1584 mortua
714 1555 791 1596 Ilip-

134 1600 252 1642 polyta,
268 1601 431 1642 conjugem
452 1601 540 1632 duxit
554 1603 702 1633 Theseus.
747 1604 794 1633 Ea

136 1649 251 1679 exarsit
265 1649 296 1679 in
312 1659 446 1679 amorem
458 1650 632 1691 Hippolyti,
644 1657 675 1681 et
690 1652 792 1682 studio

135 1698 268 1729 venandi
297 1704 328 1728 et
363 1698 541 1738 virginitate
571 1699 709 1730 Dianam
739 1711 790 1730 co—

137 1746 240 1776 lentis.
288 1747 418 1777 Frustra
453 1754 599 1777 tentatum
626 1749 788 1788 juvenem,

134 1794 347 1836 indignissime
365 1795 514 1825 serentem
531 1795 666 1826 incestos
683 1808 790 1828 nover-

134 1854 178 1874 cae
197 1854 324 1879 amores,
349 1846 465 1885 arguit,
486 1846 619 1884 patrium
639 1848 790 1876 temerasse

134 1894 241 1928 cubile,
257 1892 289 1922 id
311 1898 358 1922 est
381 1893 490 1924 incesti
510 1895 606 1933 stupri
630 1893 788 1925 insimula-

132 1941 188 1972 vit.
235 1941 399 1977 Temerare,
429 1947 533 1983 stupro
561 1941 708 1983 polluere,
735 1955 789 1982 ym-

133 1993 227 2020 trium
255 1992 351 2020 cubile
376 1990 468 2020 etiam
495 1990 528 2021 ii.
553 1992 636 2027 592;
666 1993 789 2032 χρᾶναι

134 2038 241 2080 λέχος,
261 2039 368 2080 Eurip.
394 2040 484 2069 1266.
531 2039 685 2070 Credulus
703 2047 790 2081 pater

133 2088 224 2118 fidem
242 2088 360 2118 habens
378 2087 478 2118 fraudi
498 2088 655 2118 sceleratae
677 2099 786 2119 nover-

131 2147 188 2173 cae,
216 2138 405 2172 immeritum,
434 2137 639 2171 innocentem,
666 2140 789 2177 projecit

131 2188 169 2215 ab
188 2187 271 2221 urbe,
294 2185 326 2216 in
352 2185 478 2216 exilium
503 2186 617 2226 abegit,
634 2187 789 2226 hostilique

129 2246 215 2274 prece
226 2241 317 2273 caput
332 2237 396 2274 ejus
409 2236 587 2269 detestatur,
606 2234 788 2275 Neptunum

131 2288 209 2319 orat,
231 2288 265 2313 ut
287 2283 385 2313 filium
404 2283 442 2313 ob
466 2283 568 2313 cubile
589 2282 722 2323 patrium
744 2288 787 2313 te-

131 2338 282 2363 meratum
297 2331 472 2362 interficiat.
518 2332 592 2362 Ver.
608 2333 681 2362 502.
703 2332 788 2366 Quod

131 2382 238 2416 voluit,
259 2387 318 2411 etc.
341 2391 412 2411 cum
432 2379 559 2411 Heinsio
581 2380 786 2410 adulterinum

127 2429 244 2471 judico.
289 2429 363 2460 Post
377 2429 524 2471 offensane
542 2430 664 2469 repulsa·
681 2428 786 2459 subin-

131 2478 236 2518 tellige
264 2479 387 2508 dubium
412 2485 463 2508 est.
507 2478 655 2508 Heinsius
683 2483 787 2507 tamen

132 2526 316 2568 suspicatur,
338 2527 374 2558 τὸ
393 2530 487 2569 magis
506 2527 674 2568 obrepsisse
695 2525 726 2556 in
743 2526 786 2556 lo-

131 2586 204 2606 cum
232 2577 290 2606 τοῦ
318 2577 453 2608 dubiwn.
499 2576 614 2616 Prqjici
637 2586 720 2616 saepe
748 2575 786 2606 de

131 2623 276 2655 exulibus
290 2624 352 2656 dici
367 2625 458 2656 docet
472 2626 683 2656 Burmannus.
719 2624 786 2664 Hy-

131 2673 232 2714 ginus,
247 2684 264 2705 e
279 2674 457 2716 conjectura
471 2673 633 2709 Schefferi,
648 2674 788 2704 moenibus

860 1022 995 1049 eir-edere
1009 1019 1115 1058 jussit.
1162 1017 1319 1047 lndictum
1340 1016 1368 1047 ei
1393 1022 1450 1051 est,
1478 1016 1520 1052 ὡς

861 1069 917 1099 οὐκ
933 1068 974 1099 ἔτ’
993 1068 1028 1098 ἐν
1046 1068 1089 1109 γῇ
1106 1065 1176 1108 τῇδ’
1193 1064 1394 1106 ἀναστρέψω
1415 1064 1521 1104 πόδας

860 1118 969 1158 Eurip.
993 1127 1056 1147 ver.
1086 1117 1186 1152 [1763
1211 1122 1241 1145 ct
1265 1126 1328 1145 ver.
1352 1116 1427 1145 893.
1454 1114 1519 1155 ipse

860 1167 1008 1201 Theseus,
1034 1165 1128 1199 ἐξελῶ
1149 1170 1203 1204 σφε
1226 1162 1322 1201 rna&
1343 1166 1415 1204 γῆς·
1442 1163 1518 1193 973.

863 1213 965 1254 ἕξεῤῥε
982 1214 1078 1255 γαίης
1090 1212 1183 1250 τῆσδε
1197 1211 1274 1242 ὅσον
1289 1210 1388 1251 τάχος
1399 1210 1516 1252 φυγάς.

862 1262 974 1292 Hostili
988 1273 1092 1301 pree&
1118 1259 1338 1301 imprecatione
1355 1259 1433 1288 hosti
1447 1269 1518 1289 con-

862 1310 1015 1346 veniente,
1045 1320 1105 1340 non
1134 1308 1233 1350 patri:
1271 1308 1408 1338 Theseus
1437 1307 1520 1337 enim

862 1359 1044 1400 Neptunum
1075 1364 1192 1399 patrem
1223 1363 1369 1399 precatus
1401 1362 1459 1392 est,
1486 1362 1520 1386 ut

860 1408 1051 1449 Hippolytus
1068 1407 1148 1437 filius
1164 1406 1398 1447 discerperetur.

904 1458 978 1487 506.
1006 1457 1168 1491 Pittheam,
1200 1455 1251 1485 ubi
1282 1453 1426 1484 Pittheus
1450 1464 1518 1494 reg-

861 1505 965 1540 nabat,
989 1505 1070 1546 apud
1096 1514 1188 1545 quem
1212 1502 1362 1533 educatus
1387 1502 1517 1543 Hyppo-

861 1553 954 1594 lytuS.
1001 1553 1115 1584 Confer
1139 1563 1209 1583 cum
1232 1550 1433 1592 sequentibus
1454 1551 1517 1581 Eu-

860 1601 1000 1642 ripidem,
1028 1612 1091 1632 ver.
1119 1601 1200 1630 1102
1223 1610 1294 1640 sqq.
1320 1599 1372 1629 ubi
1392 1598 1517 1629 nuntius

860 1650 926 1680 haec
951 1656 1063 1681 narrat.
1108 1649 1157 1679 Ibi
1180 1648 1369 1690 Hippolytus
1392 1647 1441 1677 via
1464 1658 1517 1677 ve-

860 1698 953 1735 hitur,
981 1709 1050 1739 quae
1079 1704 1163 1728 recto
1193 1696 1315 1727 tramite
1343 1695 1382 1726 ad
1416 1695 1517 1735 Argos

858 1747 945 1777 ducit
958 1754 988 1778 et
1006 1747 1206 1788 Epidaurum.
1245 1745 1307 1775 Ubi
1323 1744 1396 1774 litus
1412 1744 1516 1784 attigit

857 1796 942 1837 ponti
965 1795 1113 1830 Saronici‚
1137 1793 1238 1834 gravis
1262 1793 1411 1829 fremitus,
1435 1798 1515 1823 tam-

858 1855 952 1885 quam
969 1844 1083 1874 tonitru
1105 1843 1191 1874 Jovis
1212 1842 1346 1877 auditur,
1363 1852 1424 1882 quo
1445 1852 1513 1883 per-

857 1893 938 1923 cussi
953 1893 1024 1934 equi
1034 1899 1128 1933 caput
1138 1902 1288 1932 auresque
1302 1891 1450 1931 arrigunt,
1463 1901 1514 1920 co-

858 1941 1007 1983 mitesque
1023 1948 1106 1971 metu
1119 1940 1332 1981 corripiuntur.
1347 1940 1423 1970 Mox
1437 1940 1514 1970 fluc-

857 1996 906 2021 tus
921 1990 1113 2021 decumanus
1125 1990 1163 2020 ad
1177 1995 1258 2019 astra
1270 1999 1408 2028 surgens,
1421 1994 1515 2030 atque

856 2039 1004 2070 isthmum
1037 2045 1219 2080 petramque
1256 2037 1430 2078 AEsculapii
1459 2038 1513 2067 ab·

856 2088 1018 2124 scondens,
1045 2094 1176 2123 taurum,
1206 2087 1303 2116 ferum
1329 2091 1511 2122 monstrum,

856 2137 1018 2178 protrudit,
1055 2147 1117 2177 quo
1152 2141 1385 2166 consternantur
1429 2135 1513 2176 equi.

857 2185 1045 2227 Hippolytus
1068 2184 1220 2225 equestris
1242 2183 1317 2213 artis
1333 2194 1446 2224 gnarus
1465 2194 1512 2214 ar-

855 2234 927 2275 ripit
942 2234 1092 2264 habenas.
1137 2234 1278 2263 Frustra:
1304 2238 1369 2262 rota
1382 2231 1514 2262 illiditur

855 2293 940 2318 saxo,
964 2293 1069 2313 currus
1091 2282 1204 2312 labitur
1225 2280 1406 2321 excutitque
1431 2281 1509 2321 Hip—

855 2332 1005 2373 polytum.
1058 2331 1154 2361 Miser
1191 2329 1320 2360 habenis
1356 2329 1512 2359 involutus

855 2386 1013 2421 raptatur3
1058 2385 1153 2420 caput
1196 2377 1376 2419 impingitur
1415 2378 1510 2413 saxis,

855 2430 994 2459 membra
1008 2429 1219 2459 vulnerantur.
1262 2426 1402 2456 Tandem
1418 2427 1510 2457 sectis

855 2478 1000 2508 comitum
1036 2488 1093 2519 ope
1122 2477 1204 2512 loris,
1233 2475 1381 2506 exanimis
1413 2476 1511 2517 jacet.

854 2526 915 2556 Sed
933 2526 1010 2556 illud
1032 2528 1173 2556 exanimis
1192 2532 1219 2555 et
1239 2531 1399 2555 eatremnm
1420 2526 1509 2564 spiri-

856 2581 918 2605 tum
935 2576 1054 2605 trahens
1065 2573 1178 2604 Ovidio
1189 2584 1249 2604 non
1261 2572 1335 2604 satis
1349 2572 1406 2604 fuit
1414 2585 1422 2611 ;
1445 2573 1506 2604 sin-

853 2623 929 2663 gula
956 2623 1093 2654 membra
1121 2621 1204 2653 foede
1238 2621 1395 2663 discerpta
1421 2622 1509 2653 nobis

854 2671 998 2704 ostendit.
