1779 3130
402 173 446 212 M
456 171 1023 212 ETAMORPHOSEON
1057 171 1176 212 LIB.
1210 171 1273 211 X.

136 287 271 332 Aura
296 286 442 333 refert
466 286 633 332 oblata
657 285 767 331 citis
791 285 965 331 talaria
989 286 1197 348 plantis:

135 361 396 424 Tergaque
416 364 669 424 jactantur
694 361 854 407 crines
876 377 964 423 per
989 362 1223 414 eburnea,
1251 375 1464 422 quaeque

135 438 415 499 Poplitibus
441 438 678 483 suberant
702 437 837 498 picto
866 436 1096 497 genualia
1122 436 1301 490 limbo;

136 513 296 574 Inque
322 513 528 575 puellari
555 527 733 573 corpus
757 512 972 557 candore
998 511 1226 557 ruborem

134 588 389 645 Traxerat3
410 588 540 635 haud
553 587 709 640 aliter,
725 603 875 648 quam
893 603 1044 648 quum
1058 602 1206 648 super
1222 587 1347 632 atria
1356 588 1516 632 velum

136 664 365 711 Candida
391 679 691 727 purpureum
718 663 974 708 simulatas
998 662 1152 708 inficit
1176 662 1391 707 umbras.
1421 665 1515 708 596

135 740 265 786 Dum
283 747 420 787 notat
436 741 542 786 haec
560 740 758 801 hospes,
772 739 982 786 decursa
996 737 1262 784 novissima
1277 746 1408 784 meta
1420 744 1511 792 est;

134 815 198 863 Et
228 817 411 877 tegitur
435 816 562 862 festa
586 814 762 861 victrix
788 815 1022 862 Atalanta
1047 830 1245 861 corona.

129 990 282 1026 locum‚in
295 996 398 1021 nostra
410 990 557 1021 editione.
577 991 660 1020 Len.
687 990 786 1020 Picto:

129 1038 199 1069 vide
216 1039 255 1070 ad
271 1040 314 1070 vi.
332 1041 358 1070 1.
404 1040 560 1070 Caeterum
578 1039 638 1069 huc
655 1040 789 1079 respexit

127 1087 287 1118 Sidoniam.
343 1089 449 1129 Apoll.
491 1099 603 1129 paneg.
648 1088 761 1128 Major.
781 1100 785 1116 :

127 1140 147 1152 ‘¹
164 1136 357 1177 Plantasque
381 1137 530 1177 superbas
553 1136 647 1166 Haud
672 1135 716 1166 ita
737 1147 789 1176 per

126 1184 243 1215 siccam
267 1186 408 1216 Nemeen
438 1185 517 1216 citus
543 1185 655 1215 extulit
678 1184 787 1220 Arcas,

127 1233 226 1274 Cujus
254 1234 286 1264 in
316 1234 422 1264 *Etolo
452 1234 633 1264 volitantem
661 1234 787 1274 pulvere

127 1289 256 1312 matrem
272 1281 400 1313 Horruit
411 1282 658 1324 Hippomenes.”

170 1333 244 1362 594.
278 1333 441 1367 Puellaris,
464 1343 525 1373 quo
553 1331 688 1371 insignes
716 1336 787 1361 sunt

126 1381 254 1422 puellae,
270 1392 339 1422 quae
355 1381 428 1411 inde
449 1380 563 1422 passim
579 1381 714 1410 candida>
731 1390 784 1409 vo-

125 1436 254 1460 cantur:
278 1435 362 1460 amat
383 1429 516 1460 Ovidius
540 1430 570 1459 h.
586 1439 653 1459 voc.
671 1428 740 1458 vide
757 1439 786 1458 v.

126 1479 206 1515 3933
232 1479 315 1508 Fast.
332 1489 362 1508 ν.
382 1479 454 1508 611.
503 1478 632 1507 Trahere
652 1478 786 1507 ruborem

126 1531 173 1555 est
187 1526 281 1556 etiarn
298 1526 342 1556 iii.
359 1527 420 1556 482
434 1537 441 1563 3
469 1526 586 1555 trahere
601 1527 723 1566 nigrum
738 1537 785 1555 co-

125 1575 214 1605 lorem
233 1574 264 1605 ii.
280 1576 363 1612 236;
389 1575 506 1604 trahere
519 1575 636 1615 ⁶faciem
658 1574 678 1604 i.
701 1574 782 1603 412:

126 1622 157 1653 in
174 1623 221 1653 his
235 1625 350 1653 trahere
366 1631 412 1654 est
427 1623 579 1663 accipere.
626 1623 785 1653 Ruborem

124 1672 212 1701 illum
235 1672 365 1702 mixtum
394 1672 521 1702 candori
546 1671 615 1701 aliis
640 1671 785 1702 similitu-

125 1720 250 1750 dinibus
267 1721 379 1750 Noster
394 1721 528 1751 illustrat
544 1720 587 1750 iii.
605 1721 680 1750 482.
696 1725 727 1750 et
742 1720 784 1750 iv.

125 1770 185 1799 331
200 1781 207 1807 ;
231 1769 299 1800 aliis
312 1769 406 1799 etiarn
419 1768 575 1803 Tibullus,
588 1769 650 1799 III.
667 1768 707 1798 iv.
723 1769 782 1798 33:

130 1818 172 1847 Ut
187 1829 253 1847 cnm
271 1823 430 1848 contenent
446 1819 631 1847 uniaranthis
646 1818 713 1846 alba
726 1829 783 1856 pu-

123 1867 187 1896 ellae
203 1866 309 1902 Lilia;
334 1873 369 1896 ut
390 1875 535 1896 ‹tummim›
555 1868 686 1896 candida
706 1867 785 1895 mala

124 1916 243 1945 rubent.
284 1915 397 1950 Velum,
413 1915 559 1945 aulaeum.
606 1914 686 1945 Vela
704 1924 781 1954 prae-

124 1963 209 1994 tendi
224 1964 366 1994 solebant
385 1964 469 1994 atriis
482 1969 514 1994 et
529 1963 692 1998 cubiculis,
709 1962 781 1993 hinc

124 2013 230 2042 velarit
255 2011 344 2047 servi,
362 2011 415 2053 qui
434 2011 572 2042 velorum
596 2021 702 2042 (suram
726 2010 780 2040 ha-

121 2061 251 2091 bebant.
310 2061 474 2091 Simulatas
512 2061 609 2100 inficit
650 2060 780 2089 unzbras.

122 2109 282 2150 Quinque,
300 2111 389 2139 simul
412 2112 473 2140 edit
494 2116 521 2139 et
544 2111 659 2149 inficit5
681 2109 782 2138 Aron·

123 2157 185 2188 del.
201 2159 289 2187 simul
310 2160 423 2195 addat;
448 2158 509 2188 duo
531 2157 669 2188 Medieei
692 2158 781 2186 simul

123 2209 191 2237 edat
203 2218 212 2243 ;
230 2217 309 2237 unus
319 2206 525 2237 Bononiensis
539 2207 662 2236 similem
672 2207 780 2241 datur,-

121 2261 190 2286 octo
205 2257 293 2286 simul
313 2262 340 2286 et
356 2257 409 2286 dat
423 2262 450 2286 et
466 2256 574 2295 inficit.
620 2255 782 2284 Simulatas

121 2305 219 2344 inficit
241 2306 359 2334 umbras
374 2305 490 2346 recepit
506 2303 654 2334 Heinsius
676 2314 692 2334 e
710 2303 779 2334 Flo-

120 2359 200 2384 rent.
229 2354 260 2383 S.
287 2353 408 2383 Marci:
455 2353 568 2383 vellem
597 2351 779 2387 addidisset,

121 2402 197 2443 quid
218 2401 268 2438 sit,
283 2402 438 2432 simulatas
455 2402 574 2431 umbras
595 2401 716 2441 inficere
730 2411 779 2431 su-

119 2461 172 2490 per
187 2453 279 2481 atria.
326 2450 472 2490 Intelligo
485 2449 611 2490 quidem
625 2451 780 2480 simulatas

120 2501 250 2534 umbras,
265 2499 436 2530 assimilata
450 2498 604 2529 coloribus
619 2498 697 2536 veli;
714 2499 777 2529 scio

120 2548 225 2584 etiam,
238 2547 339 2578 velum
356 2552 439 2578 recte
454 2546 516 2577 dici
529 2549 641 2577 atrium
654 2548 776 2577 simula-

123 2599 160 2627 tis
183 2598 294 2627 umbris
314 2598 446 2637 injicere,
462 2596 529 2627 scil.
544 2595 679 2626 eolorare
693 2606 698 2624 :
723 2594 775 2625 sed

123 2645 220 2676 altera
236 2645 399 2676 locutionis
412 2645 505 2676 forma
524 2644 686 2674 durissima
704 2644 777 2673 mihi

122 2694 252 2725 videtur.
297 2695 429 2725 Praestat
441 2694 524 2725 haud
537 2693 629 2724 dubie
644 2693 780 2733 Vulgata

856 993 979 1021 similem
1003 993 1053 1020 dat
1079 997 1107 1020 et
1132 990 1229 1029 inficit
1252 989 1398 1022 umbram,
1416 998 1515 1028 quan-

856 1049 951 1079 quam
964 1049 1064 1079 neque
1081 1038 1148 1068 haee
1164 1037 1238 1067 satis
1253 1036 1368 1077 placet.
1415 1036 1519 1065 Caete-

857 1099 923 1117 rum
944 1087 1076 1117 eandem
1092 1086 1230 1116 velorum
1252 1083 1450 1114 infectionem
1467 1094 1517 1113 co-

856 1136 973 1178 piosius
997 1134 1146 1166 describit
1166 1135 1291 1164 Lucret.
1315 1132 1356 1162 iv.
1380 1132 1517 1162 73-84.

854 1185 908 1216 ubi
934 1186 1014 1214 lutea
1038 1194 1178 1224 russaque
1203 1183 1268 1212 vela
1296 1188 1324 1212 et
1340 1181 1515 1221 jerruglna

855 1236 970 1275 magnis
991 1236 1107 1263 intenta
1130 1233 1254 1262 theatris
1274 1241 1386 1260 omnem
1402 1240 1512 1259 conses-

853 1294 917 1313 sum
932 1293 1025 1312 caveae
1043 1283 1152 1315 subter,
1168 1287 1195 1311 et
1210 1290 1321 1309 omnem
1342 1289 1433 1309 scenae
1454 1289 1515 1317 ¹‹spe—

853 1334 926 1362 ciem
950 1332 1103 1371 injiciunt,
1128 1335 1294 1370 coguntque
1317 1339 1367 1358 suo
1381 1328 1515 1368 fluitare

853 1381 958 1415 colore,
985 1384 1048 1409 etc.
1093 1379 1172 1408 Haec
1198 1383 1302 1407 nostra
1325 1381 1429 1406 autem
1455 1386 1515 1406 non

854 1428 931 1459 dicit
954 1428 1128 1463 Romanus,
1143 1426 1198 1457 sed
1214 1426 1333 1461 Venus,
1351 1435 1413 1465 quo
1437 1429 1513 1455 tem-

854 1488 927 1519 pore
969 1475 1106 1506 nondum
1145 1474 1216 1506 talis
1255 1474 1389 1504 velorum
1427 1483 1513 1504 usus,

854 1526 937 1556 Mire
953 1525 1066 1555 erravit
1087 1525 1130 1554 cl.
1148 1524 1268 1564 Gierig,
1284 1533 1378 1563 quum
1401 1521 1514 1552 dixerit

854 1574 1019 1605 Heinsium
1039 1572 1192 1615 recepisse
1211 1572 1365 1602 simulatas
1381 1572 1512 1600 umbras.

853 1623 945 1654 Certe
969 1623 1113 1652 similatus
1133 1622 1251 1650 umbras
1271 1619 1400 1649 deduxit
1416 1618 1512 1648 Hein-

851 1671 914 1702 sius
936 1682 973 1701 ex
997 1670 1176 1700 Florentino
1197 1668 1316 1703 codice,
1333 1677 1426 1708 quem
1446 1677 1511 1697 oui-

851 1721 937 1751 nium
959 1719 1109 1761 optimum
1132 1719 1220 1754 dicit,
1235 1723 1266 1748 et
1291 1727 1385 1757 quem
1408 1715 1511 1756 sequi-

851 1775 916 1800 tur:
933 1769 1022 1799 addit
1032 1769 1125 1799 etiam
1137 1772 1156 1785 ‘⁴
1168 1768 1236 1797 Nec
1247 1765 1368 1796 abludit
1377 1764 1513 1806 Spirens.

851 1818 883 1849 in
907 1829 978 1859 quo,
995 1818 1099 1847 similis
1118 1819 1171 1846 dat
1195 1823 1222 1846 et
1246 1813 1380 1855 inficit.”
1426 1814 1511 1842 Prae-

852 1873 935 1898 terea
956 1866 1076 1907 Regius
1099 1871 1201 1895 noster
1216 1865 1245 1894 A
1262 1864 1350 1894 simul
1371 1868 1398 1891 et
1413 1864 1467 1891 dat
1482 1868 1509 1891 et

847 1917 944 1956 inficit
968 1917 1123 1949 umbram;
1154 1920 1186 1944 at
1208 1912 1304 1943 codex
1326 1912 1364 1941 Β.
1386 1912 1509 1941 similem

848 1968 901 1996 (lat
913 1972 940 1995 et
957 1965 1053 2004 inficit
1066 1965 1212 1998 umbram,
1230 1971 1324 2002 quam
1343 1960 1507 1990 lectionem

848 2012 1091 2055 praestantiorem
1120 2017 1202 2042 recte
1235 2009 1358 2051 judicat
1389 2008 1507 2049 Gierig.

850 2062 936 2092 Lm.

892 2111 964 2141 597.
989 2108 1126 2148 Hospes]
1153 2107 1377 2148 Hippomenes.
1427 2106 1507 2136 Meta

849 2169 930 2189 nunc
956 2168 1011 2199 pro
1037 2156 1158 2192 stadio·,
1190 2155 1300 2185 ultima
1322 2153 1414 2184 stadii
1439 2164 1508 2194 pars

847 2207 980 2238 decursa
994 2211 1071 2237 erat.
1101 2205 1188 2234 Festa
1204 2215 1321 2234 corona.
1345 2202 1507 2243 Virgilius,

850 2257 925 2286 AEn.
950 2254 982 2286 ii.
1006 2256 1090 2290 249;
1116 2254 1202 2294 festa
1228 2254 1357 2282 velamus
1376 2251 1505 2291 fronde.

848 2306 894 2336 Er
908 2306 1039 2346 foeclere,
1055 2315 1071 2334 e
1091 2302 1276 2344 composito:
1292 2302 1398 2342 foedus
1414 2311 1505 2331 omne

846 2354 889 2391 id,
906 2355 944 2385 de
964 2364 1025 2395 quo
1040 2354 1120 2383 inter
1135 2352 1238 2393 plures
1252 2350 1407 2381 convenit.
1452 2351 1506 2380 Se-

847 2403 982 2434 cundum
1011 2402 1169 2442 Hyginum
1200 2400 1234 2430 d.
1264 2400 1286 2428 l.
1332 2398 1506 2429 Sclioeneus

846 2451 947 2493 procis
963 2461 1031 2481 eam
1045 2451 1144 2490 legem
1157 2452 1368 2490 proposuerat,
1379 2452 1412 2476 ut
1424 2446 1504 2477 alius

847 2506 914 2541 post
929 2499 1024 2529 alium
1037 2496 1163 2528 inermis
1179 2497 1307 2536 fugeret,
1321 2495 1385 2525 filia
1399 2500 1503 2526 autem

845 2559 916 2578 cum
939 2546 1043 2588 gladio
1066 2545 1291 2585 insequeretur,
1306 2554 1399 2584 quem
1425 2543 1505 2574 intra

846 2596 992 2627 terminos
1030 2600 1173 2625 assecuta
1209 2598 1299 2628 esset,
1337 2592 1503 2628 occideret,

847 2646 975 2686 ejusque
991 2648 1085 2685 caput
1098 2643 1129 2673 in
1144 2642 1243 2673 stadio
1258 2642 1383 2682 figeret:
1409 2646 1503 2682 atquo

848 2695 891 2725 ita
905 2693 994 2725 multi
1009 2692 1174 2734 perierunt.
1208 2689 1424 2732 Apollodorus.

1443 170 1525 210 179

1551 1340 1588 1350 .-
