<?xml version="1.0" encoding="UTF-8"?>
<!DOCTYPE html PUBLIC "-//W3C//DTD XHTML 1.0 Transitional//EN"
    "http://www.w3.org/TR/xhtml1/DTD/xhtml1-transitional.dtd">
<html xmlns="http://www.w3.org/1999/xhtml" xml:lang="en" lang="en">
 <head>
  <title>
</title>
<meta http-equiv="Content-Type" content="text/html;charset=utf-8" />
  <meta name='ocr-system' content='tesseract 3.04.00' />
  <meta name='ocr-capabilities' content='ocr_page ocr_carea ocr_par ocr_line ocrx_word'/>
</head>
<body>
  <div class='ocr_page' id='page_1' title='image "./povidiinasonisop04oviduoft_0351.png"; bbox 0 0 1779 3130; ppageno 0'>
   <div class='ocr_carea' id='block_1_1' title="bbox 169 162 1558 339">
    <p class='ocr_par' dir='ltr' id='par_1_1' title="bbox 169 162 1558 339">
     <span class='ocr_line' id='line_1_1' title="bbox 400 162 1558 205; baseline 0.002 -2"><span class='ocrx_word' id='word_1_1' title='bbox 400 162 1016 204; x_wconf 82' lang='lat' dir='ltr'><strong>METAMORPHOSEON</strong></span> <span class='ocrx_word' id='word_1_2' title='bbox 1050 163 1168 205; x_wconf 89' lang='lat' dir='ltr'>LIB.</span> <span class='ocrx_word' id='word_1_3' title='bbox 1202 162 1339 204; x_wconf 88' lang='lat' dir='ltr'>XIII.</span> <span class='ocrx_word' id='word_1_4' title='bbox 1473 165 1558 205; x_wconf 80' lang='lat'>339</span> 
     </span>
     <span class='ocr_line' id='line_1_2' title="bbox 169 277 1544 339; baseline 0.001 -17"><span class='ocrx_word' id='word_1_5' title='bbox 169 277 463 339; x_wconf 84' lang='lat' dir='ltr'>Eventuque</span> <span class='ocrx_word' id='word_1_6' title='bbox 490 277 621 338; x_wconf 81' lang='lat' dir='ltr'>gravi</span> <span class='ocrx_word' id='word_1_7' title='bbox 648 277 785 323; x_wconf 86' lang='lat' dir='ltr'>finita</span> <span class='ocrx_word' id='word_1_8' title='bbox 810 286 886 323; x_wconf 85' lang='lat' dir='ltr'>est</span> <span class='ocrx_word' id='word_1_9' title='bbox 912 277 1113 339; x_wconf 87' lang='lat' dir='ltr'>publica</span> <span class='ocrx_word' id='word_1_10' title='bbox 1137 277 1321 333; x_wconf 86' lang='lat' dir='ltr'>clades,</span> <span class='ocrx_word' id='word_1_11' title='bbox 1449 282 1544 325; x_wconf 87' lang='lat'>506</span> 
     </span>
    </p>
   </div>
   <div class='ocr_carea' id='block_1_2' title="bbox 161 354 1553 1940">
    <p class='ocr_par' dir='ltr' id='par_1_2' title="bbox 166 354 1378 415">
     <span class='ocr_line' id='line_1_3' title="bbox 166 354 1378 415; baseline 0.001 -17"><span class='ocrx_word' id='word_1_12' title='bbox 166 354 218 399; x_wconf 83' lang='lat' dir='ltr'>Si</span> <span class='ocrx_word' id='word_1_13' title='bbox 245 355 382 405; x_wconf 80' lang='lat' dir='ltr'>finita</span> <span class='ocrx_word' id='word_1_14' title='bbox 406 361 601 400; x_wconf 85' lang='lat' dir='ltr'>tamen:</span> <span class='ocrx_word' id='word_1_15' title='bbox 642 354 731 399; x_wconf 90' lang='lat' dir='ltr'>soli</span> <span class='ocrx_word' id='word_1_16' title='bbox 758 354 875 399; x_wconf 83' lang='lat' dir='ltr'>mihi</span> <span class='ocrx_word' id='word_1_17' title='bbox 908 354 1148 415; x_wconf 78' lang='lat' dir='ltr'>Pergama</span> <span class='ocrx_word' id='word_1_18' title='bbox 1175 361 1378 408; x_wconf 82' lang='lat' dir='ltr'>restant,</span> 
     </span>
    </p>

    <p class='ocr_par' dir='ltr' id='par_1_3' title="bbox 163 429 1553 1101">
     <span class='ocr_line' id='line_1_4' title="bbox 163 429 1544 491; baseline 0.001 -17"><span class='ocrx_word' id='word_1_19' title='bbox 163 429 221 475; x_wconf 90' lang='lat' dir='ltr'>In</span> <span class='ocrx_word' id='word_1_20' title='bbox 247 446 493 491; x_wconf 82' lang='lat' dir='ltr'>cursuque</span> <span class='ocrx_word' id='word_1_21' title='bbox 514 446 652 476; x_wconf 89' lang='lat' dir='ltr'>meus</span> <span class='ocrx_word' id='word_1_22' title='bbox 671 430 811 475; x_wconf 90' lang='lat' dir='ltr'>dolor</span> <span class='ocrx_word' id='word_1_23' title='bbox 830 436 932 476; x_wconf 88' lang='lat' dir='ltr'>est:</span> <span class='ocrx_word' id='word_1_24' title='bbox 965 429 1110 475; x_wconf 82' lang='lat' dir='ltr'>inodo</span> <span class='ocrx_word' id='word_1_25' title='bbox 1131 430 1346 476; x_wconf 84' lang='lat' dir='ltr'>maxima</span> <span class='ocrx_word' id='word_1_26' title='bbox 1367 446 1544 485; x_wconf 87' lang='lat' dir='ltr'>rerum,</span> 
     </span>
     <span class='ocr_line' id='line_1_5' title="bbox 164 504 1543 568; baseline 0.003 -18"><span class='ocrx_word' id='word_1_27' title='bbox 164 505 259 551; x_wconf 93' lang='lat' dir='ltr'>Tot</span> <span class='ocrx_word' id='word_1_28' title='bbox 283 506 477 566; x_wconf 84' lang='lat' dir='ltr'>generis</span> <span class='ocrx_word' id='word_1_29' title='bbox 503 504 733 567; x_wconf 87' lang='lat' dir='ltr'>natisque</span> <span class='ocrx_word' id='word_1_30' title='bbox 760 513 953 567; x_wconf 88' lang='lat' dir='ltr'>potens,</span> <span class='ocrx_word' id='word_1_31' title='bbox 976 506 1298 567; x_wconf 86' lang='lat' dir='ltr'>nuribusque,</span> <span class='ocrx_word' id='word_1_32' title='bbox 1321 506 1543 568; x_wconf 83' lang='lat' dir='ltr'>viroque,</span> 
     </span>
     <span class='ocr_line' id='line_1_6' title="bbox 166 580 1524 645; baseline 0.001 -19"><span class='ocrx_word' id='word_1_33' title='bbox 166 580 313 627; x_wconf 87' lang='lat' dir='ltr'>Nunc</span> <span class='ocrx_word' id='word_1_34' title='bbox 339 582 504 628; x_wconf 84' lang='lat' dir='ltr'>trahor</span> <span class='ocrx_word' id='word_1_35' title='bbox 527 582 661 637; x_wconf 86' lang='lat' dir='ltr'>exul,</span> <span class='ocrx_word' id='word_1_36' title='bbox 684 582 842 645; x_wconf 91' lang='lat' dir='ltr'>inops,</span> <span class='ocrx_word' id='word_1_37' title='bbox 861 582 1064 628; x_wconf 78' lang='lat' dir='ltr'>tumulis</span> <span class='ocrx_word' id='word_1_38' title='bbox 1091 582 1260 628; x_wconf 85' lang='lat' dir='ltr'>avulsa</span> <span class='ocrx_word' id='word_1_39' title='bbox 1286 597 1524 637; x_wconf 90' lang='lat' dir='ltr'>meorum,</span> 
     </span>
     <span class='ocr_line' id='line_1_7' title="bbox 166 657 1528 720; baseline 0.001 -17"><span class='ocrx_word' id='word_1_40' title='bbox 166 657 431 720; x_wconf 62' lang='lat' dir='ltr'>Penelopae</span> <span class='ocrx_word' id='word_1_41' title='bbox 457 674 635 704; x_wconf 90' lang='lat' dir='ltr'>munus</span> <span class='ocrx_word' id='word_1_42' title='bbox 657 677 666 715; x_wconf 85' lang='lat'>;</span> <span class='ocrx_word' id='word_1_43' title='bbox 697 675 809 720; x_wconf 87' lang='lat' dir='ltr'>quae</span> <span class='ocrx_word' id='word_1_44' title='bbox 831 675 909 705; x_wconf 91' lang='lat' dir='ltr'>me</span> <span class='ocrx_word' id='word_1_45' title='bbox 930 659 1048 705; x_wconf 81' lang='lat' dir='ltr'>data</span> <span class='ocrx_word' id='word_1_46' title='bbox 1073 673 1228 720; x_wconf 85' lang='lat' dir='ltr'>pensa</span> <span class='ocrx_word' id='word_1_47' title='bbox 1251 658 1528 704; x_wconf 81' lang='lat' dir='ltr'><strong>trahentem</strong></span> 
     </span>
     <span class='ocr_line' id='line_1_8' title="bbox 166 731 1553 789; baseline 0.001 -11"><span class='ocrx_word' id='word_1_48' title='bbox 166 731 412 779; x_wconf 87' lang='lat' dir='ltr'>Matribus</span> <span class='ocrx_word' id='word_1_49' title='bbox 428 734 695 781; x_wconf 87' lang='lat' dir='ltr'>ostendens</span> <span class='ocrx_word' id='word_1_50' title='bbox 719 734 921 789; x_wconf 87' lang='lat' dir='ltr'>Ithacis,</span> <span class='ocrx_word' id='word_1_51' title='bbox 941 740 970 758; x_wconf 92' lang='lat'><strong>“</strong></span> <span class='ocrx_word' id='word_1_52' title='bbox 991 733 1112 780; x_wconf 88' lang='lat' dir='ltr'>Haec</span> <span class='ocrx_word' id='word_1_53' title='bbox 1131 733 1361 780; x_wconf 80' lang='lat' dir='ltr'>Hectoris</span> <span class='ocrx_word' id='word_1_54' title='bbox 1378 734 1461 780; x_wconf 85' lang='lat' dir='ltr'>illa</span> <span class='ocrx_word' id='word_1_55' title='bbox 1476 741 1553 781; x_wconf 81' lang='lat' dir='ltr'>est</span> 
     </span>
     <span class='ocr_line' id='line_1_9' title="bbox 166 809 1551 872; baseline 0.001 -18"><span class='ocrx_word' id='word_1_56' title='bbox 166 809 314 856; x_wconf 81' lang='lat' dir='ltr'>Clara</span> <span class='ocrx_word' id='word_1_57' title='bbox 329 826 507 872; x_wconf 82' lang='lat' dir='ltr'>parens</span> <span class='ocrx_word' id='word_1_58' title='bbox 527 827 536 856; x_wconf 90' lang='lat'><strong>:</strong></span> <span class='ocrx_word' id='word_1_59' title='bbox 566 811 670 857; x_wconf 85' lang='lat' dir='ltr'>haec</span> <span class='ocrx_word' id='word_1_60' title='bbox 688 810 811 864; x_wconf 88' lang='lat' dir='ltr'>est,”</span> <span class='ocrx_word' id='word_1_61' title='bbox 827 810 976 865; x_wconf 87' lang='lat' dir='ltr'>dicet,</span> <span class='ocrx_word' id='word_1_62' title='bbox 1007 815 1036 833; x_wconf 91' lang='lat'><strong>“</strong></span> <span class='ocrx_word' id='word_1_63' title='bbox 1056 810 1302 856; x_wconf 77' lang='lat' dir='ltr'>Priameia</span> <span class='ocrx_word' id='word_1_64' title='bbox 1317 810 1551 872; x_wconf 72' lang='lat' dir='ltr'>conjux.&#39;&#39;</span> 
     </span>
     <span class='ocr_line' id='line_1_10' title="bbox 164 884 1470 948; baseline 0.001 -17"><span class='ocrx_word' id='word_1_65' title='bbox 164 884 390 948; x_wconf 79' lang='lat' dir='ltr'>Postque</span> <span class='ocrx_word' id='word_1_66' title='bbox 415 893 490 933; x_wconf 90' lang='lat' dir='ltr'>tot</span> <span class='ocrx_word' id='word_1_67' title='bbox 514 886 721 933; x_wconf 87' lang='lat' dir='ltr'>amissos</span> <span class='ocrx_word' id='word_1_68' title='bbox 747 894 799 933; x_wconf 92' lang='lat' dir='ltr'>tu</span> <span class='ocrx_word' id='word_1_69' title='bbox 826 903 973 941; x_wconf 89' lang='lat' dir='ltr'>nunc,</span> <span class='ocrx_word' id='word_1_70' title='bbox 1001 902 1113 948; x_wconf 85' lang='lat' dir='ltr'>quae</span> <span class='ocrx_word' id='word_1_71' title='bbox 1140 887 1244 933; x_wconf 85' lang='lat' dir='ltr'>sola</span> <span class='ocrx_word' id='word_1_72' title='bbox 1270 886 1470 933; x_wconf 79' lang='lat' dir='ltr'>levabas</span> 
     </span>
     <span class='ocr_line' id='line_1_11' title="bbox 164 960 1550 1025; baseline 0 -18"><span class='ocrx_word' id='word_1_73' title='bbox 164 960 419 1008; x_wconf 84' lang='lat' dir='ltr'>Maternos</span> <span class='ocrx_word' id='word_1_74' title='bbox 444 963 622 1017; x_wconf 82' lang='lat' dir='ltr'>luctuS,</span> <span class='ocrx_word' id='word_1_75' title='bbox 648 962 847 1009; x_wconf 86' lang='lat' dir='ltr'>hostilia</span> <span class='ocrx_word' id='word_1_76' title='bbox 870 963 1016 1008; x_wconf 86' lang='lat' dir='ltr'>busta</span> <span class='ocrx_word' id='word_1_77' title='bbox 1040 963 1206 1025; x_wconf 65' lang='lat' dir='ltr'>piasti.</span> <span class='ocrx_word' id='word_1_78' title='bbox 1454 965 1550 1008; x_wconf 86' lang='lat'>515</span> 
     </span>
     <span class='ocr_line' id='line_1_12' title="bbox 166 1037 1261 1101; baseline 0 -18"><span class='ocrx_word' id='word_1_79' title='bbox 166 1037 370 1085; x_wconf 86' lang='lat' dir='ltr'>Inferias</span> <span class='ocrx_word' id='word_1_80' title='bbox 395 1039 523 1084; x_wconf 88' lang='lat' dir='ltr'>hosti</span> <span class='ocrx_word' id='word_1_81' title='bbox 550 1039 719 1101; x_wconf 88' lang='lat' dir='ltr'>peperi</span> <span class='ocrx_word' id='word_1_82' title='bbox 741 1055 750 1085; x_wconf 75' lang='grc' dir='ltr'>ε</span> <span class='ocrx_word' id='word_1_83' title='bbox 792 1054 890 1100; x_wconf 91' lang='lat' dir='ltr'>quo</span> <span class='ocrx_word' id='word_1_84' title='bbox 916 1038 1072 1085; x_wconf 80' lang='lat' dir='ltr'>ferrea</span> <span class='ocrx_word' id='word_1_85' title='bbox 1097 1038 1261 1084; x_wconf 81' lang='lat' dir='ltr'>resto?</span> 
     </span>
    </p>

    <p class='ocr_par' dir='ltr' id='par_1_4' title="bbox 161 1113 1550 1558">
     <span class='ocr_line' id='line_1_13' title="bbox 164 1113 1550 1177; baseline -0.001 -17"><span class='ocrx_word' id='word_1_86' title='bbox 164 1113 358 1167; x_wconf 83' lang='lat' dir='ltr'>Quidve</span> <span class='ocrx_word' id='word_1_87' title='bbox 384 1116 576 1161; x_wconf 80' lang='lat' dir='ltr'>moror?</span> <span class='ocrx_word' id='word_1_88' title='bbox 603 1131 703 1177; x_wconf 89' lang='lat' dir='ltr'>quo</span> <span class='ocrx_word' id='word_1_89' title='bbox 729 1131 806 1162; x_wconf 88' lang='lat' dir='ltr'>me</span> <span class='ocrx_word' id='word_1_90' title='bbox 832 1131 1013 1170; x_wconf 83' lang='lat' dir='ltr'>servas,</span> <span class='ocrx_word' id='word_1_91' title='bbox 1031 1114 1270 1161; x_wconf 79' lang='lat' dir='ltr'>damnosa</span> <span class='ocrx_word' id='word_1_92' title='bbox 1286 1114 1550 1160; x_wconf 79' lang='lat' dir='ltr'>senectus?</span> 
     </span>
     <span class='ocr_line' id='line_1_14' title="bbox 165 1190 1514 1252; baseline -0.002 -15"><span class='ocrx_word' id='word_1_93' title='bbox 165 1190 314 1246; x_wconf 85' lang='lat' dir='ltr'>Quid,</span> <span class='ocrx_word' id='word_1_94' title='bbox 344 1191 407 1236; x_wconf 78' lang='lat' dir='ltr'>Di</span> <span class='ocrx_word' id='word_1_95' title='bbox 433 1191 678 1245; x_wconf 85' lang='lat' dir='ltr'>crudeles,</span> <span class='ocrx_word' id='word_1_96' title='bbox 706 1191 799 1236; x_wconf 89' lang='lat' dir='ltr'>nisi</span> <span class='ocrx_word' id='word_1_97' title='bbox 826 1206 925 1252; x_wconf 93' lang='lat' dir='ltr'>quo</span> <span class='ocrx_word' id='word_1_98' title='bbox 955 1206 1079 1236; x_wconf 84' lang='lat' dir='ltr'>nova</span> <span class='ocrx_word' id='word_1_99' title='bbox 1102 1190 1275 1236; x_wconf 83' lang='lat' dir='ltr'>funera</span> <span class='ocrx_word' id='word_1_100' title='bbox 1298 1205 1514 1244; x_wconf 81' lang='lat' dir='ltr'>cernam,</span> 
     </span>
     <span class='ocr_line' id='line_1_15' title="bbox 162 1265 1386 1328; baseline 0.002 -18"><span class='ocrx_word' id='word_1_101' title='bbox 162 1265 398 1312; x_wconf 88' lang='lat' dir='ltr'>Vivacem</span> <span class='ocrx_word' id='word_1_102' title='bbox 423 1266 630 1313; x_wconf 86' lang='lat' dir='ltr'>differtis</span> <span class='ocrx_word' id='word_1_103' title='bbox 656 1267 841 1312; x_wconf 80' lang='lat' dir='ltr'>anum?</span> <span class='ocrx_word' id='word_1_104' title='bbox 879 1266 991 1328; x_wconf 91' lang='lat' dir='ltr'>quis</span> <span class='ocrx_word' id='word_1_105' title='bbox 1017 1282 1164 1327; x_wconf 89' lang='lat' dir='ltr'>posse</span> <span class='ocrx_word' id='word_1_106' title='bbox 1190 1272 1386 1328; x_wconf 88' lang='lat' dir='ltr'>putaret</span> 
     </span>
     <span class='ocr_line' id='line_1_16' title="bbox 164 1341 1549 1404; baseline -0.003 -16"><span class='ocrx_word' id='word_1_107' title='bbox 164 1341 381 1389; x_wconf 89' lang='lat' dir='ltr'>Felicem</span> <span class='ocrx_word' id='word_1_108' title='bbox 404 1342 673 1397; x_wconf 83' lang='lat' dir='ltr'>Priamum,</span> <span class='ocrx_word' id='word_1_109' title='bbox 694 1349 807 1404; x_wconf 88' lang='lat' dir='ltr'>post</span> <span class='ocrx_word' id='word_1_110' title='bbox 826 1341 988 1388; x_wconf 85' lang='lat' dir='ltr'>diruta</span> <span class='ocrx_word' id='word_1_111' title='bbox 1009 1341 1271 1403; x_wconf 84' lang='lat' dir='ltr'>Pergama,</span> <span class='ocrx_word' id='word_1_112' title='bbox 1295 1341 1392 1387; x_wconf 89' lang='lat' dir='ltr'>dici</span> <span class='ocrx_word' id='word_1_113' title='bbox 1411 1341 1427 1387; x_wconf 79' lang='lat'><strong>?</strong></span> <span class='ocrx_word' id='word_1_114' title='bbox 1454 1343 1549 1387; x_wconf 80' lang='lat'>520</span> 
     </span>
     <span class='ocr_line' id='line_1_17' title="bbox 164 1418 1462 1481; baseline 0.001 -18"><span class='ocrx_word' id='word_1_115' title='bbox 164 1418 305 1464; x_wconf 85' lang='lat' dir='ltr'>Felix</span> <span class='ocrx_word' id='word_1_116' title='bbox 330 1426 488 1466; x_wconf 90' lang='lat' dir='ltr'>morte</span> <span class='ocrx_word' id='word_1_117' title='bbox 513 1434 618 1474; x_wconf 86' lang='lat' dir='ltr'>sua,</span> <span class='ocrx_word' id='word_1_118' title='bbox 645 1434 736 1464; x_wconf 91' lang='lat' dir='ltr'>nec</span> <span class='ocrx_word' id='word_1_119' title='bbox 764 1425 829 1473; x_wconf 88' lang='lat' dir='ltr'>te,</span> <span class='ocrx_word' id='word_1_120' title='bbox 858 1434 968 1464; x_wconf 86' lang='lat' dir='ltr'>mea</span> <span class='ocrx_word' id='word_1_121' title='bbox 993 1425 1123 1473; x_wconf 82' lang='lat' dir='ltr'>nata,</span> <span class='ocrx_word' id='word_1_122' title='bbox 1151 1425 1462 1481; x_wconf 80' lang='lat' dir='ltr'>peremptam</span> 
     </span>
     <span class='ocr_line' id='line_1_18' title="bbox 161 1494 1407 1558; baseline 0 -18"><span class='ocrx_word' id='word_1_123' title='bbox 161 1495 374 1558; x_wconf 85' lang='lat' dir='ltr'>Aspicit,</span> <span class='ocrx_word' id='word_1_124' title='bbox 402 1503 452 1542; x_wconf 92' lang='lat' dir='ltr'>et</span> <span class='ocrx_word' id='word_1_125' title='bbox 469 1495 619 1542; x_wconf 82' lang='lat' dir='ltr'>vitam</span> <span class='ocrx_word' id='word_1_126' title='bbox 645 1495 827 1558; x_wconf 81' lang='lat' dir='ltr'>pariter</span> <span class='ocrx_word' id='word_1_127' title='bbox 856 1510 1166 1557; x_wconf 78' lang='lat' dir='ltr'>regnumque</span> <span class='ocrx_word' id='word_1_128' title='bbox 1191 1494 1407 1556; x_wconf 85' lang='lat' dir='ltr'>reliquit.</span> 
     </span>
    </p>

    <p class='ocr_par' dir='ltr' id='par_1_5' title="bbox 161 1570 1548 1940">
     <span class='ocr_line' id='line_1_19' title="bbox 161 1570 1316 1634; baseline 0 -18"><span class='ocrx_word' id='word_1_129' title='bbox 161 1570 243 1627; x_wconf 78' lang='lat' dir='ltr'>At,</span> <span class='ocrx_word' id='word_1_130' title='bbox 272 1578 410 1634; x_wconf 91' lang='lat' dir='ltr'>puto,</span> <span class='ocrx_word' id='word_1_131' title='bbox 437 1571 690 1618; x_wconf 86' lang='lat' dir='ltr'>funeribus</span> <span class='ocrx_word' id='word_1_132' title='bbox 712 1572 967 1625; x_wconf 83' lang='lat' dir='ltr'>dotabere,</span> <span class='ocrx_word' id='word_1_133' title='bbox 995 1571 1130 1632; x_wconf 82' lang='lat' dir='ltr'>regia</span> <span class='ocrx_word' id='word_1_134' title='bbox 1154 1570 1316 1632; x_wconf 81' lang='lat' dir='ltr'>virgo3</span> 
     </span>
     <span class='ocr_line' id='line_1_20' title="bbox 162 1646 1548 1710; baseline -0.001 -17"><span class='ocrx_word' id='word_1_135' title='bbox 162 1647 521 1710; x_wconf 88' lang='lat' dir='ltr'>Condeturque</span> <span class='ocrx_word' id='word_1_136' title='bbox 541 1656 681 1694; x_wconf 89' lang='lat' dir='ltr'>tuum</span> <span class='ocrx_word' id='word_1_137' title='bbox 703 1648 1033 1695; x_wconf 87' lang='lat' dir='ltr'>monumentis</span> <span class='ocrx_word' id='word_1_138' title='bbox 1050 1664 1228 1710; x_wconf 88' lang='lat' dir='ltr'>corpus</span> <span class='ocrx_word' id='word_1_139' title='bbox 1250 1646 1409 1693; x_wconf 85' lang='lat' dir='ltr'>avitis.</span> <span class='ocrx_word' id='word_1_140' title='bbox 1454 1648 1548 1691; x_wconf 77' lang='lat'>524</span> 
     </span>
     <span class='ocr_line' id='line_1_21' title="bbox 164 1721 1526 1781; baseline -0.002 -11"><span class='ocrx_word' id='word_1_141' title='bbox 164 1723 278 1770; x_wconf 90' lang='lat' dir='ltr'>Non</span> <span class='ocrx_word' id='word_1_142' title='bbox 303 1725 407 1771; x_wconf 86' lang='lat' dir='ltr'>haec</span> <span class='ocrx_word' id='word_1_143' title='bbox 434 1732 510 1772; x_wconf 90' lang='lat' dir='ltr'>est</span> <span class='ocrx_word' id='word_1_144' title='bbox 536 1725 755 1772; x_wconf 82' lang='lat' dir='ltr'>Fortuna</span> <span class='ocrx_word' id='word_1_145' title='bbox 779 1725 980 1781; x_wconf 89' lang='lat' dir='ltr'>domus;</span> <span class='ocrx_word' id='word_1_146' title='bbox 1011 1724 1100 1770; x_wconf 88' lang='lat' dir='ltr'>tibi</span> <span class='ocrx_word' id='word_1_147' title='bbox 1128 1739 1331 1770; x_wconf 87' lang='lat' dir='ltr'>munera</span> <span class='ocrx_word' id='word_1_148' title='bbox 1357 1721 1526 1768; x_wconf 87' lang='lat' dir='ltr'>matris</span> 
     </span>
     <span class='ocr_line' id='line_1_22' title="bbox 163 1800 1491 1864; baseline -0.002 -18"><span class='ocrx_word' id='word_1_149' title='bbox 163 1800 470 1862; x_wconf 80' lang='lat' dir='ltr'>Contingent</span> <span class='ocrx_word' id='word_1_150' title='bbox 493 1801 657 1856; x_wconf 87' lang='lat' dir='ltr'>fletus,</span> <span class='ocrx_word' id='word_1_151' title='bbox 685 1801 1060 1864; x_wconf 82' lang='lat' dir='ltr'>peregrlnaeque</span> <span class='ocrx_word' id='word_1_152' title='bbox 1081 1800 1287 1846; x_wconf 83' lang='lat' dir='ltr'>haustus</span> <span class='ocrx_word' id='word_1_153' title='bbox 1314 1814 1491 1845; x_wconf 81' lang='lat' dir='ltr'>arenae.</span> 
     </span>
     <span class='ocr_line' id='line_1_23' title="bbox 162 1876 1495 1940; baseline -0.002 -18"><span class='ocrx_word' id='word_1_154' title='bbox 162 1876 344 1923; x_wconf 83' lang='lat' dir='ltr'>Omnia</span> <span class='ocrx_word' id='word_1_155' title='bbox 369 1877 701 1940; x_wconf 84' lang='lat' dir='ltr'>perdidimus3</span> <span class='ocrx_word' id='word_1_156' title='bbox 732 1883 974 1940; x_wconf 89' lang='lat' dir='ltr'>superest,</span> <span class='ocrx_word' id='word_1_157' title='bbox 1002 1892 1089 1923; x_wconf 90' lang='lat' dir='ltr'>cur</span> <span class='ocrx_word' id='word_1_158' title='bbox 1112 1876 1273 1923; x_wconf 90' lang='lat' dir='ltr'>vivere</span> <span class='ocrx_word' id='word_1_159' title='bbox 1298 1882 1495 1937; x_wconf 88' lang='lat' dir='ltr'>tempus</span> 
     </span>
    </p>
   </div>
   <div class='ocr_carea' id='block_1_3' title="bbox 160 2051 824 2723">
    <p class='ocr_par' dir='ltr' id='par_1_6' title="bbox 160 2051 818 2228">
     <span class='ocr_line' id='line_1_24' title="bbox 160 2051 818 2093; baseline 0.003 -13"><span class='ocrx_word' id='word_1_160' title='bbox 160 2051 324 2081; x_wconf 75' lang='lat' dir='ltr'>Ithacensis</span> <span class='ocrx_word' id='word_1_161' title='bbox 342 2051 435 2082; x_wconf 83' lang='lat' dir='ltr'>etiam</span> <span class='ocrx_word' id='word_1_162' title='bbox 456 2051 539 2093; x_wconf 88' lang='lat' dir='ltr'>apud</span> <span class='ocrx_word' id='word_1_163' title='bbox 560 2051 727 2092; x_wconf 86' lang='lat' dir='ltr'>Virgilium</span> <span class='ocrx_word' id='word_1_164' title='bbox 750 2062 818 2093; x_wconf 82' lang='lat' dir='ltr'>per-</span> 
     </span>
     <span class='ocr_line' id='line_1_25' title="bbox 161 2099 818 2141; baseline -0.002 -11"><span class='ocrx_word' id='word_1_165' title='bbox 161 2105 265 2141; x_wconf 87' lang='lat' dir='ltr'>petuo.</span> <span class='ocrx_word' id='word_1_166' title='bbox 303 2100 475 2130; x_wconf 82' lang='lat' dir='ltr'>Commoda</span> <span class='ocrx_word' id='word_1_167' title='bbox 487 2099 619 2141; x_wconf 69' lang='grc' dir='ltr'>μιμήσει</span> <span class='ocrx_word' id='word_1_168' title='bbox 634 2110 727 2131; x_wconf 88' lang='lat' dir='ltr'>voces</span> <span class='ocrx_word' id='word_1_169' title='bbox 743 2099 818 2141; x_wconf 84' lang='lat' dir='ltr'>ipsae</span> 
     </span>
     <span class='ocr_line' id='line_1_26' title="bbox 160 2148 818 2190; baseline 0.002 -12"><span class='ocrx_word' id='word_1_170' title='bbox 160 2149 333 2189; x_wconf 86' lang='lat' dir='ltr'>Penelopes</span> <span class='ocrx_word' id='word_1_171' title='bbox 348 2148 398 2178; x_wconf 85' lang='lat' dir='ltr'>hic</span> <span class='ocrx_word' id='word_1_172' title='bbox 414 2154 581 2189; x_wconf 79' lang='lat' dir='ltr'>ponuntur,</span> <span class='ocrx_word' id='word_1_173' title='bbox 595 2159 673 2189; x_wconf 85' lang='lat' dir='ltr'>quas</span> <span class='ocrx_word' id='word_1_174' title='bbox 683 2149 748 2190; x_wconf 83' lang='lat' dir='ltr'>jam</span> <span class='ocrx_word' id='word_1_175' title='bbox 763 2159 818 2179; x_wconf 85' lang='lat' dir='ltr'>au-</span> 
     </span>
     <span class='ocr_line' id='line_1_27' title="bbox 160 2197 646 2228; baseline 0.002 -1"><span class='ocrx_word' id='word_1_176' title='bbox 160 2198 225 2228; x_wconf 74' lang='lat' dir='ltr'>dire</span> <span class='ocrx_word' id='word_1_177' title='bbox 241 2197 299 2228; x_wconf 79' lang='lat' dir='ltr'>sibi</span> <span class='ocrx_word' id='word_1_178' title='bbox 318 2198 481 2228; x_wconf 77' lang='lat' dir='ltr'>videbatur</span> <span class='ocrx_word' id='word_1_179' title='bbox 498 2199 646 2228; x_wconf 84' lang='lat' dir='ltr'>Hecuba.</span> 
     </span>
    </p>

    <p class='ocr_par' dir='ltr' id='par_1_7' title="bbox 160 2245 821 2525">
     <span class='ocr_line' id='line_1_28' title="bbox 203 2245 820 2286; baseline 0.002 -10"><span class='ocrx_word' id='word_1_180' title='bbox 203 2247 277 2277; x_wconf 88' lang='grc'>516.</span> <span class='ocrx_word' id='word_1_181' title='bbox 306 2247 446 2277; x_wconf 71' lang='lat' dir='ltr'>Ferreum</span> <span class='ocrx_word' id='word_1_182' title='bbox 471 2257 552 2277; x_wconf 89' lang='lat' dir='ltr'>nunc</span> <span class='ocrx_word' id='word_1_183' title='bbox 576 2257 608 2277; x_wconf 86' lang='lat' dir='ltr'>se</span> <span class='ocrx_word' id='word_1_184' title='bbox 631 2245 721 2282; x_wconf 78' lang='lat' dir='ltr'>dicit,</span> <span class='ocrx_word' id='word_1_185' title='bbox 746 2245 820 2286; x_wconf 83' lang='lat' dir='ltr'>quia</span> 
     </span>
     <span class='ocr_line' id='line_1_29' title="bbox 162 2294 819 2336; baseline -0.002 -11"><span class='ocrx_word' id='word_1_186' title='bbox 162 2306 215 2336; x_wconf 86' lang='lat' dir='ltr'>par</span> <span class='ocrx_word' id='word_1_187' title='bbox 240 2301 307 2325; x_wconf 76' lang='lat' dir='ltr'>erat</span> <span class='ocrx_word' id='word_1_188' title='bbox 331 2295 562 2325; x_wconf 78' lang='lat' dir='ltr'>calamitatibus</span> <span class='ocrx_word' id='word_1_189' title='bbox 591 2300 636 2324; x_wconf 78' lang='lat' dir='ltr'>tot</span> <span class='ocrx_word' id='word_1_190' title='bbox 663 2294 819 2335; x_wconf 81' lang='lat' dir='ltr'>tantisque</span> 
     </span>
     <span class='ocr_line' id='line_1_30' title="bbox 160 2343 819 2385; baseline -0.003 -11"><span class='ocrx_word' id='word_1_191' title='bbox 160 2343 362 2385; x_wconf 74' lang='lat' dir='ltr'>pei-serendis,</span> <span class='ocrx_word' id='word_1_192' title='bbox 388 2354 488 2384; x_wconf 76' lang='lat' dir='ltr'>neque</span> <span class='ocrx_word' id='word_1_193' title='bbox 516 2350 642 2373; x_wconf 83' lang='lat' dir='ltr'>mortem</span> <span class='ocrx_word' id='word_1_194' title='bbox 666 2343 724 2372; x_wconf 79' lang='lat' dir='ltr'>sibi</span> <span class='ocrx_word' id='word_1_195' title='bbox 747 2353 819 2373; x_wconf 88' lang='lat' dir='ltr'>con-</span> 
     </span>
     <span class='ocr_line' id='line_1_31' title="bbox 162 2390 821 2427; baseline 0 -6"><span class='ocrx_word' id='word_1_196' title='bbox 162 2392 329 2423; x_wconf 74' lang='lat' dir='ltr'>sciseebat.</span> <span class='ocrx_word' id='word_1_197' title='bbox 379 2392 538 2427; x_wconf 79' lang='lat' dir='ltr'>Damnosa,</span> <span class='ocrx_word' id='word_1_198' title='bbox 555 2402 654 2422; x_wconf 81' lang='lat' dir='ltr'>meras</span> <span class='ocrx_word' id='word_1_199' title='bbox 676 2390 752 2421; x_wconf 85' lang='lat' dir='ltr'>mihi</span> <span class='ocrx_word' id='word_1_200' title='bbox 770 2402 821 2422; x_wconf 82' lang='lat' dir='ltr'>ca-</span> 
     </span>
     <span class='ocr_line' id='line_1_32' title="bbox 161 2440 821 2482; baseline 0 -12"><span class='ocrx_word' id='word_1_201' title='bbox 161 2441 317 2471; x_wconf 79' lang='lat' dir='ltr'>lamitates</span> <span class='ocrx_word' id='word_1_202' title='bbox 339 2441 494 2481; x_wconf 77' lang='lat' dir='ltr'>infligens.</span> <span class='ocrx_word' id='word_1_203' title='bbox 540 2441 675 2482; x_wconf 78' lang='lat' dir='ltr'>Differre</span> <span class='ocrx_word' id='word_1_204' title='bbox 701 2440 740 2471; x_wconf 85' lang='lat' dir='ltr'>de</span> <span class='ocrx_word' id='word_1_205' title='bbox 769 2440 821 2470; x_wconf 87' lang='lat' dir='ltr'>ho—</span> 
     </span>
     <span class='ocr_line' id='line_1_33' title="bbox 163 2489 442 2525; baseline 0.004 -6"><span class='ocrx_word' id='word_1_206' title='bbox 163 2490 255 2525; x_wconf 86' lang='lat' dir='ltr'>mine,</span> <span class='ocrx_word' id='word_1_207' title='bbox 273 2496 306 2520; x_wconf 89' lang='lat' dir='ltr'>ut</span> <span class='ocrx_word' id='word_1_208' title='bbox 322 2489 375 2520; x_wconf 82' lang='lat' dir='ltr'>xii.</span> <span class='ocrx_word' id='word_1_209' title='bbox 392 2491 442 2520; x_wconf 87' lang='grc'>76.</span> 
     </span>
    </p>

    <p class='ocr_par' dir='ltr' id='par_1_8' title="bbox 163 2537 824 2723">
     <span class='ocr_line' id='line_1_34' title="bbox 205 2537 819 2578; baseline -0.003 -10"><span class='ocrx_word' id='word_1_210' title='bbox 205 2539 278 2568; x_wconf 78' lang='lat'>523.</span> <span class='ocrx_word' id='word_1_211' title='bbox 296 2538 418 2568; x_wconf 73' lang='lat' dir='ltr'>Funera</span> <span class='ocrx_word' id='word_1_212' title='bbox 440 2548 545 2568; x_wconf 84' lang='lat' dir='ltr'>rursus</span> <span class='ocrx_word' id='word_1_213' title='bbox 570 2537 723 2578; x_wconf 81' lang='lat' dir='ltr'>exequiae,</span> <span class='ocrx_word' id='word_1_214' title='bbox 736 2548 819 2578; x_wconf 84' lang='lat' dir='ltr'>pom-</span> 
     </span>
     <span class='ocr_line' id='line_1_35' title="bbox 164 2585 823 2626; baseline -0.002 -10"><span class='ocrx_word' id='word_1_215' title='bbox 164 2597 201 2626; x_wconf 79' lang='lat' dir='ltr'>pa</span> <span class='ocrx_word' id='word_1_216' title='bbox 232 2585 381 2621; x_wconf 84' lang='lat' dir='ltr'>funebris,</span> <span class='ocrx_word' id='word_1_217' title='bbox 413 2592 446 2617; x_wconf 84' lang='lat' dir='ltr'>ut</span> <span class='ocrx_word' id='word_1_218' title='bbox 474 2587 517 2616; x_wconf 84' lang='lat' dir='ltr'>xi.</span> <span class='ocrx_word' id='word_1_219' title='bbox 549 2587 622 2616; x_wconf 78' lang='lat'>540.</span> <span class='ocrx_word' id='word_1_220' title='bbox 679 2586 823 2615; x_wconf 74' lang='lat' dir='ltr'>Dotnhere</span> 
     </span>
     <span class='ocr_line' id='line_1_36' title="bbox 163 2633 822 2675; baseline -0.002 -11"><span class='ocrx_word' id='word_1_221' title='bbox 163 2645 230 2675; x_wconf 81' lang='lat' dir='ltr'>pm,</span> <span class='ocrx_word' id='word_1_222' title='bbox 248 2634 448 2669; x_wconf 82' lang='lat' dir='ltr'>honorabere,</span> <span class='ocrx_word' id='word_1_223' title='bbox 465 2641 529 2670; x_wconf 83' lang='lat' dir='ltr'>aut,</span> <span class='ocrx_word' id='word_1_224' title='bbox 545 2640 577 2664; x_wconf 81' lang='lat' dir='ltr'>ut</span> <span class='ocrx_word' id='word_1_225' title='bbox 594 2635 686 2664; x_wconf 75' lang='lat' dir='ltr'><strong>MSS.</strong></span> <span class='ocrx_word' id='word_1_226' title='bbox 702 2633 822 2663; x_wconf 84' lang='lat' dir='ltr'>Medic.</span> 
     </span>
     <span class='ocr_line' id='line_1_37' title="bbox 166 2682 824 2723; baseline -0.003 -11"><span class='ocrx_word' id='word_1_227' title='bbox 166 2683 246 2713; x_wconf 68' lang='lat' dir='ltr'>flor.</span> <span class='ocrx_word' id='word_1_228' title='bbox 267 2683 368 2723; x_wconf 67' lang='lat' dir='ltr'>Neap.</span> <span class='ocrx_word' id='word_1_229' title='bbox 390 2683 519 2718; x_wconf 82' lang='lat' dir='ltr'>habent,</span> <span class='ocrx_word' id='word_1_230' title='bbox 539 2685 694 2713; x_wconf 61' lang='lat' dir='ltr'>donabere.</span> <span class='ocrx_word' id='word_1_231' title='bbox 742 2682 824 2712; x_wconf 77' lang='lat' dir='ltr'>Nau]</span> 
     </span>
    </p>
   </div>
   <div class='ocr_carea' id='block_1_4' title="bbox 887 2048 1551 2712">
    <p class='ocr_par' dir='ltr' id='par_1_9' title="bbox 887 2048 1551 2335">
     <span class='ocr_line' id='line_1_38' title="bbox 887 2048 1551 2092; baseline -0.005 -11"><span class='ocrx_word' id='word_1_232' title='bbox 887 2052 991 2081; x_wconf 79' lang='lat' dir='ltr'>dotare</span> <span class='ocrx_word' id='word_1_233' title='bbox 1013 2060 1096 2092; x_wconf 82' lang='lat' dir='ltr'>saepe</span> <span class='ocrx_word' id='word_1_234' title='bbox 1118 2049 1244 2080; x_wconf 89' lang='lat' dir='ltr'>omnino</span> <span class='ocrx_word' id='word_1_235' title='bbox 1266 2055 1324 2085; x_wconf 81' lang='lat' dir='ltr'>est,</span> <span class='ocrx_word' id='word_1_236' title='bbox 1350 2059 1471 2085; x_wconf 80' lang='lat' dir='ltr'>ornare,</span> <span class='ocrx_word' id='word_1_237' title='bbox 1494 2048 1551 2079; x_wconf 86' lang='lat' dir='ltr'>do-</span> 
     </span>
     <span class='ocr_line' id='line_1_39' title="bbox 888 2098 1546 2138; baseline -0.006 -7"><span class='ocrx_word' id='word_1_238' title='bbox 888 2111 984 2138; x_wconf 79' lang='lat' dir='ltr'>nare3</span> <span class='ocrx_word' id='word_1_239' title='bbox 1007 2100 1061 2130; x_wconf 85' lang='lat' dir='ltr'>sed</span> <span class='ocrx_word' id='word_1_240' title='bbox 1087 2099 1117 2129; x_wconf 86' lang='lat' dir='ltr'>h.</span> <span class='ocrx_word' id='word_1_241' title='bbox 1137 2099 1160 2129; x_wconf 91' lang='lat' dir='ltr'>l.</span> <span class='ocrx_word' id='word_1_242' title='bbox 1186 2099 1266 2129; x_wconf 88' lang='lat' dir='ltr'>bene</span> <span class='ocrx_word' id='word_1_243' title='bbox 1293 2098 1452 2128; x_wconf 84' lang='lat' dir='ltr'>delectum</span> <span class='ocrx_word' id='word_1_244' title='bbox 1476 2108 1546 2128; x_wconf 87' lang='lat' dir='ltr'>cum</span> 
     </span>
     <span class='ocr_line' id='line_1_40' title="bbox 887 2147 1547 2190; baseline -0.005 -11"><span class='ocrx_word' id='word_1_245' title='bbox 887 2154 1029 2190; x_wconf 79' lang='lat' dir='ltr'>respectu</span> <span class='ocrx_word' id='word_1_246' title='bbox 1046 2147 1084 2178; x_wconf 84' lang='lat' dir='ltr'>ad</span> <span class='ocrx_word' id='word_1_247' title='bbox 1099 2149 1255 2189; x_wconf 79' lang='lat' dir='ltr'>virginem.</span> <span class='ocrx_word' id='word_1_248' title='bbox 1284 2147 1423 2176; x_wconf 72' lang='lat' dir='ltr'>Haustus</span> <span class='ocrx_word' id='word_1_249' title='bbox 1438 2158 1547 2181; x_wconf 73' lang='lat' dir='ltr'>arenoe,</span> 
     </span>
     <span class='ocr_line' id='line_1_41' title="bbox 887 2194 1549 2238; baseline -0.005 -12"><span class='ocrx_word' id='word_1_250' title='bbox 887 2196 1041 2238; x_wconf 77' lang='lat' dir='ltr'>particula</span> <span class='ocrx_word' id='word_1_251' title='bbox 1063 2197 1174 2226; x_wconf 83' lang='lat' dir='ltr'>hausta</span> <span class='ocrx_word' id='word_1_252' title='bbox 1194 2206 1306 2225; x_wconf 80' lang='lat' dir='ltr'>arenae.</span> <span class='ocrx_word' id='word_1_253' title='bbox 1344 2196 1448 2231; x_wconf 81' lang='lat' dir='ltr'>Quam</span> <span class='ocrx_word' id='word_1_254' title='bbox 1471 2194 1549 2224; x_wconf 87' lang='lat' dir='ltr'>invi-</span> 
     </span>
     <span class='ocr_line' id='line_1_42' title="bbox 887 2244 1549 2284; baseline -0.003 -9"><span class='ocrx_word' id='word_1_255' title='bbox 887 2246 971 2276; x_wconf 86' lang='lat' dir='ltr'>diose</span> <span class='ocrx_word' id='word_1_256' title='bbox 995 2245 1039 2275; x_wconf 81' lang='lat' dir='ltr'>ita</span> <span class='ocrx_word' id='word_1_257' title='bbox 1061 2244 1272 2275; x_wconf 82' lang='lat' dir='ltr'>humationem</span> <span class='ocrx_word' id='word_1_258' title='bbox 1298 2244 1329 2274; x_wconf 86' lang='lat' dir='ltr'>in</span> <span class='ocrx_word' id='word_1_259' title='bbox 1356 2248 1435 2274; x_wconf 78' lang='lat' dir='ltr'>terra</span> <span class='ocrx_word' id='word_1_260' title='bbox 1461 2253 1549 2284; x_wconf 79' lang='lat' dir='ltr'>pere-</span> 
     </span>
     <span class='ocr_line' id='line_1_43' title="bbox 888 2293 1149 2335; baseline -0.015 -10"><span class='ocrx_word' id='word_1_261' title='bbox 888 2294 976 2335; x_wconf 80' lang='lat' dir='ltr'>grina</span> <span class='ocrx_word' id='word_1_262' title='bbox 991 2294 1129 2324; x_wconf 77' lang='lat' dir='ltr'>declarat</span> <span class='ocrx_word' id='word_1_263' title='bbox 1143 2293 1149 2321; x_wconf 66' lang='grc' dir='ltr'>ἔ</span> 
     </span>
    </p>

    <p class='ocr_par' dir='ltr' id='par_1_10' title="bbox 889 2341 1549 2712">
     <span class='ocr_line' id='line_1_44' title="bbox 931 2341 1544 2381; baseline -0.005 -8"><span class='ocrx_word' id='word_1_264' title='bbox 931 2343 1112 2374; x_wconf 74' lang='grc'>527-530,</span> <span class='ocrx_word' id='word_1_265' title='bbox 1131 2342 1237 2372; x_wconf 73' lang='lat' dir='ltr'>Omnia</span> <span class='ocrx_word' id='word_1_266' title='bbox 1250 2342 1445 2381; x_wconf 77' lang='lat' dir='ltr'>perdidimus,</span> <span class='ocrx_word' id='word_1_267' title='bbox 1462 2341 1544 2380; x_wconf 59' lang='grc' dir='ltr'>θεῖα]</span> 
     </span>
     <span class='ocr_line' id='line_1_45' title="bbox 889 2388 1548 2421; baseline -0.003 0"><span class='ocrx_word' id='word_1_268' title='bbox 889 2391 1042 2421; x_wconf 77' lang='lat' dir='ltr'>Praeclare</span> <span class='ocrx_word' id='word_1_269' title='bbox 1066 2389 1182 2420; x_wconf 83' lang='lat' dir='ltr'>desinit</span> <span class='ocrx_word' id='word_1_270' title='bbox 1207 2390 1237 2419; x_wconf 90' lang='lat' dir='ltr'>in</span> <span class='ocrx_word' id='word_1_271' title='bbox 1265 2389 1322 2419; x_wconf 87' lang='lat' dir='ltr'>hoc</span> <span class='ocrx_word' id='word_1_272' title='bbox 1346 2388 1477 2419; x_wconf 79' lang='lat' dir='ltr'>solatio:</span> <span class='ocrx_word' id='word_1_273' title='bbox 1504 2388 1548 2419; x_wconf 86' lang='lat' dir='ltr'>ita</span> 
     </span>
     <span class='ocr_line' id='line_1_46' title="bbox 890 2437 1549 2477; baseline -0.003 -9"><span class='ocrx_word' id='word_1_274' title='bbox 890 2440 972 2469; x_wconf 82' lang='lat' dir='ltr'>enim</span> <span class='ocrx_word' id='word_1_275' title='bbox 996 2439 1104 2468; x_wconf 82' lang='lat' dir='ltr'>fortius</span> <span class='ocrx_word' id='word_1_276' title='bbox 1127 2438 1222 2468; x_wconf 82' lang='lat' dir='ltr'>sentis</span> <span class='ocrx_word' id='word_1_277' title='bbox 1243 2437 1392 2473; x_wconf 82' lang='lat' dir='ltr'>dolorem,</span> <span class='ocrx_word' id='word_1_278' title='bbox 1408 2447 1469 2477; x_wconf 91' lang='lat' dir='ltr'>quo</span> <span class='ocrx_word' id='word_1_279' title='bbox 1491 2437 1549 2466; x_wconf 85' lang='lat' dir='ltr'>mi·</span> 
     </span>
     <span class='ocr_line' id='line_1_47' title="bbox 890 2486 1549 2526; baseline -0.006 -8"><span class='ocrx_word' id='word_1_280' title='bbox 890 2488 1015 2519; x_wconf 85' lang='lat' dir='ltr'>serrima</span> <span class='ocrx_word' id='word_1_281' title='bbox 1038 2493 1135 2517; x_wconf 85' lang='lat' dir='ltr'>mater</span> <span class='ocrx_word' id='word_1_282' title='bbox 1159 2486 1357 2517; x_wconf 83' lang='lat' dir='ltr'>cruciabatur</span> <span class='ocrx_word' id='word_1_283' title='bbox 1382 2491 1549 2526; x_wconf 82' lang='lat' dir='ltr'>conspecto</span> 
     </span>
     <span class='ocr_line' id='line_1_48' title="bbox 889 2533 1547 2578; baseline -0.006 -11"><span class='ocrx_word' id='word_1_284' title='bbox 889 2542 1015 2578; x_wconf 80' lang='lat' dir='ltr'>repente</span> <span class='ocrx_word' id='word_1_285' title='bbox 1045 2536 1137 2576; x_wconf 83' lang='lat' dir='ltr'>hujus</span> <span class='ocrx_word' id='word_1_286' title='bbox 1165 2546 1288 2576; x_wconf 81' lang='lat' dir='ltr'>quoque</span> <span class='ocrx_word' id='word_1_287' title='bbox 1316 2533 1370 2563; x_wconf 87' lang='lat' dir='ltr'>filii</span> <span class='ocrx_word' id='word_1_288' title='bbox 1407 2544 1547 2575; x_wconf 84' lang='lat' dir='ltr'>corpore.</span> 
     </span>
     <span class='ocr_line' id='line_1_49' title="bbox 893 2583 1548 2626; baseline -0.005 -11"><span class='ocrx_word' id='word_1_289' title='bbox 893 2585 956 2615; x_wconf 83' lang='lat' dir='ltr'>Cur</span> <span class='ocrx_word' id='word_1_290' title='bbox 972 2596 1035 2626; x_wconf 90' lang='lat' dir='ltr'>pro,</span> <span class='ocrx_word' id='word_1_291' title='bbox 1051 2591 1175 2625; x_wconf 86' lang='lat' dir='ltr'>propter</span> <span class='ocrx_word' id='word_1_292' title='bbox 1191 2594 1297 2625; x_wconf 86' lang='lat' dir='ltr'>quem.</span> <span class='ocrx_word' id='word_1_293' title='bbox 1324 2583 1450 2613; x_wconf 74' lang='lat' dir='ltr'>Ismario</span> <span class='ocrx_word' id='word_1_294' title='bbox 1468 2585 1548 2623; x_wconf 78' lang='lat' dir='ltr'>regi:</span> 
     </span>
     <span class='ocr_line' id='line_1_50' title="bbox 891 2631 1548 2674; baseline -0.003 -11"><span class='ocrx_word' id='word_1_295' title='bbox 891 2632 1106 2674; x_wconf 83' lang='lat' dir='ltr'>Polymestori,</span> <span class='ocrx_word' id='word_1_296' title='bbox 1134 2632 1273 2662; x_wconf 71' lang='lat' dir='ltr'>&#39;l&#39;hraciae</span> <span class='ocrx_word' id='word_1_297' title='bbox 1302 2631 1383 2672; x_wconf 78' lang='lat' dir='ltr'>regi3</span> <span class='ocrx_word' id='word_1_298' title='bbox 1407 2641 1478 2661; x_wconf 83' lang='lat' dir='ltr'>narn</span> <span class='ocrx_word' id='word_1_299' title='bbox 1503 2631 1548 2661; x_wconf 87' lang='lat' dir='ltr'>Is-</span> 
     </span>
     <span class='ocr_line' id='line_1_51' title="bbox 894 2681 1321 2712; baseline -0.005 0"><span class='ocrx_word' id='word_1_300' title='bbox 894 2693 995 2712; x_wconf 75' lang='lat' dir='ltr'>marus</span> <span class='ocrx_word' id='word_1_301' title='bbox 1009 2681 1149 2711; x_wconf 61' lang='lat' dir='ltr'>Thracian</span> <span class='ocrx_word' id='word_1_302' title='bbox 1164 2691 1251 2711; x_wconf 85' lang='lat' dir='ltr'>mons</span> <span class='ocrx_word' id='word_1_303' title='bbox 1265 2687 1321 2711; x_wconf 77' lang='lat' dir='ltr'>est.</span> 
     </span>
    </p>
   </div>
  </div>
 </body>
</html>
