1779 3130
237 173 322 214 210

624 172 674 211 P.
708 170 921 211 OVIDII
956 170 1236 211 NASONIS

241 287 435 334 Obruta
458 286 607 332 verba
631 285 793 341 refert,
821 285 1109 346 dominique
1135 284 1359 346 coarguit
1383 300 1541 331 aures.

304 363 364 410 V.
388 363 536 408 Ultus
553 362 854 416 abitTmolo,
867 362 1213 424 liquidumque
1229 377 1317 424 per
1331 377 1444 408 aera
1454 369 1624 408 vectus

238 440 522 500 Angustum
547 440 670 486 citra
694 447 900 502 pontum
928 439 1265 502 Nepheleidos
1287 438 1458 486 Helles

1535 442 1624 485 195

242 515 622 562 Laomedonteis
650 515 852 563 Letoius
879 515 1036 562 astitit
1061 516 1203 562 arvis.

239 591 462 639 Dextera
490 592 656 654 Sigaei,
681 593 880 639 Rhoetei
905 593 1027 638 laeva
1051 590 1279 654 profundi

239 667 340 715 Ara
365 668 705 731 Panomphaeo
728 676 870 715 vetus
897 674 974 715 est
997 674 1192 714 sacrata
1216 666 1446 714 Tonanti.

239 744 363 791 Inde
388 761 526 791 novae
552 745 765 808 primum
788 745 945 792 moliri
971 744 1153 791 moenia
1177 744 1337 806 Trojae

240 820 576 868 Laomedonta
595 822 744 877 videt,
766 829 1099 884 susceptaque
1120 836 1301 882 magna
1324 821 1491 867 labore
1527 825 1624 867 200

241 898 482 944 Crescere
507 898 710 954 difficili,
738 915 828 946 nec
855 914 974 962 opes
1001 913 1274 960 exposcere
1299 913 1503 959 parvas:

239 974 471 1036 Cumque
496 974 816 1036 tridentigero
841 974 1018 1021 tumidi
1044 973 1265 1036 genitore
1289 972 1517 1036 profundi

241 1050 504 1097 Mortalem
530 1051 750 1098 induitur
774 1050 1006 1106 formam3
1044 1049 1367 1112 Phrygioque
1391 1056 1602 1111 tyranno

285 1184 462 1213 194—220.
479 1185 585 1223 Apollo
601 1191 628 1214 et
648 1183 806 1223 Neptunus
820 1185 896 1214 Lcm—

240 1233 369 1262 medontz'
396 1244 494 1262 muros
523 1233 695 1273 emmam]
733 1234 898 1269 Homerus,

241 1280 282 1310 Il.
301 1284 339 1311 Φ.
352 1281 413 1311 443
427 1292 483 1322 sqq
501 1293 506 1310 :
534 1281 699 1317 Pindarus,
716 1282 767 1312 Ol.
780 1285 822 1312 H.
837 1283 899 1319 413

240 1328 460 1370 Apollodorus,
483 1329 528 1359 H.
542 1340 572 1359 v,
591 1330 632 1367 93
657 1330 812 1370 Hyginus,
836 1329 899 1360 fab.

241 1378 282 1407 89
296 1389 303 1415 ;
319 1377 444 1407 Servius
456 1377 495 1407 ad
509 1377 687 1418 Virgilium,
702 1378 805 1408 AEn.i.
815 1380 877 1409 553
892 1390 899 1415 3

240 1425 275 1455 ii.
292 1426 365 1455 610.
378 1425 535 1466 Anonym.
551 1426 589 1456 de
606 1426 844 1457 Incredibilibus
859 1427 898 1457 ab

242 1474 363 1504 Allatio
381 1467 495 1510 editus,
512 1485 584 1516 cap.
602 1476 631 1505 6.
648 1482 754 1505 auctor
769 1482 826 1511 est,
843 1486 897 1506 au-

243 1534 310 1554 rum
327 1523 492 1564 sumpsisse
510 1524 752 1554 Laomedontem
771 1524 810 1554 ad
831 1535 899 1555 mu-

240 1583 289 1602 ros
307 1572 495 1602 extruendos
518 1583 554 1603 ex
573 1573 698 1614 templis
712 1574 857 1615 Neptuni
870 1580 901 1604 et

238 1620 407 1662 Apollinis,
440 1632 540 1662 neque
570 1622 601 1652 id
629 1633 682 1663 pro
708 1629 900 1653 sacramento

238 1670 375 1711 praestito
390 1670 572 1701 reddidisse.
609 1672 811 1702 'l'ractaverat
834 1672 900 1702 haec

238 1725 269 1749 et
298 1719 455 1749 Hesiodus
483 1720 515 1749 in
542 1720 673 1751 Heroica
703 1721 896 1762 genealogia,

239 1776 273 1800 ut
295 1781 310 1800 e
333 1770 436 1800 Schol.
452 1770 606 1812 Lycophr.
622 1771 661 1801 ad
678 1782 704 1801 v.
722 1771 763 1801 34
779 1778 809 1802 et
823 1773 898 1802 393.

240 1824 374 1849 constat.

285 1868 354 1898 195.
378 1868 548 1908 Angustum
571 1869 649 1897 citra
672 1868 824 1908 pontium]
853 1869 898 1898 Λ-

237 1916 320 1957 pollo
343 1926 450 1946 versus
475 1926 560 1946 mare
586 1916 717 1952 vehitur,
741 1918 796 1948 sed
820 1918 897 1948 citra

234 1972 360 2004 pontum
401 1964 513 2000 Helles,
553 1965 804 2006 Hellespontum,
846 1968 896 1997 cui

236 2014 332 2044 Troas
347 2013 681 2054 adjacebat,c0nsistit.
698 2015 787 2045 Helle
797 2015 896 2046 Atha-

239 2061 353 2092 mantis
373 2067 404 2092 et
423 2062 565 2100 Nephele<
581 2062 658 2098 filia,
680 2063 783 2093 Phrixi
803 2075 895 2100 soror,

239 2121 308 2151 quae
329 2110 360 2140 in
376 2117 503 2151 angusto
518 2110 571 2141 illo
592 2110 669 2141 freto
686 2111 788 2153 periit,
804 2113 896 2153 eique

238 2169 352 2189 nomen
376 2159 485 2197 dedit3
509 2160 726 2201 Apollodorus¹
754 2162 807 2192 lib.
826 2162 845 2192 i.
862 2174 894 2204 p.

239 2208 298 2245 393
322 2207 533 2249 Palaephatus‚
549 2210 603 2239 31.

285 2257 356 2287 197.
375 2257 503 2287 Deicera
519 2257 636 2299 Signi]
663 2258 735 2287 Non
751 2259 841 2299 longe
858 2260 896 2290 ab

237 2305 297 2336 Ilio
326 2306 411 2335 sinus
441 2306 568 2347 quidam
599 2307 795 2348 Hellesponti
825 2308 896 2339 litus

238 2355 434 2385 incurvabat.
471 2355 520 2385 Ibi
537 2356 665 2396 Sigoeum
681 2362 713 2386 et
729 2357 896 2394 Rlnrteum,

237 2404 299 2435 duo
322 2405 526 2445 promontoria
549 2415 621 2435 cum
645 2405 768 2447 oppidis
784 2417 895 2447 cogno-

238 2453 385 2488 minibus,
411 2464 540 2494 quorum
564 2454 643 2484 illud
667 2455 814 2491 Achillis,
838 2456 896 2487 hoc

238 2501 348 2542 Ajacis
383 2503 525 2543 sepulcro
557 2509 663 2544 postea
699 2504 896 2535 nobilitatum

237 2556 284 2580 est
298 2562 307 2586 ;
323 2551 408 2580 Mela
423 2550 444 2582 i.
464 2552 513 2581 18.
543 2552 603 2581 Sed
618 2552 732 2583 Noster
745 2552 811 2583 loco
827 2564 896 2594 pro-

238 2598 393 2634 montorii,
417 2600 614 2641 profundum,
640 2611 735 2636 mare,
756 2601 895 2643 appella-

237 2646 296 2678 vit.
344 2648 530 2688 szompheo
566 2649 637 2680 Jovi
667 2649 762 2681 ctiam
792 2650 894 2682 Graeci

237 2705 325 2726 sacra
351 2695 467 2726 faciunt
491 2697 573 2738 apud
599 2698 778 2734 Homerum,
798 2699 837 2728 ΙΙ.
858 2704 894 2730 Θ.

965 1184 1017 1213 48.
1042 1182 1094 1212 ubi
1120 1181 1264 1212 Eustatli.
1289 1180 1305 1211 ὁ
1338 1180 1446 1219 πάσης
1467 1180 1625 1222 μαντείας

965 1232 1078 1268 αἴτιος,
1094 1241 1149 1262 seu
1170 1230 1293 1265 melius,
1313 1235 1346 1260 ut
1366 1230 1450 1270 origo
1466 1229 1550 1260 vocis
1571 1239 1625 1270 ap-

966 1286 1087 1322 pareat,
1104 1280 1120 1311 ὁ
1137 1283 1253 1311 πασῶν
1270 1280 1380 1320 ὀμφῶν
1396 1279 1509 1315 αἴτιος,
1527 1279 1627 1310 omnis

965 1330 1038 1360 artis
1054 1328 1246 1360 vaticinandi
1271 1334 1396 1365 auctor;
1416 1326 1486 1357 vide
1507 1328 1624 1358 Potter.

966 1378 1005 1409 ad
1031 1378 1188 1419 Lycophr.
1213 1377 1443 1408 Cassand.ver.
1459 1377 1491 1407 6.
1538 1377 1624 1408 Ordo

965 1434 1069 1458 autem
1085 1427 1247 1457 verborum
1259 1433 1304 1456 est
1321 1425 1389 1455 hic:
1407 1426 1537 1456 Dextera
1553 1436 1625 1466 pars

967 1477 1055 1517 sigaei
1081 1476 1144 1506 sive
1169 1477 1239 1505 hera
1257 1475 1374 1505 Rhoetei
1395 1481 1437 1504 est
1460 1486 1526 1510 aru,
1543 1474 1576 1504 h.
1593 1485 1624 1504 e.

966 1527 996 1555 in
1013 1525 1122 1555 dextra
1137 1533 1223 1566 parte
1239 1524 1330 1565 Sigaei
1342 1529 1388 1554 est
1404 1534 1468 1554 ara.
1503 1523 1624 1555 Utrius-

967 1585 1028 1616 que
1058 1574 1255 1616 promontorii
1285 1573 1472 1604 mentionem
1500 1572 1550 1604 hic
1581 1573 1624 1603 fa-

968 1634 1035 1653 cere
1052 1623 1160 1653 voluit.

1014 1673 1084 1702 199.
1100 1671 1200 1710 Inda]
1226 1669 1363 1707 Quidam
1379 1670 1427 1710 (et
1442 1677 1545 1700 noster
1560 1670 1624 1701 Re-

963 1720 1032 1761 gius
1055 1720 1115 1758 A.)
1146 1719 1243 1749 Vnde.
1291 1719 1374 1749 Nora
1405 1719 1505 1758 Troja,
1530 1718 1623 1750 Ilium

965 1779 1062 1810 nuper
1085 1768 1245 1798 conditum
1268 1769 1307 1797 ab
1332 1767 1390 1803 Ilo,
1406 1768 1627 1799 Laomedontis

965 1823 1064 1859 patre.
1096 1817 1191 1858 Apud
1207 1816 1432 1857 Apollodorum
1448 1818 1543 1847 muris
1559 1818 1623 1848 cin-

965 1871 1042 1905 gunt
1058 1865 1258 1906 Pergamum.
1306 1865 1422 1901 Moliri,
1433 1876 1556 1906 ponere,
1569 1877 1623 1896 ex·

964 1920 1078 1945 truere.
1118 1914 1280 1955 Virgilius,
1314 1916 1390 1944 AEn.
1417 1915 1438 1945 i.
1458 1916 1531 1946 423.
1552 1927 1625 1955 pars

965 1965 1072 1993 ‹lacer-e
1097 1975 1204 1998 muros,
1227 1963 1389 2003 Molirique
1412 1974 1519 1994 arcem.
1552 1964 1622 1995 Sus-

964 2018 1079 2051 ceptum
1117 2023 1198 2042 nunc
1231 2012 1436 2049 substantive,
1470 2019 1622 2054 coeptum.

967 2060 1113 2095 Crescere,
1129 2061 1311 2101 promoveri.

1007 2110 1080 2139 202.
1104 2109 1273 2149 Genitore]
1301 2109 1406 2140 Etiam
1429 2110 1512 2152 apud
1526 2111 1622 2142 Vale-

964 2163 1041 2194 rium
1059 2165 1218 2200 Flaccum,
1235 2165 1274 2195 iv.
1291 2165 1364 2195 571.
1382 2167 1549 2208 Neptunus
1563 2179 1619 2207 pa-

967 2223 1011 2241 rer
1026 2215 1136 2249 maris,-
1154 2218 1185 2243 et
1194 2213 1312 2243 Statius
1326 2213 1407 2245 Ach.
1423 2214 1445 2245 i.
1457 2215 1509 2245 61.
1520 2219 1622 2257 magni

966 2268 1060 2291 rector
1073 2265 1247 2303 genitorque
1269 2263 1426 2304 pmffundi.
1462 2264 1522 2294 Sed
1536 2276 1621 2306 quae-

964 2309 1050 2343 titur,
1066 2321 1126 2351 quo
1142 2321 1233 2341 sensu
1248 2311 1292 2342 ita
1302 2311 1436 2342 dicatur.
1467 2314 1620 2345 Burman·

965 2369 1022 2388 nus
1048 2359 1086 2389 ad
1106 2359 1283 2400 Virgilium,
1305 2362 1381 2392 AEn.
1402 2362 1422 2392 i.
1446 2363 1516 2392 155.
1542 2363 1620 2399 vult,

964 2408 1049 2439 Deos
1061 2409 1122 2439 dici
1141 2420 1246 2440 earum
1263 2422 1362 2441 rerum
1376 2414 1535 2452 genitores,
1552 2413 1620 2454 qui-

963 2456 1021 2487 bus
1034 2464 1180 2498 praesunt.
1212 2459 1374 2500 Improbat
1387 2470 1455 2490 eam
1470 2461 1621 2492 rationem

964 2506 1108 2546 Heynius
1127 2514 1306 2549 monetque,
1326 2512 1469 2549 genitoris
1483 2516 1514 2540 et
1527 2514 1623 2549 putris

964 2554 1085 2585 nomine
1109 2556 1248 2597 insigniri
1272 2558 1357 2588 Deos
1379 2558 1526 2594 seniores,
1550 2571 1620 2590 mox

963 2610 994 2634 et
1023 2615 1225 2646 quoscunque
1256 2606 1341 2642 alios,
1366 2607 1506 2649 nihilque
1533 2609 1618 2640 aliud

963 2652 1129 2693 significari
1146 2654 1202 2684 nisi
1219 2656 1424 2692 venerabiles,
1442 2663 1574 2688 sanctos.

1004 2702 1078 2732 203.
1097 2703 1287 2744 Phrygioque
1303 2711 1443 2744 tyranno,
1460 2706 1538 2745 etc.]
1563 2707 1617 2737 Se—
