1779 3130
207 180 292 221 296

580 178 631 218 Ρ.
666 177 879 218 OVIDII
912 177 1192 219 NASONIS

209 292 394 339 Stravit
411 310 421 348 3
447 298 497 338 et
515 291 786 338 immeritas
803 292 949 338 urbes
967 290 1198 353 Elinque,
1212 290 1478 354 Pylonque
1497 295 1594 341 550

205 368 385 422 Diruit,
412 368 561 430 inque
588 383 724 414 meos
750 367 930 415 ferrum
953 367 1306 430 flammamque
1327 374 1534 430 penates

204 442 438 506 Impulit:
478 450 633 504 utque
654 442 775 489 alios
801 450 1009 498 taceam,
1037 459 1163 506 quos
1190 444 1270 490 ille
1292 443 1530 506 peremit3

205 519 294 566 Bis
320 534 408 566 sex
437 518 630 565 Nelidae
651 519 851 575 fuimus,
879 526 1150 582 conspecta
1169 521 1403 580 juventus
1426 535 1435 566 :

204 595 292 641 Bis
318 611 406 641 sex
434 594 694 642 Herculeis
720 596 1022 650 ceciderunt,
1047 611 1124 641 me
1150 596 1312 641 minus
1332 611 1446 650 uno,
1494 598 1588 641 554

201 671 431 717 Viribus:
461 678 612 732 atque
635 672 755 718 alios
780 671 909 718 vinci
934 671 1155 733 potuisse
1181 669 1435 716 ferendum
1461 678 1555 717 est.

201 746 334 793 Mira
359 747 693 809 Periclymeni
718 764 849 794 mors
876 754 979 803 est;
1016 747 1094 793 cui
1120 763 1267 809 posse
1292 746 1473 807 figuras

203 822 410 868 Sumere
436 838 560 884 quas
585 823 749 877 vellet,
776 838 1045 885 rursusque
1070 838 1308 885 reponere
1333 830 1556 885 sumptas

202 898 469 961 Neptunus
492 899 713 954 dederat,
742 899 886 945 Nelei
912 898 1166 960 sanguinis
1192 906 1381 945 auctor.

1460 900 1587 959 [nes,

202 973 315 1030 Hic,
342 974 425 1020 ubi
456 975 794 1037 nequicquam
833 982 910 1023 est
946 974 1126 1021 formas
1151 975 1366 1021 variatus
1405 975 1453 1020 in
1483 991 1587 1021 om-

201 1094 403 1125 Philostrates
428 1095 554 1125 Ileroic.
578 1095 680 1131 Nelea,
701 1096 857 1136 Pyliorum

199 1144 277 1183 regi,
303 1144 367 1174 nati
389 1150 477 1174 erant
501 1144 550 1174 vel
576 1154 613 1174 ex
644 1145 710 1175 sola
733 1145 859 1175 Cloride

201 1194 315 1233 (Hom.
337 1193 420 1233 Hyg.
442 1192 606 1234 Apollod.)
627 1193 676 1223 vel
701 1204 739 1224 ex
762 1194 857 1235 pluri-

199 1242 257 1272 bus
273 1241 419 1272 uxoribus
434 1241 597 1272 duodecim
612 1241 680 1277 filii,
697 1242 729 1272 in
745 1242 859 1283 quibus

201 1291 429 1330 Periclymenus
441 1296 471 1320 et
484 1291 601 1321 Nestor.
633 1291 785 1321 Hercules
799 1291 858 1322 ira-

198 1344 248 1369 tus
270 1345 336 1369 erat
356 1339 469 1374 Neleo,
486 1338 549 1369 sive
571 1338 654 1379 quod
677 1339 734 1369 sibi
756 1340 855 1381 Gery-

198 1387 266 1418 onis
294 1388 388 1418 boves
424 1388 581 1428 abegerat,
611 1387 675 1418 sive
704 1389 788 1428 quod
824 1399 856 1418 se

198 1437 323 1478 expiare
356 1436 507 1471 noluerat,
537 1442 702 1477 postquam
730 1447 857 1467 uxorem

198 1490 230 1514 et
248 1484 360 1515 liberos
378 1491 432 1515 aut
446 1484 585 1525 Iphitum
608 1485 742 1515 amicum
762 1485 856 1516 inter-

200 1533 326 1569 fecerat,
347 1534 411 1564 sive
430 1533 576 1574 denique,
600 1539 633 1563 ut
650 1534 715 1564 vult
735 1534 855 1564 Pausa-

200 1581 277 1617 nias,
294 1581 368 1623 quia
381 1592 470 1623 opem
488 1582 602 1612 tulerat
618 1582 715 1612 Eleis.
754 1582 857 1623 Capta

199 1631 275 1662 urbe
304 1631 429 1662 Nestori
467 1631 617 1672 pepercit,
646 1631 694 1661 vel
723 1634 796 1672 quia
832 1632 857 1663 is

200 1679 282 1721 apud
303 1680 456 1710 Gerenios
475 1680 593 1715 aberat,
617 1680 665 1709 vel
688 1680 763 1721 quia
778 1681 857 1721 patri

197 1729 294 1758 boves
323 1728 460 1768 abigenti
491 1733 544 1757 aut
568 1727 778 1769 expiationem
805 1739 857 1759 ne-

197 1778 283 1818 ganti
297 1787 357 1808 non
373 1787 515 1807 assensus
530 1777 642 1807 fuerat.
673 1778 786 1818 Neque
802 1788 856 1819 pe-

198 1826 296 1867 percit
319 1825 347 1856 ei
379 1825 480 1859 modo,
510 1824 565 1854 sed
603 1835 733 1865 regnum
763 1826 856 1856 etiam

197 1882 360 1916 paternum
383 1873 524 1909 tradidit,
550 1873 599 1904 cui
626 1873 748 1903 addidit
771 1875 856 1904 Mes-

197 1934 304 1959 senen,
328 1924 376 1954 vel
400 1929 434 1953 ut
460 1922 622 1963 praemium
642 1922 784 1963 justitiae,
806 1923 856 1953 vel

197 1979 232 2003 ut
246 1972 431 2014 depositum.
466 1971 581 2001 Foedus
597 1971 686 2001 icisse
702 1981 773 2001 cum
790 1973 855 2002 Ne·

195 2021 236 2051 lei
266 2020 370 2050 liberis
403 2018 516 2059 legitur
545 2018 628 2059 apud
656 2019 855 2055 Pausaniam,

197 2069 336 2100 Messen.
351 2080 382 2110 p.
398 2069 470 2098 317.
515 2067 575 2098 Sed
592 2067 762 2098 secundum
779 2068 854 2097 Ovi-

196 2117 295 2152 dium,
322 2127 383 2147 non
406 2117 486 2146 bene
511 2115 549 2146 de
572 2116 704 2146 Nestore
728 2115 855 2146 meritus

195 2172 243 2198 est
254 2166 417 2197 Hercules.
448 2165 498 2195 De
511 2164 582 2194 filiis
597 2164 768 2195 intersectis
781 2175 853 2195 con-

197 2215 291 2247 sentit
315 2225 386 2245 eum
405 2214 551 2249 Homero,
573 2214 656 2244 κατὰ
681 2212 704 2243 δ’
721 2213 855 2244 ἔκταθεν

196 2264 283 2295 ὅσσοι
295 2264 429 2305 ἄριστοι.
457 2263 698 2302 Periclymenum
710 2262 854 2302 effugisse

195 2313 291 2344 tradit
305 2311 469 2353 Hyginus3
492 2311 688 2341 interfectum
699 2321 769 2341 eum
785 2322 853 2342 esse

193 2366 337 2392 auctores
358 2366 430 2390 sunt
449 2360 553 2391 Scliol.
569 2359 708 2395 Homeri,
725 2360 853 2401 Apollo-

194 2410 287 2440 dorus
315 2414 346 2438 et
374 2408 502 2438 Tzetzes
531 2407 615 2439 Chil.
642 2408 661 2438 i.
686 2409 736 2438 46.
781 2408 852 2439 Sine

195 2457 290 2487 dubio
310 2457 400 2497 fugit,
416 2463 446 2486 et
463 2466 479 2487 e
501 2457 574 2496 fuga
595 2455 740 2487 reductus
757 2456 851 2487 inter-

195 2505 295 2535 fectus
309 2511 368 2535 est.
401 2505 470 2535 Hoc
486 2510 568 2535 certe
584 2504 719 2535 sibivult
734 2504 851 2541 fabula,

194 2563 289 2594 quam
304 2553 354 2583 hic
371 2552 532 2583 habemus.

238 2603 314 2632 550.
326 2602 452 2636 Stravit,
465 2601 568 2631 diruit.
592 2601 718 2641 Impulit
728 2601 851 2642 gravius

194 2650 324 2680 verbum
344 2659 451 2690 quam,
470 2651 598 2687 intulit;
624 2650 702 2682 ferro
725 2658 756 2681 et
779 2651 849 2692 igne

196 2697 330 2729 vastavit
343 2703 472 2738 penates
486 2707 583 2728 meos·

969 1095 1043 1126 5:33.
1068 1095 1120 1124 Bis
1143 1106 1189 1126 sei·
1220 1095 1346 1131 Nelidcr,
1369 1095 1447 1135 etc.]
1472 1096 1590 1125 Home-

928 1155 996 1174 rus:
1023 1143 1149 1175 Δώδεκα
1176 1146 1238 1185 γὰρ
1262 1146 1400 1183 Νηλῆος
1423 1144 1589 1186 ἀμύμονες

927 1192 1003 1230 υἱέες
1027 1192 1119 1235 ἦμεν,
1142 1197 1216 1224 Τῶν
1241 1195 1306 1230 οἶος
1328 1194 1489 1235 λιπόμην,
1515 1194 1543 1224 οἱ
1564 1193 1588 1224 δ’

926 1243 1023 1273 ἄλλοι
1040 1242 1162 1279 πάντες
1173 1243 1301 1274 ὄλοντο.
1327 1243 1499 1282 Conspecta,
1514 1254 1587 1273 con-

926 1291 1045 1331 spicua,
1057 1292 1235 1329 excellens;
1253 1292 1379 1322 Homer.
1398 1292 1493 1323 altero
1509 1292 1588 1327 loco,

926 1339 1038 1381 ἀγλαὰ
1066 1339 1174 1371 τέκνα*
1206 1341 1338 1382 illosque
1367 1340 1502 1372 ἐκάκωσε
1528 1340 1586 1380 βίη

923 1387 1132 1429 Ἡρακληείη.

969 1437 1042 1467 556.
1059 1436 1165 1473 Posse;
1189 1438 1226 1467 τὸ
1250 1436 1422 1472 δύνασθαι,
1439 1436 1585 1473 facultas,

924 1491 959 1515 ut
981 1484 1146 1526 aliquoties
1161 1486 1306 1516 vidimus.
1345 1486 1510 1525 Remum-e,
1530 1486 1584 1516 de-

924 1543 1057 1574 ponere3
1083 1534 1300 1564 Gronovianus
1323 1538 1354 1563 et
1379 1540 1511 1575 quatuor
1532 1534 1585 1564 alii

923 1589 1109 1622 sumptasque
1132 1593 1271 1621 reponere
1287 1593 1377 1621 posse.
1415 1583 1512 1623 Regii
1534 1593 1585 1613 co-

925 1629 1011 1660 dices
1027 1630 1142 1661 habent
1158 1631 1323 1662 lectionem
1336 1631 1514 1672 vulgatam;
1538 1633 1583 1662 al-

925 1685 991 1709 tera
1020 1685 1125 1710 tamen
1156 1681 1282 1721 placet,
1313 1690 1448 1721 namque
1476 1680 1585 1711 adver-

924 1727 1009 1758 bium
1039 1739 1144 1758 rursus
1177 1728 1320 1769 jungitur
1357 1728 1476 1769 ingrate
1514 1740 1585 1760 cum

924 1777 1018 1806 verbo
1040 1777 1119 1807 illud
1136 1778 1166 1807 in
1188 1787 1244 1808 sua
1265 1777 1364 1818 prima
1384 1778 1506 1818 syllaba
1527 1778 1584 1808 ha-

924 1825 1028 1855 bente.

966 1874 1042 1903 558.
1062 1873 1150 1903 Nelei
1165 1875 1333 1915 sanguinis,
1347 1873 1461 1914 gentis,
1477 1881 1584 1904 auctor

924 1921 982 1951 fuit
1019 1922 1198 1962 NeptunuS,
1236 1922 1329 1952 Nelei
1366 1929 1474 1963 patei-3
1513 1922 1583 1953 vide

923 1969 1027 1999 Schol.
1056 1970 1183 2001 Homeri
1214 1970 1253 2000 ad
1282 1971 1344 2001 Od.
1371 1971 1404 2001 d.
1432 1971 1453 2001 l.
1482 1981 1582 2011 quan-

923 2028 1017 2058 quam
1039 2018 1182 2058 Hyginus
1206 2018 1455 2060 Hippocoontem
1485 2019 1582 2049 nomi-

922 2071 987 2096 nat.
1046 2066 1139 2096 Illam
1165 2067 1227 2096 vim
1253 2066 1461 2107 Periclymeni
1491 2066 1584 2098 etiam

923 2114 1078 2145 Hesiodus
1106 2114 1137 2145 in
1162 2115 1265 2146 Catal.
1294 2116 1471 2157 Euphorion
1500 2115 1584 2157 apud

922 2162 1086 2194 Scholiast.
1101 2164 1240 2199 Homeri,
1250 2170 1281 2194 et
1295 2164 1503 2205 Apollodorus
1519 2175 1583 2195 me-

922 2218 1056 2242 morant.
1104 2213 1226 2242 Formas
1255 2215 1414 2250 variatus5
1439 2213 1585 2254 permulti

922 2262 970 2300 (et
988 2261 1108 2301 Regius
1124 2267 1225 2292 noster
1243 2261 1298 2301 A.)
1310 2262 1426 2292 habent
1444 2269 1585 2293 versatus.

922 2309 1071 2348 Pugnans
1100 2320 1171 2339 cum
1201 2309 1340 2341 Hercule
1370 2311 1463 2341 fiebat
1491 2311 1583 2341 modo

920 2358 980 2394 leo,
997 2358 1087 2389 modo
1104 2359 1224 2400 anguis,
1236 2359 1326 2390 modo
1343 2359 1430 2401 apis3
1453 2359 1582 2400 Apollo-

920 2407 1024 2438 dorus.
1079 2408 1199 2438 Faciem
1214 2409 1297 2438 alitis
1311 2409 1409 2439 etiam
1426 2408 1583 2438 Hesiodus

921 2455 1033 2486 habet:
1057 2457 1176 2487 ἄλλοτε
1197 2457 1258 2497 μὲν
1280 2457 1340 2497 γὰρ
1360 2456 1396 2487 ἐν
1418 2456 1581 2497 ὀρνίθεσσι

919 2504 1092 2546 φαίνεσκεν
1108 2504 1223 2542 αἰετός·
1238 2505 1293 2536 sed
1308 2505 1459 2546 trajicitur
1474 2505 1581 2535 Palla-

919 2554 967 2584 dis
981 2554 1101 2585 monitu
1117 2554 1156 2584 ab
1172 2554 1320 2590 Hercule,
1336 2565 1443 2595 quum,
1456 2560 1581 2595 sumpta

919 2602 985 2644 apis
997 2603 1103 2638 forma,
1116 2603 1218 2633 currui
1230 2603 1296 2644 ejus
1306 2603 1465 2634 insideret.
1482 2603 1577 2644 Apud

919 2651 1022 2682 Schol.
1043 2651 1203 2693 Apollonii
1224 2657 1255 2681 et
1275 2652 1429 2688 Tzetzem‚
1450 2658 1579 2683 necatur

917 2701 962 2737 είς
975 2703 1076 2741 μυῖαν
1091 2700 1318 2741 μεταβληθείς.
