1779 3130
211 170 296 210 258

585 169 638 210 Ρ.
673 168 886 210 OVIDII
920 168 1200 209 NASONIS

215 283 397 329 Attulit
422 282 470 328 in
496 282 738 345 patriam:
779 285 1152 345 conjurataeque
1178 289 1454 344 sequuntur

217 358 360 405 Mille
387 366 533 413 rates,
562 359 827 421 gentisque
853 359 999 406 simul
1025 375 1288 405 commune
1315 358 1570 421 Pelasgae:

217 435 325 481 Nec
351 435 503 482 dilata
526 434 654 482 foret
675 435 909 490 vindicta,
938 435 1031 481 nisi
1057 451 1258 498 aequora
1283 435 1397 481 saevi

218 511 358 558 Invia
381 511 619 558 fecissent
643 511 794 566 venti,
825 511 1105 574 Boeotaque
1130 512 1279 558 tellus

216 587 398 634 Aulide
423 588 623 650 piscosa
646 603 844 650 puppes
871 588 1115 635 tenuisset
1140 587 1308 634 ituras.
1549 591 1607 633 10

218 663 316 710 Hic
342 664 500 726 patrio
525 664 587 710 de
614 680 748 711 more
774 663 803 709 J
809 665 885 710 ovi
912 681 1067 727 quum
1094 680 1234 711 sacra
1258 664 1538 726 parassent,

221 739 291 786 Ut
315 748 456 786 vetus
483 741 707 787 accensis
735 740 991 787 incanduit
1016 741 1214 802 ignibus
1241 756 1339 794 ara,

222 816 434 879 Serpere
460 818 727 863 caeruleum
756 817 917 864 Danai
942 817 1109 863 videre
1135 817 1401 862 draconem

220 892 279 938 In
306 894 577 955 platanum,
605 893 782 955 coeptis
810 909 921 955 quae
948 894 1113 939 stabat
1138 891 1364 955 proxima
1389 890 1572 938 sacris:

223 969 384 1015 Nidus
402 977 506 1016 erat
523 969 776 1015 volucrum
792 969 866 1014 bis
884 976 1098 1030 quatuor
1119 969 1291 1014 arbore
1308 983 1524 1023 summa3
1555 971 1611 1015 15

222 1044 358 1098 Quas
376 1045 536 1099 simul,
555 1052 605 1091 et
622 1053 827 1092 matrem
845 1045 1030 1092 circum
1050 1061 1140 1091 sua
1155 1045 1608 1100 damnavolantem,

224 1121 477 1183 Corripuit
502 1137 722 1184 serpens,
751 1121 994 1184 avidaque
1020 1121 1299 1168 recondidit
1324 1122 1447 1168 alvo.

225 1196 546 1259 Obstupuere
572 1212 772 1244 omnes:
814 1204 865 1244 at
890 1197 989 1244 veri
1016 1197 1249 1260 providus
1273 1212 1427 1258 augur

230 1328 401 1364 Herodoto,
425 1330 461 1360 τὸ
486 1331 596 1360 κοινὸν
620 1332 684 1361 τῶν
710 1330 851 1370 Σαμίων,
875 1341 892 1361 e

227 1377 378 1418 Dionysio
396 1378 499 1408 Halic.
516 1379 552 1409 τὸ
571 1380 681 1409 κοινὸν
699 1381 765 1410 τῶν
791 1378 890 1410 Λατί-

229 1439 308 1462 νων,
325 1438 340 1456 e
365 1427 688 1462 Cicerone‚cmnmuue
714 1428 892 1463 Meliadum,

229 1487 380 1505 (oninium
403 1476 526 1510 Siciliae,
552 1482 612 1506 etc.
635 1476 715 1506 infra
739 1476 804 1506 xiii.
831 1487 893 1507 ver.

232 1524 303 1554 199.
316 1526 477 1554 cammunis
491 1525 620 1555 Gra‘ciu.
644 1526 764 1566 Pelasgi
778 1524 893 1555 Achivi

227 1577 296 1612 post
313 1571 481 1602 Homerum
503 1573 564 1603 dici
582 1580 746 1615 coeperunt
762 1584 779 1603 a
795 1573 888 1604 serio-

227 1619 312 1650 ribus
328 1620 439 1660 poetis.

274 1670 306 1699 8.
334 1669 397 1699 Nec
414 1669 615 1707 dilataforet,
632 1671 709 1711 etc.]
747 1671 844 1701 Fuere
860 1677 891 1701 et

231 1716 301 1747 aliae
331 1728 433 1748 causae
464 1717 610 1748 vindictae
640 1719 757 1755 dilatae,
784 1730 892 1760 eaeque

231 1766 397 1806 graviores,
428 1774 595 1808 apparatus
632 1778 742 1809 nempe
774 1769 892 1805 classis,

231 1821 291 1844 etc.
303 1814 357 1845 sed
373 1815 435 1845 illae
454 1815 529 1845 nihil
543 1815 582 1846 ad
599 1816 762 1846 consilium
781 1822 891 1858 poetae.

234 1863 384 1894 Tenuisset
401 1864 544 1905 simplex,
562 1876 616 1905 pro
632 1865 802 1906 composito
818 1868 894 1896 deli-

231 1915 354 1942 nuisset.
402 1913 536 1943 Pis-casus
551 1924 716 1944 commune
733 1914 894 1953 epitheton

234 1959 407 1991 insularum
441 1961 626 2002 urbiumque
663 1962 896 1993 maritimarum.

236 2009 285 2039 De
310 2009 368 2039 hac
393 2020 479 2040 mora
505 2009 536 2040 in
562 2009 678 2040 Aulide
704 2011 743 2041 cf.
774 2011 895 2052 Euripi-

236 2056 317 2093 dem,
334 2058 437 2099 Iphig.
453 2059 549 2088 Aulid
567 2058 729 2100 principio.

280 2107 331 2137 ll.
358 2108 418 2138 Hic
438 2109 537 2147 putria
557 2109 592 2137 (Ie
612 2119 701 2144 more,
716 2108 792 2148 etc.]
818 2109 896 2139 Haec

234 2166 332 2196 usque
349 2156 388 2186 ad
404 2167 469 2186 ver.
486 2157 538 2186 23.
553 2162 678 2197 sumpta
694 2167 731 2187 ex
748 2157 894 2193 Homero,

234 2204 274 2235 11.
290 2208 328 2235 B.
343 2206 406 2235 229
422 2216 492 2245 sqq.
506 2205 560 2236 ubi
578 2206 616 2235 ab
631 2205 743 2246 Ulysse
760 2205 896 2236 facunda

237 2264 308 2283 cum
325 2253 525 2295 simplicitate
542 2260 715 2284 narrantur.
761 2254 895 2296 Compa-

237 2302 355 2333 ratione
371 2303 514 2333 instituta
529 2302 665 2344 superior
680 2304 835 2333 Homerus
850 2315 895 2334 re-

236 2351 353 2392 peritur
368 2351 501 2382 Ovidio:
530 2363 664 2393 namque
687 2353 716 2382 1⁰
737 2362 831 2382 scena
855 2352 897 2382 ibi

237 2400 362 2431 suavius
374 2400 540 2441 descripta.
564 2401 601 2430 In
618 2400 720 2431 medio
732 2401 898 2432 umbrifera

237 2449 395 2489 platanus,
411 2449 493 2479 unde
510 2449 640 2490 limpida
662 2460 745 2490 aqua
759 2450 898 2491 proflui13

239 2498 295 2527 sub
317 2498 446 2538 platano
465 2504 510 2528 est
529 2509 590 2533 ara,
608 2509 700 2538 quam
724 2498 828 2530 Graeci
851 2509 899 2530 sa-

241 2546 300 2575 cris
317 2546 427 2576 intenti
449 2546 671 2576 circumstant:
698 2548 731 2576 20
747 2552 901 2578 ostentum

239 2593 342 2633 ipsum
362 2602 391 2625 et
411 2595 449 2624 ad
473 2601 628 2636 stuporem
645 2594 848 2636 injiciendum
871 2602 902 2626 et

242 2641 281 2670 ad
311 2643 606 2674 commiserationem
640 2643 814 2674 faciendam
845 2655 897 2685 ap-

239 2689 303 2719 lius
320 2697 486 2721 narratum.
533 2693 605 2721 Erat
627 2692 778 2722 horribilis
794 2692 898 2727 (iram,

957 1330 995 1360 ab
1022 1329 1088 1370 ipso
1108 1330 1188 1360 Jove
1212 1328 1291 1369 signi
1319 1328 1387 1358 loco
1417 1327 1539 1363 missus,
1563 1328 1616 1369 qui

957 1378 1120 1419 prosiliens
1132 1378 1170 1407 ab
1183 1388 1236 1407 ara
1248 1376 1287 1407 ad
1302 1378 1441 1407 arborem
1455 1376 1617 1407 tendebat.

958 1427 1098 1458 Passeris
1113 1427 1201 1468 pulli,
1219 1426 1324 1464 νὴπια
1339 1425 1448 1461 τέκνα,
1464 1427 1521 1456 sub
1537 1425 1617 1456 foliis

959 1476 1113 1506 latebant.
1152 1475 1219 1505 Hos
1234 1475 1328 1504 draco
1344 1474 1509 1504 stridentes
1525 1475 1616 1505 mise-

959 1524 1097 1556 rabiliter
1118 1524 1298 1559 devorabat,
1315 1534 1410 1564 quum
1432 1529 1530 1553 mater
1551 1523 1618 1564 qui-

959 1574 1055 1604 ritans
1071 1572 1319 1608 circumvolaret,
1331 1572 1430 1602 donec
1446 1571 1545 1613 ipsam
1562 1572 1618 1602 im-

957 1622 1080 1664 plicans
1095 1622 1145 1652 ala
1160 1621 1366 1662 prelienderet
1382 1621 1490 1651 draco.
1514 1621 1617 1651 Etiam

959 1671 1113 1706 Stasinus‚
1140 1676 1232 1712 poeta
1258 1670 1415 1710 antiquus,
1439 1668 1470 1699 in
1498 1669 1621 1711 Cypriis

959 1719 1150 1750 carminibus
1166 1719 1232 1749 haec
1249 1723 1446 1748 tractaverat.
1485 1718 1621 1754 Patrius,

960 1767 1096 1809 gentilis,
1113 1774 1147 1798 ut
1166 1767 1344 1807 πατρώϊος.
1391 1766 1524 1796 Lenzius
1547 1777 1622 1797 con-

957 1816 1062 1858 jungit
1075 1818 1174 1856 patrio
1189 1815 1270 1846 Jovi.
1313 1815 1412 1844 Immo
1427 1817 1520 1854 patrii
1536 1817 1622 1846 moris

963 1876 1051 1896 sacra
1062 1865 1189 1907 passim,
1200 1870 1234 1894 ut
1246 1864 1287 1894 vi.
1301 1865 1373 1894 648.
1399 1864 1622 1900 Incandescem,

962 1913 1055 1944 valde
1084 1913 1285 1948 incalescere,
1309 1913 1505 1948 inflammari,
1530 1919 1565 1943 ut
1590 1913 1623 1943 ii.

963 1963 1035 1993 729.
1053 1968 1085 1993 et
1100 1964 1316 1997 recundescwe,
1334 1961 1354 1992 i.
1370 1962 1446 1992 435.
1494 1962 1621 1992 Platani

962 2010 1046 2041 illius
1069 2017 1187 2053 partem
1212 2010 1376 2041 Pausaniae
1404 2010 1507 2041 adhuc
1531 2017 1622 2042 aetate

962 2060 994 2090 in
1018 2061 1133 2101 templo
1158 2059 1375 2095 ostendebant,
1391 2065 1422 2089 et
1440 2059 1533 2100 juxta
1556 2060 1623 2091 fon-

964 2113 1040 2139 tem.
1088 2108 1170 2140 Vide
1187 2109 1292 2140 Boeot.
1307 2119 1379 2150 pag.
1395 2109 1470 2138 478.

1011 2158 1059 2187 16.
1086 2158 1207 2187 Circum
1235 2168 1289 2187 sua
1318 2159 1427 2187 (lamna
1453 2156 1625 2198 eleganter,

963 2205 1079 2236 circum
1101 2206 1202 2247 pullos
1221 2216 1302 2241 suos,
1319 2205 1432 2247 quibus
1450 2216 1521 2236 cum
1537 2216 1623 2237 max-

963 2254 1024 2285 ime
1057 2255 1255 2296 privabatur:
1295 2256 1437 2284 damnum
1468 2254 1625 2285 interdum

964 2314 1012 2333 res
1029 2304 1152 2338 amissa,
1165 2309 1216 2334 aut
1228 2314 1296 2344 quae
1310 2303 1481 2341 amittitur;
1498 2303 1539 2333 xi.
1551 2305 1625 2335 381.

965 2354 1084 2388 damna,
1096 2363 1210 2393 pecora
1221 2353 1387 2383 trucidata.
1413 2352 1535 2383 Laudat
1545 2352 1624 2383 Bur-

966 2411 1098 2431 mannus
1129 2401 1265 2437 Phaedri‚
1295 2401 1317 2432 i.
1345 2403 1399 2432 28.
1431 2401 1483 2431 ubi
1515 2402 1625 2442 vulpes

967 2450 1080 2491 aquilae
1110 2450 1247 2481 dolorem
1279 2451 1388 2481 miscet
1417 2452 1529 2480 darana
1556 2462 1626 2481 san-

968 2501 1081 2538 guinis,
1111 2498 1166 2528 sed
1196 2499 1238 2529 ibi
1267 2501 1408 2529 damnum
1435 2504 1482 2529 est
1503 2499 1626 2540 jactura

968 2546 1045 2587 ipsa.
1076 2547 1210 2577 Rei-andi
1226 2554 1257 2577 et
1271 2549 1356 2577 condi
1372 2548 1448 2583 alvo,
1465 2554 1625 2589 tamquam

967 2595 1120 2635 sepulcro,
1137 2596 1282 2626 dicuntur
1300 2596 1437 2627 devorati
1453 2596 1514 2627 cibi
1530 2609 1538 2635 ;
1562 2597 1625 2627 xiv.

970 2643 1052 2681 1763
1091 2655 1142 2674 xv.
1172 2646 1231 2674 88:
1282 2651 1309 2674 et
1335 2646 1421 2675 ali-us
1445 2656 1516 2676 cum
1543 2647 1625 2675 husto

967 2699 1162 2734 comparatur
1178 2693 1218 2722 vi.
1235 2694 1307 2723 665.
