1779 3130
222 189 307 230 270

611 185 659 225 Ρ.
697 185 910 226 OVIDII
948 185 1223 226 NASONIS

224 302 287 348 Et
315 301 404 346 Dis
430 307 666 362 acceptus
691 300 969 362 penetravit
994 300 1043 345 in
1068 299 1252 347 aethera
1279 301 1447 357 nidor;

225 378 378 423 Sacra
401 376 562 423 tulere
584 392 740 432 suam,
768 392 882 439 pars
909 384 986 423 est
1011 377 1128 424 data
1151 384 1332 424 caetera
1356 379 1557 425 mensis.

220 453 530 499 Discubuere
555 453 673 499 toris
700 469 947 516 proceres,
977 460 1027 500 et
1050 469 1260 516 corpora
1284 461 1416 501 tosta

1510 458 1600 502 155

220 530 382 576 Carne
407 530 616 592 replent,
644 529 860 592 vinoque
885 529 1051 577 levant
1076 545 1322 592 curasque
1349 531 1600 593 sitimque.

218 606 332 653 Non
358 606 467 652 illos
494 607 712 660 citharae,
741 622 838 652 non
863 606 971 653 illos
998 606 1218 652 carmina
1240 622 1436 661 vocum,

218 683 446 745 Longave
472 682 704 730 multifori
729 682 947 729 delectat
971 682 1092 728 tibia
1116 682 1266 729 buxi:

218 759 319 806 Sed
345 767 540 806 noctem
568 775 793 806 sermone
819 760 1048 816 trahunt;
1084 760 1340 822 virtusque
1367 761 1603 823 loquendi

215 835 428 883 Materia
443 844 519 883 est
537 854 545 883 :
571 853 789 899 pugnam
805 837 1021 885 referunt
1035 836 1313 898 hostisque,
1331 853 1596 900 suamque3

215 913 375 975 Inque
400 914 533 959 vices
560 913 709 969 adita,
739 921 888 976 atque
914 913 1159 960 exhausta
1183 913 1405 976 pericula
1429 930 1562 977 saepe

215 989 616 1036 Commemorare
630 991 798 1051 juvat:
828 990 950 1052 quid
972 989 1103 1036 enim
1127 989 1410 1052 loqueretur
1431 989 1598 1036 Achil-

411 1066 517 1112 les?

212 1144 314 1190 Aut
339 1143 459 1205 quid
485 1143 616 1206 apud
641 1159 876 1205 magnum
903 1142 1067 1205 potius
1090 1143 1408 1205 loquerentur
1429 1143 1598 1189 Achil-

213 1220 448 1266 Proxima
475 1220 726 1283 praecipue
751 1219 938 1266 domito
963 1219 1167 1266 victoria
1194 1219 1370 1282 Cycno

213 1297 270 1343 In
296 1284 521 1343 sermone
545 1295 666 1343 fuit:
706 1295 865 1342 visum
892 1295 1116 1342 mirabile
1143 1296 1354 1352 cunctis,

1447 1220 1597 1281 [lem?

1508 1299 1597 1343 165

213 1373 359 1427 Quod
379 1372 550 1435 juveni
575 1388 755 1434 corpus
781 1372 916 1418 nullo
943 1372 1249 1434 penetrabile
1274 1373 1390 1427 telo,

211 1449 561 1511 Invictumque
588 1449 650 1495 ad
675 1449 878 1495 vulnera
903 1455 1022 1501 erat,
1050 1447 1336 1510 ferrumque
1361 1449 1569 1495 terebat.

211 1603 247 1633 Il.
265 1607 303 1634 A.
318 1603 380 1633 459
396 1613 464 1644 sqq.
511 1604 554 1633 [ft
578 1603 635 1632 hoc
658 1603 725 1633 loco
747 1613 866 1637 carnes,

207 1653 250 1682 ita
266 1650 351 1685 alibi,
368 1663 398 1680 v.
416 1662 442 1681 c.
460 1651 510 1681 vii.
527 1652 599 1681 662.
615 1657 738 1692 tempus
753 1651 867 1682 dicitur

205 1703 273 1731 ‹lm-i
291 1702 403 1731 mensis.

254 1751 322 1781 156.
350 1750 449 1779 Carne
474 1750 599 1788 replent,
625 1749 703 1789 etc.]
731 1751 862 1783 Ornate,

206 1799 344 1829 hilariter
361 1798 528 1828 admodum
550 1808 673 1828 coenam
689 1797 777 1828 illam
797 1809 865 1839 pro-

205 1849 373 1878 duxerunt.
400 1847 601 1884 Discubuere3
618 1846 699 1876 conf.
710 1846 774 1876 viii.
789 1848 863 1877 565.

209 1898 339 1931 Torret-i,
368 1895 489 1926 scilicet
524 1895 618 1925 assari
654 1906 770 1931 carneS,
804 1906 865 1925 non

204 1946 311 1978 elixari
321 1945 462 1976 solebant
474 1944 596 1974 heroica
609 1950 711 1974 aetate.
736 1945 814 1974 Lern
821 1952 863 1979 nl,

203 1996 336 2037 pellunt.
382 1993 534 2034 Virgilius
554 1994 809 2034 esimerefizmem,
826 1996 864 2023 si-

204 2047 278 2081 tim;
314 2044 467 2073 Homerus
497 2041 605 2076 ἐὲέιιτο
636 2042 750 2079 πόσιος
778 2043 863 2083 ἔρον.

204 2092 298 2134 Apud
316 2093 483 2122 Homerum
499 2101 558 2121 non
571 2093 793 2127 discumbentes,
809 2092 862 2122 sed

202 2141 346 2172 sedentes
361 2141 539 2181 epulantur.

248 2191 317 2221 157.
337 2190 404 2219 Non
418 2190 484 2218 illus
497 2190 631 2223 citharis,
647 2190 724 2229 ete]
752 2190 860 2221 Citha-

203 2252 242 2270 [ιε
273 2238 418 2279 vocisque
448 2245 558 2268 cantus
588 2239 665 2268 alias
694 2247 860 2280 perpetuus

201 2288 410 2318 conviviorum
428 2298 551 2325 comes:
577 2288 741 2322 Homerus,
761 2289 798 2318 Il.
818 2294 858 2319 A.

200 2339 273 2367 603.
289 2342 320 2366 et
344 2336 406 2366 Od.
425 2340 464 2366 A.
484 2337 553 2367 152.
569 2336 621 2366 ubi
648 2336 752 2367 Clark.
768 2337 857 2378 plura

198 2386 337 2426 collegit.
383 2385 441 2415 Sed
468 2396 550 2415 nunc
573 2386 734 2415 consilium
754 2394 855 2427 poet-ee

200 2437 286 2466 illum
309 2445 367 2464 nou
385 2434 579 2463 admittebat.
629 2435 674 2464 De
691 2436 761 2463 libia
780 2437 855 2464 mul-

200 2486 283 2525 tzjiuri
307 2485 375 2512 Inui
399 2482 468 2512 vide
493 2482 533 2512 ad
556 2482 598 2512 iv.
617 2484 676 2513 30:
709 2484 856 2514 Heinsius

199 2538 299 2575 putat,
317 2542 385 2562 eain
405 2532 521 2572 longam
543 2531 614 2564 diei,
631 2532 706 2572 quia
729 2534 855 2562 Graeca-

199 2582 269 2612 nica
296 2581 397 2614 fuerit,
425 2591 521 2621 quum
548 2581 684 2622 Phrygia
708 2587 788 2611 esset
810 2582 855 2611 in-

198 2640 312 2666 curva3
340 2629 385 2659 iii.
407 2631 481 2659 533.
526 2630 587 2659 Sed
617 2640 699 2660 nunc
728 2630 855 2661 dixisset

198 2678 280 2710 haud
300 2678 393 2708 dubie
414 2685 503 2708 recta.
551 2678 648 2718 Igitur
667 2680 766 2718 longa,
782 2680 855 2719 quia

198 2729 292 2759 habet
317 2725 414 2757 multa
441 2726 600 2762 foramina,
629 2738 723 2767 quum
755 2727 852 2768 prisca

936 1602 1145 1632 Romanorum
1172 1602 1247 1632 tibia
1268 1603 1375 1643 paucis
1396 1602 1598 1633 foraminibus

935 1658 1015 1682 esset
1038 1651 1149 1682 brevis.
1197 1652 1264 1681 Hoc
1294 1652 1360 1681 loco
1385 1652 1438 1682 alii
1463 1654 1512 1691 (at
1535 1663 1595 1683 non

934 1701 1028 1731 nostri
1046 1700 1173 1741 Regii,)
1194 1702 1356 1731 multisoni.

980 1751 1049 1780 159.
1077 1750 1198 1779 Noctem
1220 1761 1350 1779 sermone
1372 1751 1497 1779 trahunt
1516 1750 1596 1780 dixit

933 1808 1004 1828 cum
1021 1798 1166 1839 Virgilio,
1184 1800 1258 1829 ΑἘιι.
1275 1799 1295 1829 i.
1314 1799 1386 1829 748.
1402 1799 1523 1840 poetice
1541 1810 1595 1841 pro

934 1847 1067 1887 vulgari,
1083 1858 1256 1877 sermonem
1271 1848 1397 1878 trahunt
1412 1847 1443 1878 in
1460 1854 1594 1879 noctem.

933 1896 1104 1936 Sequentia
1130 1908 1166 1926 ex
1193 1896 1330 1926 moribus
1350 1896 1476 1927 heroum
1499 1902 1594 1938 atque

932 1944 962 1974 in
979 1944 1103 1974 laudem
1121 1944 1254 1975 Achillis
1270 1945 1366 1975 dicta.
1398 1945 1510 1980 Virtus,
1531 1946 1592 1975 for-

932 1993 1031 2023 titudo
1049 1993 1173 2023 bellica.
1199 1994 1353 2023 Eamus-tu
1369 1996 1515 2032 pericula,
1533 1994 1592 2024 for-

931 2041 1001 2072 titer
1038 2048 1195 2083 superata,
1234 2042 1273 2072 ad
1314 2042 1407 2072 finem
1451 2043 1592 2073 tolerata.

932 2091 1066 2121 Gronov.
1089 2097 1119 2120 et
1145 2091 1207 2120 duo
1234 2091 1286 2121 alii
1313 2098 1414 2121 cincla
1442 2094 1590 2130 pericula,

931 2139 1022 2179 Regii
1039 2139 1131 2169 nostri
1149 2140 1303 2169 eihansta.
1345 2140 1478 2181 Magnus
1493 2146 1524 2170 et
1539 2151 1591 2170 su-

929 2199 983 2229 pra
1007 2188 1047 2218 xi.
1072 2190 1147 2218 265.
1173 2192 1276 2229 ingens
1300 2189 1451 2219 Achilles.
1496 2190 1532 2220 Ei
1557 2200 1590 2220 se

929 2238 1166 2267 acconnnodnnt
1189 2238 1306 2272 caeteii,
1326 2245 1356 2268 et
1379 2238 1502 2279 placere
1525 2245 1590 2268 stu-

927 2286 1012 2319 dent.
1028 2287 1196 2327 praesertin]
1219 2298 1313 2328 quun]
1333 2288 1399 2328 ejus
1414 2289 1589 2329 sumptibus

926 2335 982 2364 hoc
999 2335 1174 2365 convivium
1192 2335 1365 2366 institutum
1383 2344 1475 2366 esset.
1522 2337 1586 2367 Ita-

925 2395 984 2424 que
997 2384 1091 2414 etiam
1103 2385 1134 2414 in
1147 2395 1233 2425 seqq.
1247 2385 1381 2415 Achillis
1393 2386 1584 2426 potissimum

924 2433 1056 2463 subinde
1074 2433 1105 2463 fit
1123 2434 1247 2469 mentio,
1266 2441 1297 2464 ut
1315 2446 1391 2464 vers.
1412 2436 1480 2464 168.
1502 2436 1572 2465 176.

970 2484 1038 2512 16Ῐ.
1066 2483 1213 2512 Ιηι’ἱι’Ῐι.ἰη
1231 2486 1269 2512 acl
1288 2485 1422 2519 vulnera,
1439 2484 1583 2514 invulne-

925 2531 1031 2560 rabile.
1078 2531 1209 2560 Perinde
1228 2536 1286 2566 est,
1306 2537 1406 2561 utrum
1430 2542 1500 2562 cum
1518 2533 1583 2562 vul-

923 2586 996 2619 gata
1023 2592 1038 2608 a
1067 2581 1189 2608 vnlnere
1214 2580 1308 2620 legas,
1331 2590 1369 2609 an
1393 2590 1464 2610 cnm
1488 2582 1581 2611 MSS.

922 2628 1121 2668 quibusdam,
1138 2639 1215 2668 quos
1239 2628 1386 2659 Heinsius
1407 2629 1494 2670 sequi
1514 2640 1579 2659 rna-

922 2678 989 2713 luit,
1004 2680 1043 2707 ‹nl
1060 2679 1207 2713 vulnera,-
1225 2688 1296 2707 num
1312 2683 1442 2718 utraque
1457 2689 1579 2719 praepo-

920 2727 988 2757 sitio
1020 2726 1179 2766 eleganter
1207 2738 1261 2767 pro
1288 2729 1382 2765 quoad
1417 2727 1579 2767 adjectivis
