1779 3130
263 186 347 227 424

653 183 702 222 P.
738 182 949 222 OVIDII
986 182 1263 223 NASONIS

262 299 444 345 Gentis
470 297 622 344 habet
647 297 796 351 ritus3
838 296 1002 343 animo
1028 297 1215 358 majora
1239 294 1412 358 capaci
1620 296 1648 340 5

259 374 508 437 Concipit,
535 381 586 421 et
610 390 722 436 quae
748 373 812 419 sit
836 388 998 419 rerum
1025 380 1199 419 natura
1223 371 1445 434 requirit.

258 450 422 512 Hujus
449 465 583 496 amor
609 465 756 503 curae,
784 449 957 511 patria,
988 449 1308 510 Curibusque
1333 446 1533 501 relictis,

258 526 413 581 Fecit,
441 533 496 572 ut
522 525 756 572 Herculei
783 532 1067 587 penetraret
1093 526 1153 572 ad
1180 524 1389 588 hospitis
1416 524 1606 570 urbem.

259 601 411 648 Graia
436 602 547 663 quis
576 601 762 647 Italicis
789 607 960 647 auctor
986 601 1237 663 posuisset
1262 601 1310 646 in
1336 599 1432 646 oris

258 678 446 724 Moenia
472 678 729 740 quaerenti,
759 677 829 724 sic
855 694 881 724 e
909 677 1182 724 senioribus
1210 693 1334 723 unus
1594 678 1651 721 lo

259 754 473 801 Rettulit
498 753 760 813 indigenis,
788 752 967 800 veteris
993 769 1090 799 non
1120 752 1304 800 inscius
1331 753 1447 798 aevi:

256 830 408 877 Dives
435 831 496 877 ab
526 829 729 876 Oceano
755 830 919 875 bubus
944 828 1067 876 Jove
1093 835 1237 876 natus
1266 828 1422 875 Iberis

259 906 425 953 Litora
448 906 580 953 felici
605 905 825 952 tenuisse
854 904 1055 951 Lacinia
1079 921 1225 951 cursu

260 982 452 1036 Fertur,
480 989 545 1037 et,
573 988 795 1029 armento
821 988 1017 1027 teneras
1043 987 1236 1027 errante
1262 995 1349 1042 per
1374 979 1568 1033 herbaS,

261 1058 380 1121 Ipse
404 1058 607 1105 domum
633 1058 817 1119 magni,
846 1073 937 1103 nec
963 1057 1211 1120 inhospita
1235 1063 1367 1103 tecta
1393 1055 1623 1102 Crotonis

260 1134 501 1190 Intrasse,
530 1140 579 1181 et
604 1133 774 1196 requie
801 1133 1002 1195 longum
1028 1133 1272 1179 relevasse
1299 1133 1545 1189 laborein3
1591 1134 1647 1177 16

302 1300 331 1328 7.
348 1298 451 1338 Hujus
466 1308 555 1332 curte,
572 1297 664 1338 hujus
680 1296 784 1333 studii,
803 1302 836 1327 ut
853 1307 919 1327 ver.

259 1347 312 1377 65.
361 1347 483 1381 Patria,
508 1347 704 1385 Curibusque,
728 1344 839 1386 patria,
861 1345 919 1375 hoe

258 1401 304 1425 est
319 1395 464 1426 Curibus.
502 1394 541 1424 In
557 1405 635 1424 cztrae
650 1399 682 1424 et
699 1394 830 1424 Curibus
845 1404 919 1434 cap-

257 1450 357 1474 tatum
370 1454 436 1474 esse
451 1444 489 1473 ab
504 1443 618 1473 ovidio
631 1443 733 1473 lusum
746 1443 919 1479 verborum,

258 1497 349 1533 putat
364 1492 505 1522 Lenzius.
544 1491 690 1522 Herculei
707 1492 824 1530 hospitis
840 1492 919 1527 urbs,

259 1541 385 1576 Croton,
397 1551 414 1570 a
428 1540 572 1576 Crotone,
582 1539 635 1581 qui
648 1540 810 1570 Herculem
822 1550 920 1580 quou-

259 1589 332 1619 dam
355 1590 539 1628 hospitaliter
560 1594 734 1629 exceperat,
751 1587 795 1618 sic
820 1587 917 1623 dicta,

259 1644 294 1668 ut
310 1637 421 1668 docent
437 1637 614 1678 sequentia.
644 1637 833 1672 Peneo-ciret,
850 1647 920 1678 per-

259 1685 388 1716 veniret.
433 1686 508 1716 Erat
531 1696 603 1716 sane
631 1686 760 1726 antiqua
785 1685 920 1720 traditio,

258 1735 397 1765 Numam
417 1735 553 1765 Crotona
576 1745 642 1765 esse
663 1735 847 1775 profectum,
862 1734 920 1764 ibi-

260 1793 320 1824 que
343 1793 360 1813 a
380 1782 561 1823 Pythagora
581 1789 737 1824 praecepta
759 1782 920 1823 sapientiae

259 1831 450 1872 cognovisse.
497 1831 557 1862 Sed
576 1842 644 1862 eam
664 1831 854 1872 gravissimis
873 1841 920 1861 ar-

259 1880 416 1920 gumentis
444 1880 559 1910 refellit
587 1879 693 1910 Livius
720 1880 752 1910 d.
779 1880 860 1915 loco,
890 1885 921 1911 et

259 1933 280 1946 “
295 1935 402 1971 suopte
428 1928 552 1969 ingenio
576 1935 780 1970 temperatum
806 1929 920 1960 Numae

261 1978 398 2008 animum
409 1978 573 2008 virtutibus
589 1978 682 2008 fuisse
698 1980 840 2017 opinatur
851 1989 918 2009 ma-

259 2025 323 2066 gis3
339 2025 586 2066 instructumque
600 2036 660 2055 non
673 2031 737 2056 tam
752 2026 920 2067 peregrinis

261 2073 390 2109 artibus,
407 2083 501 2113 quam
522 2073 688 2115 disciplina
702 2074 919 2105 Sabinorum.'’

261 2122 327 2153 Cic.
350 2122 444 2152 Tusc.
470 2122 511 2153 iv.
535 2122 564 2152 I.
590 2123 766 2158 arbitratur,
795 2129 919 2164 propter

260 2170 526 2211 Pythagoreorum
536 2170 771 2201 admirationem
782 2172 920 2201 Numam

261 2229 384 2260 quoque
400 2229 514 2260 regem,
534 2219 765 2260 Pythagoreum
785 2230 802 2249 a
818 2226 919 2260 poste-

260 2266 391 2297 rioribus
415 2267 634 2297 existimatum.
681 2267 850 2298 Commode
875 2275 920 2299 ta-

262 2326 332 2346 men
348 2314 379 2345 in
398 2326 461 2345 rem
482 2326 568 2346 suam
591 2316 754 2347 traditione
773 2316 828 2346 illa
848 2327 920 2347 usus

261 2370 307 2394 est
323 2370 424 2405 poeta.

302 2414 334 2443 9.
362 2412 459 2442 Graia
482 2414 598 2448 narnia,
615 2413 688 2454 quia
712 2413 827 2443 Croton
849 2423 920 2454 pars

261 2461 391 2492 Graeciae
408 2461 533 2501 Magnae
551 2461 580 2491 in
602 2472 640 2491 ea
654 2461 753 2492 Italiae
770 2472 832 2497 ora,
849 2472 919 2502 quae

262 2510 353 2540 hodie
373 2510 513 2539 Calabria
531 2509 653 2540 dicitur.
678 2512 793 2540 Auctor
805 2513 918 2549 posuis-

260 2566 312 2594 set,
341 2558 547 2589 condidisset:
584 2566 688 2589 auctm-
716 2558 919 2600 plenitudinis

260 2617 355 2637 causa
378 2606 523 2644 additur;
547 2606 709 2647 Virgilius,
735 2606 863 2637 AEneid.
888 2618 915 2637 v.

265 2655 314 2685 17.
332 2656 362 2683 Si
382 2656 451 2684 mihi
473 2655 595 2694 Jupiter
619 2662 722 2685 utic-toi·
747 2655 916 2693 ›S'pondeat3

262 2703 420 2739 Phaedrus,
436 2703 514 2743 prol.
532 2705 558 2733 l.
577 2705 697 2742 AEsoyms
713 2710 818 2734 (ructor
832 2715 917 2743 qnam

988 1299 1144 1327 materiam
1176 1298 1295 1334 reperit.
1346 1295 1456 1325 Veteris
1482 1296 1546 1331 (ευτ’,
1571 1294 1650 1324 anti·

988 1345 1126 1386 quitatis,
1143 1344 1278 1375 historiae
1294 1343 1442 1385 antiquae.

1034 1395 1082 1424 12.
1116 1394 1188 1424 Jove
1226 1400 1326 1428 natus,
1357 1393 1520 1428 Hercules,
1553 1394 1647 1423 bubus

989 1443 1096 1479 Iberis,
1113 1442 1267 1484 Geryonis
1287 1441 1445 1483 Hispaniae
1462 1441 1554 1483 regis,
1570 1444 1650 1472 dires

988 1492 1080 1533 (quia
1103 1491 1219 1522 divitiae
1245 1491 1307 1521 illis
1331 1490 1520 1532 temporibus
1543 1501 1649 1520 cense-

986 1540 1099 1570 bantur
1109 1538 1280 1570 numerosis
1289 1538 1464 1580 gregi'nus,)
1475 1540 1510 1568 ab
1524 1538 1650 1574 Oceano,

987 1588 1040 1618 ubi
1054 1588 1202 1630 Erythea,
1218 1587 1370 1629 Geryonis
1386 1587 1498 1623 insula,
1510 1587 1649 1623 veniens,

989 1636 1119 1666 feliciter
1131 1637 1162 1666 in
1178 1635 1239 1666 illis
1254 1635 1330 1666 locis
1347 1635 1478 1676 appulit.
1522 1636 1651 1665 Lacinia

989 1686 1091 1716 litora.
1108 1685 1174 1716 Liv.
1191 1685 1275 1715 xxiv.
1290 1686 1326 1714 3:
1353 1689 1373 1700 “
1387 1685 1447 1714 Sex
1461 1684 1561 1714 millia
1576 1684 1648 1715 abe-

988 1740 1035 1764 rat
1045 1735 1084 1764 ab
1094 1735 1170 1764 urbe
1183 1733 1354 1774 (Crotone)
1369 1733 1471 1763 nobile
1485 1733 1649 1774 templum,

987 1782 1056 1823 ipsa
1080 1783 1155 1812 urbe
1179 1781 1322 1816 nobilius,
1343 1782 1480 1812 Laciniae
1504 1783 1650 1819 Junonis,

987 1838 1128 1862 sanctum
1144 1831 1287 1862 omnibus
1302 1831 1386 1861 circa
1402 1831 1562 1872 populis.⁷'
1597 1833 1649 1863 De

988 1880 1194 1921 promontorio
1220 1880 1345 1910 Lacinio
1369 1879 1433 1910 vid.
1457 1880 1590 1917 Plinius,
1608 1880 1651 1912 iii.

992 1930 1038 1959 10.
1063 1930 1222 1959 Caeterum
1236 1939 1358 1959 summa
1373 1928 1521 1969 religione
1537 1928 1568 1960 in
1584 1929 1650 1960 istis

987 1976 1047 2007 oris
1063 1977 1215 2007 Hercules
1231 1977 1402 2012 colebatur,
1421 1983 1452 2007 et
1467 1977 1567 2007 multa
1582 1978 1649 2019 ejus

988 2031 1188 2055 monumenta
1201 2025 1443 2055 ostendebantur
1456 2037 1464 2063 3
1479 2025 1541 2055 vid.
1552 2026 1650 2057 Diod.

987 2073 1048 2104 Sic.
1064 2073 1107 2104 iv.
1123 2075 1188 2112 20;
1212 2074 1335 2109 Strabo,
1361 2073 1400 2103 vi.
1422 2085 1494 2115 pag.
1509 2076 1592 2112 2813
1618 2081 1649 2107 et

988 2121 1158 2163 Dionysius
1184 2122 1287 2153 Halic.
1312 2122 1333 2152 i.
1359 2123 1497 2153 39—44.
1522 2123 1575 2164 qui
1601 2134 1649 2154 res

988 2170 1026 2200 ab
1042 2181 1078 2200 eo
1092 2170 1123 2200 in
1138 2170 1233 2200 Italia
1248 2176 1352 2211 gestas
1371 2175 1402 2200 et
1418 2170 1558 2201 fabulose
1578 2182 1648 2202 nar-

987 2224 1044 2253 rat,
1059 2224 1088 2249 et
1105 2218 1145 2248 ad
1160 2218 1252 2248 fidem
1266 2218 1442 2249 historicam
1456 2218 1649 2260 interpretari

988 2273 1129 2297 conatur.
1175 2267 1329 2306 Inhospita
1346 2274 1433 2298 tecta.
1472 2268 1555 2298 Vide
1571 2268 1611 2298 ad
1628 2269 1651 2299 i.

987 2317 1061 2346 218.
1122 2316 1171 2346 De
1204 2317 1330 2346 Crotone
1365 2316 1470 2347 confer
1501 2327 1565 2347 ver.
1595 2320 1648 2349 55.

987 2364 1083 2406 Apud
1101 2365 1274 2396 Diodorum
1289 2365 1349 2395 Sic.
1366 2365 1408 2395 iv.
1426 2367 1478 2396 24.
1495 2366 1647 2397 Hercules

987 2412 1124 2449 Crotoni,
1139 2424 1231 2454 quem
1247 2414 1428 2455 imprudens
1440 2414 1646 2451 interfecerat,

986 2468 1221 2492 monumentum
1244 2462 1341 2503 ponit,
1359 2462 1465 2492 addito
1489 2462 1545 2493 hoc
1568 2464 1645 2504 ipso,

987 2509 1069 2549 quod
1088 2510 1151 2550 jam
1177 2511 1327 2551 sequitur,
1346 2510 1503 2546 vaticinio,
1521 2511 1594 2547 fore,
1613 2519 1647 2542 ut

985 2557 1027 2587 ibi
1045 2558 1214 2598 aliquando
1230 2559 1302 2589 urbs
1317 2558 1480 2594 condatur,
1493 2565 1524 2589 et
1540 2570 1558 2589 a
1570 2560 1646 2590 Cro-

987 2611 1057 2635 tone
1071 2616 1183 2637 nomen
1199 2607 1311 2637 trahat.
1349 2607 1409 2637 Sed
1426 2607 1591 2638 Heraclide
1605 2608 1644 2639 de

986 2654 1080 2684 Polit.
1097 2661 1234 2691 auctore,
1250 2656 1314 2697 ipse
1339 2655 1454 2686 Croton
1477 2656 1583 2687 urbem
1606 2656 1644 2686 il-

986 2701 1047 2732 lam
1065 2703 1176 2743 posuit.
