1779 3130
219 189 304 230 310
592 186 642 226 Ρ.
678 184 889 226 OVIDII
924 184 1202 226 NASONIS

221 303 297 350 En
323 308 437 364 eget
462 299 662 355 auxilio,
690 299 774 362 qui
800 315 899 346 non
924 300 1064 346 tulit:
1103 306 1257 361 utque
1283 298 1499 361 reliquit,

222 380 304 426 Sic
328 377 628 440 linquendus
654 383 784 433 erat3
825 377 987 438 legem
1013 376 1106 423 sibi
1132 376 1326 422 dixerat
1349 375 1473 438 ipse.

222 455 515 502 Conclamat
539 453 727 499 socios:
770 451 960 508 adsum,
988 452 1234 515 videoque
1259 458 1553 498 trementem

218 532 597 592 Pallentemque
623 536 775 584 metu,
794 545 850 575 ac
875 529 1206 592 trepidantem
1232 536 1388 575 morte
1412 527 1594 574 futura.

219 607 445 672 Opposui
471 607 652 654 molem
677 606 869 669 clypei3
909 606 1114 668 texique
1134 607 1415 668 jacentem;
1534 607 1596 650 75

219 685 520 747 Servavique
539 683 768 738 animam,
786 682 1042 729 minimum
1067 689 1142 729 est
1161 682 1254 728 hoc
1274 680 1449 737 laudis,
1472 681 1597 727 iner-

219 763 272 809 Si
293 768 485 824 perstas
505 767 710 815 certare,
729 759 890 805 locum
910 759 1169 805 redeamus
1190 758 1239 803 in
1260 757 1399 803 illum
1417 774 1426 804 :
1452 758 1592 818 [tem.

219 838 396 885 Redde
436 837 645 890 hostem,
683 836 963 898 vulnusque
1000 842 1157 889 tuum,
1196 833 1494 896 solitumque
1532 833 1592 880 ti-

416 928 630 969 morem;

215 990 341 1036 Post
374 990 708 1052 clypeumque
744 988 871 1034 late:
912 993 963 1033 et
994 1002 1188 1033 mecum
1219 986 1465 1034 contende
1499 987 1591 1033 sub

214 1067 282 1113 At
304 1072 570 1129 postquam
595 1063 767 1127 eripui,
795 1063 873 1110 cui
901 1063 1063 1109 standi
1087 1063 1289 1110 vulnera
1312 1063 1438 1110 vires
1469 1063 1591 1125 [illo.

216 1143 331 1190 Non
357 1142 611 1196 dederant,
638 1140 771 1186 nullo
797 1139 1021 1186 tardatus
1045 1139 1244 1186 vulnere
1269 1138 1410 1201 fugit.
1534 1143 1589 1186 81

214 1219 402 1266 Hector
427 1217 585 1273 adest,
615 1232 885 1278 secumque
913 1215 1048 1262 Deos
1074 1215 1123 1261 in
1147 1216 1314 1278 praelia
1339 1216 1502 1273 ducit3

215 1296 427 1357 Quaque
452 1293 564 1348 ruit,
591 1309 688 1339 non
712 1299 764 1338 tu
790 1298 986 1338 tantum
1012 1291 1225 1347 terreris,
1255 1291 1432 1349 Ulixe3

216 1372 317 1419 Sed
342 1371 493 1417 fortes
518 1369 696 1416 etiam:
735 1375 928 1414 tantuin
952 1368 1103 1414 trahit
1127 1368 1208 1414 ille
1234 1367 1450 1414 timoris!

213 1448 360 1495 Hunc
387 1463 478 1509 ego
503 1445 789 1506 sanguineae
815 1460 1049 1490 successu
1076 1444 1226 1490 caedis
1251 1452 1480 1492 ovantem
1530 1448 1591 1492 85

214 1523 452 1572 Cominus
478 1520 666 1584 ingenti
691 1520 977 1584 resupinum
1002 1520 1218 1583 pondere
1243 1520 1362 1568 fudi.

211 1653 453 1695 scripserat‚qua
462 1649 642 1682 tractandus
652 1655 742 1680 esset.
755 1650 868 1679 Adsum

212 1713 283 1733 cum
299 1701 458 1732 Menelao.
504 1699 614 1729 Molem
631 1700 748 1738 clypei,-
773 1698 867 1728 Hom.

210 1761 275 1781 ver.
292 1751 365 1780 485.
385 1748 488 1790 φέρων
507 1747 603 1784 σάκος
628 1746 702 1784 ἠΰτε
726 1746 868 1787 πύργον.

211 1799 301 1830 Idem
337 1797 522 1828 beneficium
552 1796 672 1837 ingrato
705 1796 868 1837 exprobrat

211 1847 294 1889 apud
318 1846 429 1884 Quint.
454 1845 526 1876 Cal.
550 1846 608 1875 201
636 1855 704 1885 sqq.
729 1843 781 1874 sed
806 1854 866 1874 non

210 1903 274 1927 tam
295 1895 442 1937 graphice
462 1900 493 1925 et
511 1893 744 1928 contumeliose,
762 1898 796 1923 ut
816 1892 866 1922 hic

200 1949 364 1986 jacentem.
393 1943 489 1985 Apud
503 1943 673 1973 Homerum
689 1942 781 1972 etiam
799 1942 865 1972 vul-

211 2001 336 2026 neratus
350 1993 466 2024 fortiter
480 1997 609 2033 pugnat,
627 1997 658 2020 et
673 1997 779 2031 postea
795 1991 865 2021 Me-

211 2044 320 2074 nelaus
336 2053 406 2072 eum
423 2051 516 2071 manu
531 2039 618 2070 ducit
633 2050 648 2069 e
665 2038 781 2079 praelio.

255 2094 306 2123 82.
330 2093 433 2122 Secum
460 2090 536 2119 Deos
562 2092 591 2118 in
620 2090 724 2127 prcrliu
750 2088 863 2128 dacin]

211 2142 324 2183 Apollo
338 2140 448 2170 missus
464 2149 481 2168 a
496 2140 574 2169 Jove
592 2137 732 2167 anteibat
748 2137 863 2166 Hecto-

209 2201 284 2226 rem,
303 2189 384 2219 nube
409 2193 510 2217 tectus
532 2186 694 2227 aegideque
717 2192 864 2221 armatus,

209 2239 405 2278 terrebatque
418 2236 557 2269 Graeeos,
568 2240 601 2264 ut
617 2234 777 2274 fugerent5
794 2233 863 2263 vide

210 2288 339 2318 Homer.
369 2285 408 2314 Il.
433 2287 471 2314 Ο.
500 2284 562 2312 220
590 2293 657 2323 sqq.
685 2282 757 2312 307.
787 2282 861 2311 326.

211 2338 328 2367 Yerum
345 2344 405 2364 non
420 2338 485 2362 tum
499 2333 636 2371 pondere,
653 2330 685 2360 id
702 2336 760 2365 est,
778 2340 862 2366 saxo,

210 2386 366 2421 illudebat,
385 2382 424 2413 ad
439 2388 549 2412 terram
564 2381 670 2416 dabat,
683 2380 860 2415 Hectorem,

199 2422 263 2466 ‚sed
280 2435 336 2464 hoc
348 2433 414 2474 jam
432 2437 525 2461 autea
535 2430 649 2460 sactum
666 2435 750 2467 erat;
767 2429 806 2458 11.
820 2430 861 2461 Ξ.

209 2484 270 2513 416
285 2493 354 2523 sqq.
402 2481 512 2520 Itaque
529 2479 660 2509 Ovidius
675 2485 728 2508 aut
743 2477 863 2508 diversa

210 2532 343 2567 miscuit,
355 2537 407 2560 aut
421 2529 498 2559 alios
514 2534 654 2558 auctores
669 2534 793 2557 secutus
805 2534 861 2562 est,

208 2588 239 2612 et
260 2579 385 2621 quidem
406 2577 540 2611 eosdem,
557 2586 633 2617 quos
653 2575 765 2616 Dictys
788 2575 863 2606 Cre-

209 2629 313 2663 tensis,
327 2627 379 2668 qui
394 2627 448 2656 lib.
461 2626 496 2655 ii.
508 2625 561 2656 ubi
577 2625 615 2655 de
630 2634 734 2666 pugna
750 2624 789 2654 ad
804 2634 861 2653 na-

209 2688 261 2707 ves
283 2677 461 2707 Graecorum
486 2672 634 2714 loquitur,
659 2677 680 2689 “
697 2672 776 2702 Tum
795 2673 861 2712 jain

207 2725 399 2760 cedentibus,
438 2725 545 2763 inquit,
583 2721 682 2752 aerior
718 2722 861 2752 insistens

934 1651 1023 1689 Ajax,
1048 1649 1226 1685 Hectorem,
1251 1650 1302 1691 qui
1328 1650 1490 1680 adversum
1521 1660 1592 1680 eum

933 1699 1104 1740 promptius
1113 1704 1250 1734 steterat,
1262 1699 1357 1729 ictum
1369 1698 1495 1728 immani
1506 1709 1593 1735 saxo,

934 1757 970 1776 ac
986 1757 1057 1776 mox
1073 1752 1304 1777 consternatum
1321 1746 1439 1788 ejicit.''
1488 1747 1593 1777 Trahit

933 1801 1078 1825 terrorem
1101 1794 1296 1835 exquisitius,
1312 1806 1417 1837 quam,
1434 1795 1509 1826 facit
1533 1802 1593 1826 ter-

933 1854 1043 1874 rorem.
1092 1844 1231 1874 Cominus
1255 1855 1291 1875 εκ
1316 1855 1377 1875 uno
1400 1845 1470 1876 MS.
1489 1846 1592 1876 Oxou.

933 1892 1050 1933 recepit
1065 1892 1212 1923 Heinsius
1228 1904 1281 1934 pro
1302 1896 1426 1928 eminus,
1442 1893 1525 1935 quod
1541 1904 1590 1924 re-

934 1941 1011 1982 liqui
1027 1947 1151 1971 tuentur
1171 1952 1287 1972 omnes,
1332 1942 1468 1972 Causam
1489 1942 1593 1973 reddit

933 1991 1013 2020 hanc
1031 2002 1036 2019 :
1057 1995 1075 2006 “
1090 1990 1160 2031 plus
1175 1990 1256 2020 enim
1272 1990 1374 2020 laudis
1391 1991 1589 2032 Ajaci,quod

933 2039 1073 2069 cominus
1089 2049 1160 2069 cum
1174 2040 1307 2069 Hectore
1319 2045 1385 2070 erat
1398 2050 1590 2079 congressus,

933 2098 1026 2129 quam
1051 2087 1075 2117 si
1099 2087 1218 2118 eminus
1241 2097 1423 2128 congressus
1446 2088 1590 2118 fuisset.”

933 2137 1049 2166 Verum
1067 2137 1125 2166 hoc
1142 2147 1201 2166 non
1217 2137 1340 2167 sufficit.
1370 2136 1501 2167 Lenzius
1516 2147 1589 2167 cou-

932 2193 975 2215 tra
1007 2192 1107 2227 putat,
1141 2187 1177 2216 τὸ
1208 2188 1320 2216 eminus
1355 2186 1455 2226 magis
1484 2186 1590 2216 testari

931 2235 1038 2276 Ajacis
1062 2236 1162 2265 robur.
1207 2235 1300 2276 Apud
1326 2236 1494 2265 Homerum
1519 2235 1588 2275 qui-

931 2284 1002 2313 dem
1032 2283 1135 2324 lapide
1164 2283 1266 2313 fundit
1297 2284 1476 2318 Hectorem,
1503 2288 1587 2324 post-

932 2344 1026 2374 quam
1055 2333 1080 2362 is
1110 2343 1141 2362 se
1162 2333 1227 2373 jam
1257 2338 1416 2373 receperat
1441 2332 1479 2362 ad
1506 2342 1588 2368 suos,

931 2382 1071 2422 adeoque
1101 2382 1240 2419 eminus,
1271 2381 1325 2412 sed
1356 2381 1439 2422 apud
1468 2381 1588 2421 Dietyn

929 2430 1078 2461 cominus.
1126 2430 1258 2460 Codices
1274 2430 1366 2469 Regii
1385 2430 1500 2460 habent
1516 2433 1586 2459 emi-

930 2492 994 2515 nus,
1008 2478 1089 2519 quod
1106 2479 1291 2519 praetulerim
1307 2486 1371 2509 tum
1384 2484 1507 2519 propter
1518 2479 1584 2508 Ho-

929 2528 1002 2558 meri
1027 2526 1247 2562 testimonium,
1265 2533 1330 2556 tum
1351 2533 1474 2567 propter
1495 2527 1586 2556 ratio—

928 2587 999 2606 nem
1023 2576 1167 2605 aLenzio
1190 2575 1327 2605 allatam.
1375 2575 1583 2613 Restzpi11um;

929 2625 1035 2655 ὕπτιοι
1058 2623 1139 2665 apud
1159 2624 1328 2655 Homerum
1345 2623 1516 2665 plerunque
1533 2633 1585 2653 ca-

928 2673 1006 2703 dunt
1024 2672 1184 2703 vulnerati.
