1779 3130
370 165 983 206 ME'rsmzlottPuosEoN
1023 166 1137 206 Llss.
1174 167 1315 207 ΧΙΙΙ.
1448 169 1533 209 315

147 279 249 324 Vix
277 295 335 326 ea
360 287 528 326 nostra
553 295 700 326 vocoz
740 279 828 325 sed
857 279 1004 334 enim,
1032 280 1150 342 quia
1181 281 1371 327 rettulit
1396 280 1527 344 Ajax

149 355 273 402 Esse
285 355 419 401 Jovis
437 370 699 417 pronepos,
718 356 871 402 nostri
885 371 1085 418 quoque
1098 357 1349 417 sanguinis
1361 364 1531 404 auctor

146 430 341 493 Jupiter
365 438 457 484 est,
484 431 793 491 totidemque
819 431 999 491 gradus
1026 431 1267 478 distamus
1293 433 1354 479 ab
1380 432 1479 479 illo.

150 506 279 552 Nam
305 506 423 551 inihi
449 505 646 552 Laertes
672 512 814 568 pater
839 513 931 561 est,
959 506 1193 553 Arcesius
1219 507 1305 563 illi,
1376 509 1528 568 [exul.

144 581 340 645 Jupiter
360 582 503 638 hui03
533 597 696 644 neque
722 582 770 627 in
796 582 872 627 his
893 583 1159 645 quisquam
1176 583 1458 639 damnatus,
1481 592 1531 630 et

147 657 238 704 Est
256 674 457 720 quoque
479 674 565 720 per
585 665 790 704 matrem
809 658 1067 720 Cyllenius
1087 658 1256 705 addita
1271 660 1413 706 nobis
1438 662 1528 706 146

144 733 315 780 Altera
341 734 598 781 nobilitas:
641 734 779 780 Deus
806 741 883 780 est
909 734 957 779 in
984 741 1194 796 utroque
1220 744 1441 798 parente.

147 811 247 857 Sed
273 826 436 872 neque
462 817 683 856 materno
710 810 843 871 quod
871 825 979 855 sum
1006 811 1288 871 generosior
1313 819 1437 867 ortU,

144 886 253 933 Nec
269 885 404 940 inihi,
426 886 558 947 quod
579 893 720 948 pater
740 892 817 932 est
837 885 1036 931 fraterni
1060 886 1315 947 sanguinis
1341 888 1525 944 insons,

144 962 407 1024 Proposita
418 969 700 1024 armapeto:
722 962 906 1008 meritis
919 963 1190 1025 expendite
1206 979 1425 1010 causam.
1438 967 1528 1010 150

146 1039 430 1085 Dummodo
459 1039 593 1101 quod
626 1038 799 1086 fratres
826 1038 1081 1095 Telamon,
1110 1039 1395 1101 Peleusque
1423 1039 1527 1086 fue-

145 1114 313 1177 Ajacis
335 1115 563 1161 meritum
585 1131 683 1160 non
700 1114 790 1171 sit3
831 1130 922 1160 nec
943 1115 1195 1176 sanguinis
1221 1115 1356 1170 ordo,
1375 1116 1525 1176 [runt,

145 1190 246 1237 Sed
272 1191 462 1236 virtutis
488 1191 642 1237 honos
669 1190 838 1253 spoliis
865 1198 1116 1252 quaeratur
1141 1191 1190 1236 in
1215 1191 1339 1237 istis.

142 1268 243 1314 Aut
269 1268 308 1313 si
335 1267 640 1329 proximitas,
669 1267 958 1330 primusque
984 1267 1247 1329 requiritur
1271 1267 1444 1322 haeres,

142 1343 232 1390 Est
257 1343 450 1404 genitor
477 1343 675 1397 Peleus,
704 1350 781 1389 est
807 1343 1030 1405 Pyrrhus
1055 1344 1183 1390 filius
1209 1343 1303 1400 illi;
1435 1347 1525 1390 155

139 1419 263 1473 Quis
288 1420 424 1465 locus
451 1419 630 1481 Ajaci?
669 1419 904 1466 Phthiam
933 1421 1186 1483 Scyronve
1208 1419 1453 1466 ferantur:

143 1496 250 1542 Nec
276 1496 438 1541 minus
464 1502 541 1542 est
565 1496 660 1541 isto
686 1495 879 1542 Teucer
904 1495 1140 1558 patruelis
1166 1495 1365 1542 Achilli.

140 1571 274 1617 Num
295 1572 419 1634 petit
435 1572 516 1617 ille
533 1578 715 1626 tamen,
738 1587 855 1616 num
873 1579 1057 1634 sperat,
1080 1578 1135 1616 ut
1150 1570 1339 1617 auferat
1354 1572 1520 1618 arma?

138 1647 269 1710 Ergo
294 1663 497 1710 operum
524 1647 758 1709 quoniam
784 1648 971 1694 nudum
997 1654 1248 1694 certamen
1273 1648 1497 1701 habetur,

136 1724 288 1770 Plura
312 1723 514 1786 quiden]
540 1722 650 1778 feci,
679 1739 830 1785 quam
857 1739 969 1786 quae
995 1723 1351 1786 comprendere
1372 1724 1519 1770 dictis

865 1915 925 1944 tur,
955 1911 1111 1950 sanguinis
1148 1911 1228 1944 ordo,
1257 1907 1519 1948 consanguinitas,

863 1958 917 1988 sed
934 1959 1055 1988 virtutis
1070 1958 1169 1993 honos,
1187 1957 1293 1993 virtus,
1305 1968 1374 1997 quae
1391 1957 1446 1987 hoc
1463 1957 1517 1986 ho-

136 1920 168 1941 se
198 1920 263 1940 esse
295 1915 506 1950 pronepotem.
570 1910 740 1939 Damnatus
768 1917 796 1940 et

134 1960 213 1995 exul,
238 1959 341 2000 qualis
366 1959 490 1994 Peleus,
523 1969 703 2000 quanquam
738 1970 795 1990 nec

134 2007 442 2048 Telamonsrutermr
454 2009 539 2037 mulis
556 2009 653 2037 insons
667 2018 704 2038 ex
720 2018 796 2038 non-

134 2056 285 2086 nullorum
305 2056 468 2097 opiui0ne3
495 2056 564 2086 vide
588 2056 630 2086 xi.
648 2057 710 2086 267
727 2068 795 2098 sqq.

133 2105 183 2135 Sic
209 2104 342 2134 vicissim
368 2105 496 2145 Ulysscs
518 2105 608 2146 Ajaei
634 2105 791 2145 quandam

133 2153 256 2194 generis
280 2153 435 2183 maculam
457 2153 584 2193 objicit3
609 2153 712 2183 confer
728 2165 791 2184 ver.

134 2203 186 2232 26.
226 2201 327 2230 Mutet·
342 2201 464 2241 Ulyssis
480 2201 537 2231 fuit
550 2201 710 2237 Anticlea,
726 2203 790 2232 Au-

134 2250 228 2291 tolyci
249 2250 324 2285 filia,
348 2251 495 2280 Mercurii
516 2250 617 2291 neptis
635 2262 642 2288 3
669 2251 732 2281 Od.
754 2254 792 2281 A.

135 2301 186 2330 84.
233 2299 271 2329 In
287 2305 410 2338 parente
431 2306 564 2338 utroque,
581 2299 612 2329 in
631 2304 792 2329 stemmate

134 2349 294 2389 utriusque
311 2348 456 2390 parentis.
493 2347 662 2378 Commode
682 2348 794 2389 repetit

135 2397 196 2427 duo
221 2397 286 2432 illa,
317 2397 430 2438 quibus
451 2407 508 2427 sua
530 2396 675 2427 nobilitas
696 2397 792 2438 major

136 2445 256 2487 Ajacis.

182 2496 251 2525 151.
278 2495 442 2524 Dummodo
454 2497 541 2534 quod,
554 2495 629 2534 etc.]
656 2495 726 2524 Non
739 2505 793 2535 po-

136 2547 195 2572 test
210 2542 291 2584 Ajax
309 2542 503 2573 haereditario
515 2543 584 2584 jure
601 2543 666 2573 niti.
691 2544 791 2582 Spolia

136 2590 216 2621 alias
236 2602 322 2622 arma
342 2591 420 2622 hosti
443 2592 593 2627 detracta,
612 2591 642 2622 h.
665 2591 686 2621 l.
707 2602 793 2622 arma

135 2640 265 2671 extincti
294 2640 413 2671 relicta.
471 2641 511 2670 111.
542 2643 604 2670 istis
633 2640 792 2670 tradendis

138 2698 215 2719 novo
234 2688 357 2719 domino
379 2699 439 2719 non
461 2696 626 2729 ιμιιενιιιιιν,
649 2689 792 2730 respicia-

864 2017 935 2037 nore
951 2013 982 2036 et
996 2006 1123 2048 praemio
1138 2007 1203 2036 sola
1218 2006 1314 2047 digna
1330 2011 1397 2044 est3
1419 2008 1518 2045 proii-

863 2057 950 2085 mitus
965 2055 1059 2086 etiam
1075 2066 1105 2084 x.
1122 2056 1195 2085 340.

897 2104 967 2134 156.
983 2104 1098 2133 ΡΙιίῘιὶαἼ
1109 2102 1270 2133 habitabat
1282 2103 1406 2133 Peleus.
1430 2104 1516 2133 Lmi.

860 2155 964 2189 Quum
977 2151 1118 2182 Achilles
1130 2150 1160 2181 in
1172 2151 1274 2181 insula
1291 2152 1381 2191 Scyro
1393 2151 1516 2187 lateret,

859 2212 922 2232 reni
939 2200 1048 2231 habuit
1059 2210 1129 2230 curn
1146 2199 1325 2235 Deidamia,
1342 2199 1423 2240 regis
1438 2200 1514 2236 lilia,

859 2261 896 2280 ex
914 2260 976 2291 qua
1001 2254 1091 2278 natus
1113 2253 1159 2278 est
1181 2249 1343 2289 Pyrrhum
1368 2248 1516 2289 Apollod.

860 2298 922 2328 III.
948 2297 1014 2327 xiii.
1034 2298 1063 2327 8.
1109 2297 1215 2336 Scyros
1237 2307 1292 2337 per
1313 2307 1328 2326 c
1346 2301 1392 2326 est
1417 2296 1517 2337 patria

860 2345 1063 2388 Lyc01nedis;
1088 2345 1176 2384 Syros
1195 2346 1311 2385 absque
1330 2356 1345 2374 c
1369 2346 1416 2385 (v.
1439 2346 1515 2385 175)

860 2396 960 2425 insula
977 2394 1086 2424 Ionian.

905 2445 976 2474 159.
1001 2442 1121 2477 Nudus,
1144 2450 1178 2471 ut
1199 2443 1332 2482 γυμνὸς,
1358 2441 1516 2482 eleganter

861 2503 926 2533 pro,
943 2493 1041 2527 solus,
1067 2491 1129 2521 vid.
1149 2491 1307 2521 Drakenl).
1329 2490 1369 2521 ad
1390 2491 1512 2526 Silium,

859 2539 881 2570 i.
900 2541 972 2570 219.
1019 2540 1134 2569 Rerum
1148 2541 1252 2568 ordine
1266 2541 1363 2569 ducar
1378 2550 1431 2580 pro
1447 2539 1514 2569 vul-

858 2599 923 2629 gar.
952 2598 1016 2619 reni
1045 2587 1150 2618 ordine
1179 2587 1321 2624 referam,
1349 2587 1432 2629 quod
1467 2598 1514 2618 so-

860 2638 951 2668 lenne
967 2638 997 2668 in
1017 2636 1168 2679 principio
1182 2637 1414 2676 narrationu1u3
1443 2637 1514 2668 vide

862 2686 902 2717 ix.
919 2688 950 2717 5.
