1779 3130
343 165 958 206 METAMORPHOSEON
992 164 1110 205 LIB.
1141 164 1230 204 IX.

1397 165 1479 205 105

102 279 319 341 Byblida
341 295 454 326 cum
482 279 655 325 Cauno
677 279 863 342 prolem
889 286 966 326 est
989 279 1138 325 enixa
1162 278 1439 340 gemellam.

102 355 279 418 Byblis
304 356 351 401 in
378 356 608 418 exemplo
630 363 720 409 est,
739 363 795 401 ut
819 362 986 402 ament
1010 370 1248 401 concessa
1272 354 1474 416 puellae:

101 430 278 493 Byblis
303 431 549 493 Apollinei
575 438 801 493 correpta
825 430 1056 493 cupidine
1081 429 1260 483 fratris,

102 505 216 552 Non
242 522 375 552 soror
399 514 455 552 ut
474 506 689 560 fratrem,
711 521 801 552 nec
828 522 927 568 qua
951 506 1184 560 debebat,
1212 505 1407 552 amavit.

103 580 193 627 Illa
217 582 418 643 quidem
443 582 601 644 primo
627 582 785 627 nullos
811 581 1041 642 intelligit
1065 582 1203 643 ignes
1225 598 1235 636 3

1381 583 1477 626 456

102 656 209 704 Nec
234 674 442 720 peccare
467 665 628 720 putat,
657 658 790 719 quod
816 656 998 720 saepius
1024 658 1194 703 oscula
1213 658 1406 718 jungat,

102 732 247 787 Quod
269 750 358 780 sua
381 734 592 781 fraterno
613 734 887 780 circumdet
911 733 1114 779 brachia
1137 733 1292 788 collo;

101 809 436 872 Mendacique
462 810 547 856 diu
573 809 770 872 pietatis
796 809 978 855 fallitur
1003 809 1193 854 umbra.

105 885 351 932 Paulatim
376 887 595 933 declinat
619 902 781 942 amor;

822 886 1085 947 visuraque
1109 884 1308 930 fratrem
1382 885 1478 929 460

106 961 254 1008 Culta
277 963 425 1018 venit,
448 963 753 1025 nimiumque
777 962 916 1024 cupit
940 961 1153 1007 formosa
1175 959 1326 1006 videri
1345 976 1354 1005 :

106 1036 186 1095 Et,
214 1038 254 1084 si
280 1054 379 1101 qua
403 1047 479 1086 est
503 1040 601 1086 illic
626 1039 898 1094 formosior,
925 1037 1111 1084 invidet
1135 1037 1220 1083 illi.

105 1191 166 1215 mae,
185 1180 230 1210 vel
245 1181 535 1222 prtrstantianrmae
550 1183 650 1223 (quod
666 1182 761 1213 habet

104 1239 184 1259 unus
209 1229 384 1264 Mediceus,
409 1236 443 1260 ut
471 1234 639 1269 prce-§lautis
667 1233 761 1261 animi

106 1277 189 1319 apud
205 1278 390 1318 Virgilium)
415 1278 497 1319 legi3
521 1280 611 1310 multi
632 1280 763 1310 Codices

106 1328 387 1368 pra’stantiaforma
401 1339 411 1364 ,²
428 1328 521 1369 vulgo
529 1331 686 1368 praestanti
699 1340 762 1358 cor-

101 1387 171 1414 pore
194 1377 334 1416 nympha.
382 1376 509 1416 Corpora
531 1377 569 1408 de
589 1388 653 1408 una
675 1388 761 1418 nym-

104 1423 166 1464 pha
192 1423 412 1465 interpretatur
433 1425 551 1466 Gierig‚
574 1426 657 1466 quod
681 1426 759 1456 diffi-

105 1472 164 1503 cile
179 1473 356 1514 receperim.
403 1473 505 1514 Byblis
521 1484 559 1504 an
578 1475 671 1504 Biblis
687 1474 760 1505 scri-

103 1521 239 1551 bendum
255 1527 302 1551 est
317 1521 444 1552 dubium
460 1534 466 1559 ;
484 1523 681 1564 sthephanus
696 1524 759 1564 By-

105 1575 185 1599 zant.
209 1569 240 1599 in
265 1569 395 1609 Βύβλος
425 1580 493 1600 eam
519 1571 635 1611 Byblen
659 1576 760 1601 vocat.

111 1618 244 1658 Byblislis
278 1629 388 1649 nomen
427 1629 512 1655 casu,
543 1631 603 1650 non
632 1620 761 1650 consilio

105 1667 224 1708 aliquo,
252 1667 283 1697 in
313 1668 404 1697 trium
436 1679 580 1698 versuum
610 1668 760 1709 principio

106 1716 281 1756 repetitum.
326 1716 420 1757 Regii
437 1717 529 1747 nostri
546 1717 676 1748 Codices
691 1718 764 1748 scri-

107 1765 186 1794 bunt
199 1766 304 1800 Bz‘Mz's,
316 1764 368 1795 sed
384 1764 505 1800 melius,
517 1771 550 1795 ut
565 1765 654 1796 docet
668 1766 764 1796 Hein-

109 1812 185 1847 sius,
213 1813 329 1853 Byblis.
374 1814 483 1844 Conon
512 1814 593 1855 apud
620 1814 764 1844 Photium

109 1860 153 1891 ait
174 1861 340 1902 Byblidem
364 1872 382 1891 a
403 1862 512 1892 Cauno
534 1862 626 1892 fuisse
646 1863 765 1904 perdite

111 1917 260 1946 amatam,
278 1910 309 1940 in
331 1921 392 1951 quo
415 1920 434 1940 a
452 1910 572 1941 caeteris
588 1911 765 1942 auctoribus

107 1957 239 1988 discedit
253 1970 259 1987 :
283 1969 355 1988 nam
372 1958 454 1999 quod
470 1964 501 1988 et
517 1969 595 1989 nuce
610 1959 716 1989 arbore
733 1970 764 1989 se

107 2005 304 2047 suspendisse
321 2006 430 2047 Byblis
447 2007 485 2037 ab
502 2007 555 2037 illo
576 2007 718 2043 traditur,
732 2007 765 2037 id

109 2054 209 2095 ipsum
233 2054 365 2085 Ovidius
387 2065 521 2095 quoque,
538 2054 606 2085 Art.
622 2056 728 2086 Amat.
745 2055 765 2086 i.

107 2103 182 2132 283.
209 2108 356 2133 testatum
384 2103 509 2144 reliquit
535 2103 619 2134 hisce
644 2104 763 2134 verbis:

110 2151 240 2190 Byblida
261 2153 332 2191 quid
347 2151 488 2192 referam,
504 2155 592 2182 vetito
614 2163 676 2192 qzrae
690 2152 765 2193 fra-

110 2202 165 2230 tris
180 2211 278 2230 amore
297 2201 393 2235 Arsit,
414 2206 441 2229 et
460 2206 501 2230 est
523 2202 624 2240 laqueo
637 2201 767 2242 sortiter

108 2249 175 2278 ulta
198 2248 292 2289 nefus.
338 2247 487 2278 Meminit
505 2249 571 2290 ejus
591 2259 715 2290 quoque
736 2249 767 2280 in

110 2296 211 2332 Ibide,
223 2307 312 2327 versu
330 2297 403 2327 357.
448 2297 605 2338 HyginuS,
617 2298 680 2329 fab.
693 2299 767 2328 243.

111 2344 151 2376 de
185 2351 281 2376 morte
309 2345 434 2386 quidem
466 2345 612 2382 violenta,
644 2347 698 2378 sed
729 2347 767 2378 de

110 2405 222 2436 genere
238 2394 314 2425 nihil
329 2394 415 2425 dicit.

155 2444 228 2474 453.
253 2444 356 2484 Byblis
374 2445 407 2473 in
428 2444 564 2482 exemplo,
579 2443 658 2484 etc]
683 2444 766 2474 Prae-

112 2490 208 2521 mittit
218 2491 403 2522 sententiam
418 2492 576 2528 moralem,
587 2503 679 2533 quam
695 2503 766 2534 sup-

112 2539 233 2580 peditat
248 2540 372 2570 fabula:
397 2543 430 2571 in
450 2542 577 2580 ezemplo
592 2548 643 2575 est,
660 2550 765 2571 exem-

112 2587 200 2628 plum
215 2588 281 2623 dat,
297 2590 437 2631 exemplo
457 2600 511 2619 suo
529 2595 642 2620 monet.
691 2590 767 2619 Con-

113 2645 200 2671 cessa,
212 2635 354 2676 juveneS‚
371 2648 447 2678 quos
461 2637 535 2667 licet
550 2647 663 2668 amare.
702 2638 767 2668 Ho-

112 2688 171 2714 rat.
194 2683 224 2713 Ι.
247 2684 311 2714 Sat.
336 2685 376 2716 iv.
405 2687 474 2716 113.
501 2697 633 2716 concessa
660 2685 770 2716 Venere

158 2733 255 2763 VOL.
273 2734 330 2764 lv.

826 1183 895 1218 uti;
920 1181 1035 1210 Noster
1057 1180 1137 1210 infra
1152 1189 1214 1209 ver.
1231 1178 1303 1208 637.
1318 1180 1483 1207 inconcessa

827 1241 886 1269 spes
913 1229 1054 1265 l'eneris5
1079 1229 1189 1258 Horat.
1207 1227 1270 1257 III.
1285 1226 1346 1256 Od.
1363 1226 1403 1255 vi.
1425 1226 1480 1254 27.

830 1278 1013 1317 Impermz'ssa
1025 1279 1152 1319 gaudia.
1182 1277 1353 1316 Apollineus
1369 1275 1408 1305 ab
1425 1284 1483 1304 avo

829 1333 968 1368 paterno,
984 1337 1053 1356 mox
1070 1336 1133 1356 ver.
1149 1326 1211 1356 573
1223 1327 1347 1366 juvenis
1366 1324 1482 1354 Maean-

830 1377 915 1406 drius
940 1376 978 1406 ab
1009 1385 1065 1405 avo
1089 1381 1239 1405 materno.
1286 1374 1364 1407 Qua,
1385 1382 1483 1413 quan-

830 1430 907 1460 tum,
931 1431 966 1455 ut
992 1424 1023 1454 in
1046 1423 1110 1459 illo,
1135 1436 1191 1463 qua
1219 1425 1286 1454 licet
1310 1429 1337 1453 et
1359 1433 1483 1462 possum.

829 1473 878 1503 Sic
900 1473 993 1503 etiam
1013 1484 1086 1512 quo,-
1111 1472 1152 1502 A.
1168 1472 1208 1502 A.
1226 1471 1246 1502 i.
1261 1472 1336 1502 285.
1353 1471 1483 1511 Myrrha

826 1528 953 1560 patrem,
965 1523 1012 1552 sed
1030 1533 1086 1551 nou
1102 1522 1235 1561 quofilia
1253 1522 1345 1555 debet,
1361 1520 1483 1549 amavit.

830 1570 955 1605 Confer,
974 1570 1004 1600 in
1025 1569 1134 1600 eodem
1156 1569 1243 1605 libro,
1259 1579 1382 1599 versum
1399 1568 1460 1598 745
1475 1579 1483 1605 ;

828 1619 882 1648 sed
906 1629 987 1654 mox,
1005 1629 1094 1648 versu
1116 1619 1188 1648 509.
1208 1628 1324 1651 rursus,
1344 1618 1401 1646 nisi
1426 1627 1484 1656 qua

818 1667 875 1707 fas
890 1674 940 1697 est.
987 1666 1130 1702 Καύνιος
1145 1666 1223 1707 ἔρως
1240 1665 1272 1695 in
1286 1664 1483 1706 proverbium

831 1715 906 1746 abiit
921 1716 959 1746 de
975 1716 1155 1746 inconcesso
1171 1725 1284 1745 amore.

874 1766 946 1795 456.
972 1765 1030 1794 Illa
1052 1766 1168 1804 quidem
1188 1764 1292 1802 primo,
1308 1762 1385 1802 etc.]
1411 1762 1483 1793 Jam

830 1813 971 1854 exemplo
994 1812 1107 1853 insigni
1132 1811 1312 1848 ostenditur,
1333 1811 1485 1852 quomodo

832 1861 983 1902 gradatim
1005 1865 1145 1891 crescant
1165 1859 1352 1900 cupiditates
1371 1859 1403 1889 in
1418 1858 1484 1889 ani-

832 1920 892 1945 mo,
921 1919 1074 1950 novaque,
1104 1908 1177 1938 dum
1208 1908 1245 1937 ils
1272 1907 1483 1947 indulgemus,

832 1958 1023 1988 incrementa
1048 1957 1183 1997 capiant.
1229 1956 1391 1996 Intelligit‚
1417 1965 1486 1985 sen-

832 2006 881 2036 tit.
929 2006 1016 2048 Ignes
1052 2016 1123 2047 opp.
1160 2015 1222 2036 ver.
1258 2005 1331 2035 459.
1365 2005 1484 2044 pietati.

834 2056 975 2086 BIendaci
989 2056 1112 2091 nmbra;
1128 2053 1250 2084 fallenti
1264 2054 1377 2094 specie.
1413 2054 1486 2083 Duo

833 2103 949 2134 habent
965 2104 1121 2138 mendacis,
1136 2108 1170 2132 ut
1184 2101 1223 2132 ad
1241 2103 1360 2140 pietatis
1376 2101 1487 2131 refera-

833 2158 891 2182 tur.
932 2152 1042 2186 Pietas,
1058 2151 1090 2180 id
1109 2156 1166 2186 est,
1181 2160 1265 2180 amor
1279 2149 1418 2185 sororius,
1433 2150 1486 2190 qui

835 2210 895 2230 non
915 2198 975 2230 urit
993 2204 1027 2229 ut
1042 2209 1137 2233 amor,
1154 2208 1214 2239 quo
1229 2198 1361 2240 juvenes
1380 2203 1412 2227 et
1427 2198 1486 2228 vir-

834 2247 922 2288 gines
936 2258 1008 2288 erga
1022 2257 1053 2278 se
1069 2247 1188 2277 ardent.

879 2297 951 2327 460.
980 2297 1135 2331 Declinat,
1150 2295 1217 2326 scil.
1233 2305 1251 2325 a
1274 2294 1409 2336 pietate:
1433 2299 1486 2324 aut

835 2346 987 2375 declinare
1021 2355 1085 2386 pr0,
1114 2343 1285 2380 inclinare3
1322 2343 1430 2373 Horat.
1460 2342 1486 2373 I.

835 2393 897 2425 Od.
910 2393 1016 2424 xxxiii.
1026 2395 1056 2424 5.
1071 2395 1104 2423 in
1119 2403 1249 2432 asperam
1260 2393 1390 2421 declinat
1407 2392 1486 2421 Pho-

835 2443 909 2473 loen.
953 2443 990 2472 In
1004 2451 1094 2483 prosa
1109 2441 1196 2476 foret,
1208 2442 1255 2470 secl
1268 2441 1416 2479 paulatim
1437 2442 1486 2470 de-

834 2492 940 2527 clinat,
965 2490 1039 2532 quia
1067 2489 1200 2519 cohaeret
1228 2498 1298 2518 cum
1325 2498 1388 2519 ver.
1413 2488 1486 2519 456.

835 2539 897 2569 Illa
914 2541 1042 2579 quidem,
1058 2543 1119 2568 etc.
1158 2538 1250 2567 Culta
1265 2539 1355 2572 venit,
1370 2536 1487 2578 primus

834 2587 947 2628 gradus
969 2584 1155 2617 declinantis
1178 2584 1301 2621 amoris,
1321 2584 1413 2615 simul
1435 2587 1483 2615 in-

834 2637 914 2666 videt
928 2634 1006 2671 aliis,
1021 2632 1174 2675 zelotypia
1187 2632 1294 2664 uritur.

968 2733 993 2761 p
