1779 3130
251 184 334 224 480
551 182 600 223 P.
636 181 849 223 OVIDII
884 183 1179 233 NASONIS,
1214 185 1341 225 ETC.

254 299 559 353 Cesserunt;
593 296 759 359 Dique
787 296 1057 359 Indigetes,
1085 299 1393 360 genitorque,
1419 297 1640 352 Quirine,

254 374 420 428 Urbis,
451 380 500 420 et
525 372 691 419 invicti
720 373 928 434 genitor,
959 374 1191 430 Gradive,
1221 374 1427 428 Quirini,

251 450 507 512 Vestaque
537 450 795 497 Caesareos
822 451 951 496 inter
977 457 1169 498 sacrata
1194 451 1429 505 PenateS‚

251 527 317 574 Et
331 544 444 574 cum
464 527 698 574 Caesarea
717 535 786 583 tu,
807 527 998 574 Phoebe
1016 527 1305 583 domestice,
1324 527 1495 582 Vesta,
1546 529 1640 573 865

251 604 450 666 Quique
476 611 615 650 tenes
639 605 766 650 altus
793 603 1030 666 Tarpeias
1055 603 1291 667 Juppiter
1315 620 1470 657 arces,

249 679 490 742 Quosque
515 679 637 726 alios
663 680 762 726 vati
789 679 861 726 fas
890 680 1142 743 appellare
1167 680 1435 743 piumque;

247 755 411 803 Tarda
436 757 499 803 sit
523 757 608 803 illa
632 757 754 811 dies,
783 764 834 803 et
858 764 1026 804 nostro
1052 757 1205 804 serior
1230 773 1349 811 aevo,

252 832 362 886 Qua
387 840 539 895 caput
564 839 847 894 augustum,
868 849 1016 894 quem
1042 840 1302 896 temperat,
1321 833 1439 879 orbe
1466 831 1637 879 relicto

248 910 471 958 Accedat
495 910 632 964 caelo,
662 908 925 971 faveatque
952 910 1271 972 precantibus
1298 910 1495 956 absens.
1537 913 1633 956 870

314 1062 382 1109 JA
395 1079 550 1114 MQUE
572 1079 697 1126 opus
718 1063 881 1124 exegi,
901 1063 1038 1124 quod
1064 1079 1154 1109 nec
1181 1061 1317 1109 Jovis
1343 1062 1429 1116 ira,
1457 1061 1636 1123 necig-

251 1140 358 1186 Nec
381 1139 563 1203 poterit
578 1139 776 1194 ferrum,
790 1155 880 1185 nec
899 1139 1026 1186 edax
1043 1140 1488 1186 abolerevetnstas.
1509 1139 1635 1199 [nes,

249 1216 416 1270 Quum
442 1217 575 1263 volet
600 1216 683 1261 illa
708 1216 832 1271 dies,
861 1232 972 1277 quae
999 1216 1081 1271 nil,
1110 1216 1203 1261 nisi
1229 1215 1449 1278 corporis
1469 1215 1615 1276 hujus

247 1293 340 1340 Jus
366 1294 532 1349 habet,
561 1292 735 1339 incerti
761 1293 976 1356 spatium
1002 1292 1122 1338 mihi
1148 1292 1286 1338 finiat
1311 1292 1425 1339 aevi:

248 1369 399 1416 Parte
424 1377 589 1416 tamen
616 1369 816 1416 meliore
842 1369 938 1416 mei
966 1385 1115 1432 super
1141 1370 1241 1416 alta
1265 1368 1497 1431 perennis
1541 1370 1635 1413 875

250 1445 401 1492 Astra
425 1445 566 1500 ferar,
595 1461 877 1507 nomenque
904 1445 996 1491 erit
1024 1445 1290 1492 indelebile
1317 1452 1567 1499 nostrum;

250 1523 463 1585 Quaque
489 1529 629 1585 patet
652 1522 850 1568 domitis
879 1521 1108 1568 Romana
1133 1522 1357 1585 potentia
1380 1521 1538 1575 terris,

251 1600 351 1646 Ore
377 1600 512 1661 legar
536 1599 723 1662 populi,
745 1614 935 1662 perque
962 1599 1126 1646 omnia
1151 1599 1320 1646 secula
1344 1598 1490 1652 fama,

251 1676 304 1722 Si
330 1676 450 1739 quid
476 1676 663 1722 habent
686 1676 786 1722 veri
811 1683 976 1722 vatum
1004 1676 1258 1739 praesagia,
1283 1675 1460 1722 vivam.

291 1820 365 1850 871.
392 1820 518 1859 Jamque
536 1830 606 1858 opus
621 1821 712 1860 exegi,
731 1819 806 1858 etc.]
833 1819 906 1860 Epi·
982 1831 1053 1856 rar,-
1078 1820 1175 1861 gloria
1206 1829 1274 1850 mea
1297 1818 1355 1849 erit
1377 1824 1501 1849 aeterna.
1539 1818 1638 1848 Hora-

248 1868 337 1909 logus
357 1868 489 1898 fideliter
519 1878 681 1909 expressus
705 1877 742 1897 ex
770 1868 911 1903 Horatio,
979 1870 1056 1900 tius:
1083 1874 1101 1886 “
1120 1870 1192 1899 Non
1208 1868 1307 1899 omnis
1323 1868 1454 1905 moriar,
1480 1867 1639 1909 multaque

248 1917 310 1947 ΙΠ.
327 1917 388 1948 Od.
406 1928 477 1947 xxx.
517 1916 630 1947 Confer
646 1916 739 1947 etiam
762 1916 794 1946 ii.
810 1918 862 1947 20.
881 1923 911 1948 et
979 1929 1050 1959 pars
1081 1917 1142 1948 mei
1168 1917 1290 1948 vitabit
1320 1915 1524 1947 Libitina1n.''
1582 1917 1641 1946 Ore

252 1967 457 2009 Propertium,
478 1966 521 1996 iii.
544 1967 603 1996 134
624 1977 694 2007 sqq.
742 1966 846 2007 Eregi,
870 1966 910 1996 ad
980 1970 1063 2009 legar
1085 1969 1199 2008 populi.
1235 1967 1374 2008 Propert.
1390 1966 1436 1996 H.
1450 1966 1472 1996 i.
1490 1968 1519 1996 2.
1540 1969 1638 1996 reniat

247 2015 338 2046 finem
376 2015 519 2056 perduxi,
557 2015 689 2046 absolvi.
749 2015 909 2049 Horatius,
978 2018 1072 2047 mollis
1095 2019 1125 2046 in
1151 2028 1202 2046 ora
1225 2017 1320 2052 liber,-
1346 2015 1397 2046 ubi
1416 2015 1485 2046 vide
1501 2016 1639 2046 Brouck-

245 2069 266 2082 ‘¹
280 2065 378 2104 Exegi
388 2070 623 2095 monumentum
638 2074 697 2094 aere
710 2064 909 2105 perennius.'’
977 2064 1112 2095 husium.
1158 2065 1229 2095 Post
1247 2075 1369 2094 versum
1391 2064 1463 2094 879.
1483 2064 1513 2093 in
1535 2065 1641 2095 multis

247 2114 329 2144 Jovis
353 2116 409 2150 ira,
430 2114 561 2144 fulmen.
609 2113 707 2148 Edm,
733 2114 836 2144 omnia
856 2114 909 2144 ab·
979 2114 1069 2143 MSS.
1086 2113 1144 2143 hoe
1161 2113 1315 2143 distichon
1330 2118 1377 2143 est
1393 2112 1560 2153 ascriptus:
1586 2113 1640 2143 Bis

247 2174 381 2193 sumens.
427 2162 595 2192 Horatius:
622 2166 643 2178 “
663 2161 755 2198 Quod
772 2173 832 2192 non
853 2161 910 2191 im·
977 2174 1021 2192 sei
1049 2164 1183 2192 millenos
1210 2173 1306 2192 versus
1334 2165 1364 2192 in
1388 2163 1485 2193 codice
1506 2163 1627 2201 scriptos

246 2212 302 2242 ber
317 2212 408 2246 edax,
424 2222 484 2241 non
501 2211 616 2252 Aquilo
636 2210 789 2251 impotens
808 2210 910 2241 Possit
978 2211 1035 2241 Sed
1062 2218 1106 2242 ter
1136 2213 1263 2251 quinque
1289 2213 1386 2241 minus
1411 2213 1541 2241 continet
1567 2211 1638 2240 Ovi-

247 2260 380 2296 diruere,
404 2266 457 2291 aut
484 2259 719 2290 innumerabilis
748 2260 910 2290 Annorum
977 2261 1054 2289 (Iius.
1102 2260 1301 2290 Burmannus
1326 2263 1431 2289 monet
1457 2264 1560 2288 extare
1586 2258 1637 2288 ho-

248 2309 395 2345 series,et
411 2308 706 2350 sugatemporum.’'
978 2308 1028 2339 die
1061 2308 1182 2339 nonnisi
1217 2309 1330 2339 11993.
1364 2314 1398 2338 ut
1433 2313 1551 2349 septem
1584 2307 1638 2338 de-

292 2359 365 2389 875.
391 2358 485 2398 Super
510 2359 572 2388 alta
595 2359 732 2397 perennis
750 2358 840 2386 Astra
866 2356 910 2392 fe-
978 2357 1051 2387 sint.

652 2529 1072 2556 METAMORPHOSEON
1109 2530 1147 2555 1³1
1157 2529 1237 2555 NIS.

640 2720 689 2737 fx<
706 2720 759 2737 [Di
774 2720 787 2737 Ιῐ
799 2720 854 2737 ὶΧΤ
876 2720 924 2738 1.ὶῖ
938 2721 989 2738 Ηυξ
1002 2724 1013 2733 N
1033 2720 1062 2737 1⁷1
1085 2718 1191 2737 xvii-FF]
1205 2718 1257 2736 ΓΗ.
