1779 3130
362 174 979 217 METAMORPHOSEON
1014 175 1129 218 LIB.
1155 175 1294 217 XIII.
1431 175 1514 216 367

134 286 247 333 Non
274 288 378 350 apis
405 289 518 335 inde
543 288 657 335 tulit
681 289 916 335 collectos
942 289 1114 336 sedula
1138 291 1311 346 flores3

134 364 246 411 Non
272 366 387 412 data
411 374 526 412 sunt
550 366 697 429 capiti
725 367 937 427 genialia
961 375 1119 424 serta;
1161 383 1252 414 nec
1278 383 1496 429 unquam

132 440 383 488 Falciferae
410 458 612 489 secuere
638 458 840 489 manus:
881 460 974 504 ego
1002 444 1189 506 primus
1215 445 1263 489 in
1289 444 1371 490 illo
1420 446 1516 489 930

134 517 340 580 Cespite
364 517 583 572 consedi,
611 519 729 564 dum
755 519 856 564 lina
880 519 1129 565 madentia
1155 520 1315 566 sicco:

136 593 306 656 thue
332 610 640 641 recenserem
666 595 887 657 captivos
913 596 1083 642 ordine
1110 597 1289 658 pisces,

135 669 346 732 Insuper
367 670 592 733 exposui,
621 687 745 732 quos
772 679 857 717 aut
880 673 928 716 in
954 672 1075 718 retia
1099 688 1261 727 casus,

134 747 236 792 Aut
261 761 350 792 sua
374 747 640 793 credulitas
667 747 716 792 in
742 747 960 793 aduncos
987 755 1155 809 egerat
1179 749 1366 794 hamos.

136 821 238 868 Res
265 821 438 867 similis
463 822 619 869 fictae:
663 823 750 868 sed
777 823 896 883 quid
929 823 1047 868 mihi
1072 824 1259 884 fingere
1286 824 1519 886 prodest?

137 897 374 944 Gramine
400 905 630 944 contacto
655 898 806 960 coepit·
831 914 941 944 mea
965 899 1132 961 praeda
1157 900 1355 954 moveri,
1425 903 1519 945 936

136 973 203 1020 Et
227 980 417 1020 mutare
443 973 587 1028 latus,
615 980 860 1035 terraque,
889 981 943 1020 ut
967 975 1016 1019 in
1040 991 1255 1036 aequore,
1278 975 1384 1022 niti.

138 1049 372 1112 Dumque
418 1066 592 1105 moror,
628 1050 874 1112 mirorque
912 1051 1075 1106 simul,
1109 1051 1234 1113 fugit
1274 1052 1433 1098 omnis
1471 1052 1520 1097 in

341 1127 498 1173 undas
1321 1129 1518 1190 [quunt.

135 1202 303 1249 Turba
339 1219 468 1257 suas,
496 1203 852 1265 dominumque
893 1219 1087 1259 novum,
1123 1204 1337 1265 litusque
1376 1204 1519 1249 relin-

139 1278 406 1341 Obstupui,
429 1279 714 1341 dubiusque
740 1280 840 1333 diu,
861 1296 971 1342 quae
992 1296 1157 1334 causa,
1176 1280 1394 1341 requiro;
1425 1282 1520 1325 940

138 1354 272 1401 Num
293 1354 429 1400 Deus
456 1355 549 1401 hoc
575 1355 771 1417 aliquis2
790 1372 907 1401 num
933 1372 1111 1402 succus
1133 1355 1305 1402 fecerit
1326 1356 1520 1402 herbae?

141 1430 266 1484 Quae
287 1437 453 1477 tamen
474 1432 578 1486 has,
597 1431 814 1493 inquam,
833 1432 956 1478 vires
974 1432 1124 1478 habet
1145 1431 1326 1478 herba?
1353 1447 1523 1477 manu-

140 1506 335 1553 Pabula
350 1507 592 1570 decerpsi,
606 1506 942 1569 decerptaque
958 1507 1107 1554 dente
1123 1507 1380 1553 momordi.
1404 1508 1524 1568 [que

138 1583 237 1630 Vix
262 1584 388 1629 bene
414 1583 755 1629 combiberant
775 1582 969 1644 ignotos
995 1590 1195 1644 guttura
1219 1599 1410 1638 SUCCOS,

141 1660 306 1714 Quum
332 1660 495 1706 subito
521 1661 768 1722 trepidare
794 1660 926 1706 intus
953 1660 1225 1722 praecordia
1245 1660 1393 1714 sensi,
1430 1661 1524 1706 945

139 1738 461 1799 Alteriusque
487 1738 590 1800 rapi
617 1745 804 1783 naturae
832 1744 1005 1799 pectus
1031 1752 1212 1783 amore.

142 1814 251 1861 Nec
276 1814 414 1876 potui
441 1820 626 1860 restare
652 1815 789 1870 loco3
832 1813 1233 1875 Repetendaque
1258 1827 1512 1874 nunquam

139 1889 305 1945 Terra,
332 1891 456 1945 vale,
485 1889 616 1946 diXi3
658 1905 939 1953 corpusque
965 1889 1056 1934 sub
1081 1904 1280 1950 aequora
1304 1888 1468 1935 mersi.

144 1966 207 2012 Di
232 1966 380 2013 maris
407 1973 675 2028 exceptum
702 1966 836 2011 socio
862 1965 1129 2026 dignantur
1154 1964 1366 2020 honore3
1430 1966 1524 2009 949

181 2120 255 2151 936.
273 2120 342 2149 Mea
354 2122 473 2158 proeda‚·
498 2120 599 2161 pisces
612 2120 706 2161 capti,
717 2120 798 2161 Jam-

138 2178 199 2209 que
236 2168 404 2198 exanimes.
464 2170 587 2199 Mutare
623 2170 713 2204 latus,
746 2179 800 2209 pro

141 2223 250 2247 motare
267 2219 344 2247 latus
355 2217 455 2257 (quod
469 2217 585 2248 habent
601 2218 725 2247 codices
736 2217 800 2247 Re-

140 2266 182 2305 gii
193 2266 300 2304 ambo)
315 2276 330 2295 e
348 2265 452 2295 multis
465 2266 582 2306 recepit
598 2266 756 2301 Heinsius,
770 2271 801 2295 et

140 2314 470 2355 explicat,utrinsecus
490 2315 608 2356 jactare
630 2316 735 2345 crebro
755 2314 800 2345 la-

141 2368 218 2399 tera,
234 2374 271 2394 ex
291 2364 415 2404 Apulei.
430 2364 509 2394 Met.
526 2375 558 2394 x.
576 2369 610 2394 ut
625 2370 726 2394 motus
746 2375 802 2394 na-

142 2413 274 2443 tantium
290 2413 421 2453 piscium
436 2412 661 2453 intelligantur.
709 2413 803 2449 Quod

141 2471 202 2490 non
218 2466 280 2490 est:
306 2460 491 2491 describitur
512 2461 615 2502 potius
628 2468 716 2491 actus
736 2472 801 2491 sur-

141 2508 280 2549 gentium
295 2508 445 2549 piscium:
469 2509 631 2549 jacuerant
647 2509 678 2539 in
694 2509 802 2544 latere,

142 2567 224 2587 nunc
247 2561 409 2587 moventur
433 2558 598 2598 (Lactant.
616 2558 647 2587 in
673 2558 803 2598 Argum.

143 2612 318 2644 recuperato
343 2607 467 2644 spiritu,
497 2617 581 2645 quiem
610 2606 804 2641 amiseram.)

145 2659 239 2694 atque
250 2660 374 2684 vertunt
389 2664 432 2689 se,
443 2658 474 2684 et
489 2653 668 2694 erignnt,ut
682 2654 805 2684 dorsum

145 2712 264 2732 sursum
281 2702 404 2737 tollant,
424 2713 505 2732 more
522 2703 652 2743 piscium
673 2702 704 2732 in
724 2712 804 2742 aqua

866 2118 1057 2159 degentium.
1101 2117 1152 2147 Sic
1173 2124 1291 2148 mutare
1311 2118 1389 2146 latus
1411 2126 1476 2157 pro,
1495 2126 1526 2145 se

868 2174 997 2202 vertere,
1023 2165 1106 2208 apud
1130 2166 1216 2206 Virg.
1234 2167 1312 2196 AEn.
1336 2165 1380 2195 iii.
1401 2166 1473 2195 581.
1489 2164 1527 2194 de

868 2215 1040 2245 Encelado.
1086 2215 1155 2244 Niti
1180 2214 1300 2256 proprie
1328 2213 1366 2243 de
1396 2212 1526 2242 homini-

868 2264 937 2299 bus,
960 2269 1014 2293 aut
1039 2262 1294 2303 quadrupedibus
1320 2262 1351 2292 in
1376 2267 1453 2291 terra
1479 2261 1527 2291 vel

868 2313 1032 2348 stantibus,
1042 2312 1090 2342 vel
1100 2311 1317 2342 incedentibus
1330 2322 1335 2340 :
1353 2310 1424 2340 hinc
1433 2310 1528 2340 etiam

866 2364 957 2401 pisces
970 2364 1027 2391 niti
1044 2363 1075 2391 in
1088 2372 1199 2401 aeqnore
1210 2360 1365 2395 dicuntur,
1378 2369 1473 2400 quum
1489 2359 1527 2388 ab

870 2420 906 2439 eo
923 2410 1062 2439 seruntur
1077 2415 1108 2439 et
1120 2414 1349 2444 sustentantur;
1370 2407 1528 2442 Horatius,

870 2457 930 2487 IV.
954 2457 1016 2487 Od.
1040 2457 1071 2487 ii.
1099 2457 1128 2486 3.
1158 2457 1196 2487 de
1227 2456 1368 2487 volante:
1405 2455 1527 2484 Nititur

867 2508 984 2544 pennis.

914 2555 990 2584 939.
1016 2554 1090 2583 Siras
1116 2564 1186 2583 cum
1203 2553 1246 2588 vi,
1264 2551 1378 2593 quibus
1397 2551 1525 2581 assueti.

872 2604 1027 2633 Caeterum
1045 2603 1102 2633 hoc
1118 2603 1218 2643 ipsum
1234 2612 1359 2643 gramen
1374 2603 1459 2631 vivax
1476 2611 1526 2631 vo-

872 2657 959 2682 catur
975 2651 1026 2681 vii.
1042 2653 1117 2681 232.
