1779 3130
276 174 359 216 128
647 173 698 214 P.
734 172 945 214 OVIDII
979 172 1258 214 NASONIS

271 287 336 334 Et
360 286 535 350 templi
560 293 806 333 tremuere
830 285 974 341 fores,
1002 286 1293 349 imitataque
1321 286 1510 336 Lunam

270 365 469 410 Cornua
493 362 751 417 fulserunt,
778 362 1071 424 crepuitque
1097 363 1318 410 sonabile
1344 363 1562 410 sistrum.

270 439 386 485 Non
412 453 586 485 secura
606 437 825 500 quidem,
852 437 1011 484 fausto
1038 446 1205 485 tamen
1230 439 1394 486 omine
1419 440 1533 486 laeta
1557 441 1651 486 784

269 514 434 561 Mater
458 515 561 562 abit
584 514 794 577 templo:
825 515 1050 576 sequitur
1074 530 1241 562 comes
1270 515 1407 578 Iphis
1433 522 1650 570 euntem,

267 590 429 644 Quam
455 591 599 637 solita
623 596 713 644 est,
736 591 919 652 majore
946 590 1129 651 gradu:
1169 607 1260 637 nec
1286 591 1470 637 candor
1494 591 1545 636 in
1570 606 1652 637 ore

265 667 534 714 Permanet
550 685 560 724 ;
603 674 654 713 et
676 666 801 714 vires
829 674 1097 728 augentur3
1140 673 1190 712 et
1213 667 1368 714 acrior
1389 667 1496 729 ipse
1521 673 1598 713 est

265 743 474 799 Vultus3
515 750 564 790 et
588 742 852 806 incomptis
877 743 1069 790 brevior
1094 759 1324 789 mensura
1348 742 1568 805 capillis3

266 819 489 882 Plusque
513 819 694 882 vigoris
721 820 877 877 adest,
905 819 1080 867 habuit
1104 836 1253 882 quam
1282 818 1491 866 femina:
1525 820 1646 881 J'am,

463 912 574 958 quae
1553 898 1647 941 789

264 971 468 1018 Femina
489 988 645 1035 nuper
664 989 788 1028 eras,
807 988 930 1035 puer
954 987 1032 1019 es:
1062 972 1177 1018 date
1198 987 1402 1018 munera
1421 971 1644 1033 templis3

264 1046 372 1094 Nec
399 1048 572 1094 timida
592 1049 807 1110 gaudete
833 1048 958 1095 fide:
998 1048 1117 1094 dant
1142 1063 1346 1094 munera
1369 1046 1598 1109 templis3

261 1122 468 1171 Addunt
493 1132 543 1171 et
569 1125 789 1182 titulun13
822 1125 994 1172 titulus
1014 1125 1162 1172 breve
1182 1139 1381 1171 carmen
1405 1123 1645 1170 habebat:

306 1284 379 1315 782.
398 1285 436 1314 Et
453 1286 552 1324 templi
565 1284 830 1326 tremue›·ejb›·es.]
850 1284 921 1314 Duo

260 1333 399 1363 Palatini
423 1341 559 1372 patuere.
605 1332 699 1373 Regii
725 1334 816 1363 nostri
843 1334 921 1364 bene

988 1295 1054 1314 rum
1080 1282 1231 1325 ejusmodi
1257 1287 1398 1324 portenta
1422 1292 1515 1313 sexus
1538 1281 1649 1312 mutati

989 1333 1111 1363 Plinius
1138 1332 1190 1363 vii.
1220 1333 1250 1361 4.
1279 1337 1411 1362 enarrat.
1459 1331 1504 1360 Er
1521 1330 1651 1370 ιΐὶηηίιιίε

263 1389 427 1412 limium-e:
454 1392 515 1412 non
536 1382 680 1411 convenit
699 1382 770 1412 huic
786 1382 854 1412 loco
868 1393 920 1421 pa-

264 1436 357 1466 tuere,
374 1430 455 1470 quod
477 1430 526 1460 vix
552 1440 675 1460 sensum
700 1429 803 1460 habet.
847 1430 921 1460 Tre-

260 1489 326 1508 mor
355 1478 475 1519 templi,
506 1478 626 1513 forium,
655 1488 789 1513 ararum,
820 1478 921 1519 fulgor

258 1526 503 1561 simulacrorum,
531 1526 648 1556 sonitus
679 1536 830 1561 vasorum,
860 1532 920 1556 etc.

257 1575 348 1615 signa
365 1582 451 1605 erant
465 1575 635 1615 praesentire
652 1581 682 1605 et
695 1576 919 1605 benevolentiae

259 1622 386 1653 divinae.
411 1623 572 1663 Virgilius,
584 1624 659 1653 ,Em
675 1622 720 1652 iii.
738 1625 788 1654 90.
825 1623 920 1654 Clau-

260 1671 383 1706 dianus,
400 1671 508 1701 xxxiii.
525 1671 554 1702 7.
593 1671 817 1707 Callimachus,
831 1671 919 1712 hym-

259 1730 298 1749 no
312 1720 350 1750 ad
365 1720 471 1760 Apoll.
485 1719 553 1750 init.
569 1719 673 1760 ibique
687 1719 805 1760 Spanh.
848 1721 919 1750 Cre-

256 1780 329 1808 pure
347 1769 472 1798 verbum
488 1769 644 1809 proprium
661 1769 691 1797 in
709 1769 765 1798 hac
781 1780 823 1799 re.
865 1770 915 1799 So-

259 1819 369 1847 nabile.
415 1817 518 1847 Etiam
545 1817 595 1847 hic
621 1817 724 1846 invitis
749 1817 919 1848 Codicibus

259 1865 405 1895 Heinsius
430 1864 550 1906 reponit
571 1866 717 1900 sntzatile5
741 1872 772 1895 et
793 1876 916 1907 compa-

258 1920 305 1944 rat
331 1914 586 1954 multiforatilis,
612 1916 765 1948 «mutilis,
794 1916 917 1951 rer-tilis,

259 1964 402 1998 rolatilis,
432 1964 580 1999 romulis,-
628 1963 681 1992 sed
719 1963 919 1994 Burmannus

258 2018 342 2041 recte
358 2017 462 2041 monet
475 2012 608 2041 smmzilis
624 2012 812 2052 incognitam
829 2012 918 2042 Latio

259 2070 324 2090 esse
350 2070 468 2095 vocem,
493 2062 631 2090 sonabilis
659 2066 763 2090 autem
786 2067 917 2102 receptae

259 2108 464 2138 auctoritatis.
511 2109 603 2148 Regii
642 2109 736 2139 nostri
776 2110 916 2140 sonabile.

260 2157 309 2186 De
325 2159 404 2186 sistri
421 2157 517 2187 forma
533 2163 564 2187 et
580 2157 697 2187 ratione
715 2157 829 2193 sormae,
846 2158 917 2189 vide

260 2204 476 2240 Plutarchum,
495 2205 552 2235 lib.
570 2205 608 2235 de
626 2205 708 2235 Iside
725 2211 755 2235 et
771 2206 907 2236 Osiride.

302 2254 374 2283 785.
398 2253 535 2283 Mutatio
551 2254 664 2293 puellae
679 2254 711 2283 in
726 2264 855 2294 puerum
871 2254 918 2284 in-

258 2301 383 2341 geniose
408 2301 564 2343 descripta
588 2308 646 2337 est,
664 2302 759 2342 signis
783 2303 917 2333 externis

259 2350 514 2380 commemoratis.
551 2350 709 2380 Schirach.
744 2354 764 2367 “
780 2351 914 2391 Elegan-

258 2404 304 2427 ter
327 2398 492 2429 discrimen
515 2399 595 2428 inter
619 2405 784 2439 utrumque
808 2410 914 2429 sexum

258 2446 445 2487 depingitur,
474 2453 627 2488 quatenus
656 2448 772 2478 licebat
800 2454 912 2489 poetae.

261 2495 308 2523 De
327 2496 446 2524 caeteris
461 2503 545 2526 caste
561 2503 591 2526 et
607 2496 734 2537 pulchre
748 2508 753 2525 :
772 2496 839 2525 Jam
852 2508 914 2536 ‹111oe

251 2542 380 2581 semina,
397 2543 481 2573 etc.⁷'
529 2545 646 2583 Major-e
669 2546 779 2585 gradu,
796 2544 914 2585 longio-

258 2590 343 2620 ribus
371 2591 521 2631 passibus.
560 2593 703 2633 Virgines
729 2595 806 2623 lento
826 2605 914 2633 passu

259 2638 405 2668 incedunt
419 2652 425 2675 ;
442 2639 473 2669 ii.
488 2641 560 2670 572.
606 2643 713 2671 Acrem
728 2642 839 2671 cultum
859 2642 911 2672 ha-

260 2687 333 2716 bent
349 2697 458 2724 mareS,
476 2696 606 2719 tenerum
625 2690 767 2730 virgines.
808 2691 894 2721 Caete

988 1384 1101 1411 mutari
1126 1384 1154 1410 ἰη
1178 1392 1272 1410 mures
1294 1392 1353 1410 von
1374 1386 1415 1410 est
1428 1380 1649 1420 faludosum—

990 1430 1056 1469 Ipse
1073 1433 1101 1461 in
1119 1431 1225 1470 Alfi-ica
1248 1432 1309 1460 vidi
1323 1435 1472 1458 mutatum
1492 1429 1524 1457 in
1540 1438 1649 1457 marem

988 1482 1163 1519 nuptiarum
1197 1480 1244 1508 die
1273 1479 1313 1508 L.
1347 1478 1518 1512 Cossicz’mn,
1552 1479 1646 1507 civem

991 1528 1236 1568 Thysdritanum.

1031 1578 1103 1607 791.
1130 1577 1193 1606 Nec
1210 1578 1312 1606 timida
1329 1576 1457 1616 gaudete
1469 1575 1546 1615 fide,
1560 1584 1644 1614 egre—

987 1625 1056 1666 gie3
1080 1625 1123 1654 ita
1147 1624 1292 1665 gaudete,
1320 1629 1352 1653 ut
1376 1623 1476 1665 posito
1497 1622 1579 1652 omni
1608 1622 1644 1652 ti-

986 1684 1069 1703 more
1096 1673 1187 1703 fidem
1214 1671 1366 1702 habeatis.
1411 1670 1534 1707 Quibus
1562 1669 1644 1700 enim

986 1727 1112 1762 repente
1130 1726 1161 1751 et
1182 1720 1379 1761 inexpectato
1399 1718 1507 1759 ingens
1530 1719 1645 1748 bonum

986 1770 1123 1805 offertur,
1148 1770 1168 1799 ii
1193 1769 1346 1804 nesciunt,
1369 1779 1408 1798 an
1421 1768 1502 1808 fides
1526 1766 1567 1797 rei
1592 1767 1645 1797 ha-

985 1819 1087 1848 benda
1111 1819 1170 1855 sit;
1193 1817 1297 1858 itaque
1320 1815 1503 1857 aliquandiu
1525 1816 1645 1846 animus

985 1868 1114 1897 fluctuat
1137 1867 1215 1896 inter
1234 1866 1374 1895 timorem
1389 1871 1419 1895 et
1434 1864 1593 1905 gaudium,
1610 1870 1644 1894 ut

985 1915 1078 1945 etiam
1105 1914 1302 1955 Pygmalion,
1326 1925 1355 1943 x.
1379 1913 1453 1943 287.
1498 1912 1644 1942 Menardi

985 1965 1044 1993 MS
1070 1975 1120 1993 nec
1140 1965 1244 1997 dubia,
1263 1962 1345 2002 quod
1358 1963 1558 1992 Burmannus
1579 1963 1642 1992 ele—

985 2012 1109 2052 gantius
1132 2011 1306 2052 judicabat.
1352 2011 1450 2040 Male.
1498 2010 1641 2045 Munera,

984 2060 1194 2101 ἀντιθῆματα,
1211 2070 1279 2100 quae
1298 2059 1336 2089 ob
1353 2059 1502 2089 auxilium
1524 2059 1643 2099 praesti-

986 2115 1051 2139 tum
1068 2109 1144 2149 grati
1163 2108 1258 2138 animi
1275 2118 1371 2138 causa
1388 2107 1420 2137 in
1441 2108 1555 2149 templo
1577 2118 1643 2137 sus-

985 2157 1210 2198 pendebantur,
1222 2162 1253 2186 et
1264 2157 1340 2186 Deae
1357 2155 1527 2197 potentiam
1539 2156 1644 2186 decla-

986 2208 1105 2236 rabant.
1142 2206 1295 2241 Tibullus,
1312 2206 1341 2236 Ι.
1358 2205 1401 2235 iii.
1416 2207 1470 2235 27.

1029 2256 1101 2285 792.
1126 2256 1254 2285 Addunt
1277 2262 1303 2283 et
1332 2254 1485 2293 titulum.]
1520 2253 1643 2284 Titulus

984 2309 1152 2343 conceptus
1177 2309 1242 2333 erat
1266 2302 1350 2332 brevi
1372 2302 1519 2332 carmine.
1567 2302 1642 2331 Car-

984 2362 1047 2382 men
1060 2351 1097 2381 de
1108 2350 1304 2392 inscriptione
1316 2351 1408 2381 unius
1418 2361 1481 2380 ver.
1490 2356 1538 2381 est
1549 2351 1641 2381 etiam

983 2399 1015 2429 in
1032 2400 1119 2440 Yirg.
1136 2401 1213 2429 AEn.
1231 2399 1275 2429 iii.
1293 2401 1366 2430 285.
1415 2400 1542 2429 Carmen
1558 2398 1641 2429 enim

983 2448 1082 2478 omnis
1109 2448 1238 2478 formula
1269 2448 1450 2478 verborum:
1484 2447 1641 2478 interdum

980 2496 1045 2537 ipse
1060 2496 1169 2526 titulus
1184 2508 1300 2527 carmen
1318 2496 1450 2533 dicitur3
1472 2495 1542 2526 vide
1558 2496 1638 2526 Dra-

980 2546 1073 2575 kenb.
1092 2545 1132 2575 ad
1146 2545 1267 2581 Silium,
1283 2546 1324 2576 ix.
1341 2546 1416 2575 266.
1462 2544 1558 2585 Apud
1573 2545 1640 2574 An-

979 2600 1044 2624 ton.
1066 2594 1200 2624 Liberal.
1226 2605 1285 2625 non
1312 2604 1423 2624 munus
1449 2603 1520 2623 cum
1547 2593 1638 2623 titulo

981 2643 1081 2678 datur,
1096 2642 1151 2672 sed
1167 2642 1243 2673 ritus
1259 2643 1337 2674 sacri
1353 2643 1384 2672 in
1401 2641 1443 2672 rei
1459 2640 1638 2672 memoriam

980 2690 1193 2720 instituuntur.
