1779 3130
259 165 342 206 126
643 164 694 205 P.
728 163 939 206 OVIDII
973 163 1251 206 NASONIS

260 277 404 325 Hanc
430 278 521 324 tibi
547 293 624 324 res
648 278 849 325 adimit:
888 294 988 325 non
1013 285 1062 326 te
1087 278 1314 325 custodia
1337 294 1450 325 caro

258 355 412 402 Arcet
432 355 493 401 ab
520 354 771 416 amplexu,
802 371 893 401 nec
919 356 1052 402 cauti
1078 372 1196 403 cura
1220 355 1459 417 magistri,
1538 356 1634 401 750

260 431 375 477 Non
394 431 548 493 patris
573 430 834 493 asperitas,
862 447 957 477 non
985 448 1037 478 se
1063 440 1212 494 negat
1236 432 1346 494 ipsa
1370 431 1577 493 roganti.

261 507 368 554 Nec
393 514 559 554 tamen
584 515 661 554 est
681 508 919 570 potiunda
943 509 1033 555 tibi
1053 526 1062 556 :
1103 524 1212 563 nec,
1234 515 1287 554 ut
1311 507 1476 554 omnia
1499 507 1635 561 fiant,

260 583 387 630 Esse
411 590 552 646 potes
577 583 725 639 selix;
767 591 823 630 ut
848 584 1014 646 Dique
1043 584 1368 647 hominesque
1392 585 1634 630 laborent.

261 660 407 707 Nunc
428 676 628 723 quoque
645 668 864 707 votorum
889 677 1002 723 pars
1018 678 1116 708 una
1136 669 1212 707 est
1236 677 1363 707 vana
1385 675 1605 707 meorum
1623 675 1634 706 z

261 736 425 799 Dique
441 736 559 783 mihi
575 736 759 791 faciles,
773 737 1018 799 quidquid
1032 738 1244 791 valuere,
1261 737 1520 784 dederunt.
1543 738 1638 782 755

262 812 509 876 Quodque
546 829 654 875 ego,
693 814 798 860 vult
840 814 1047 876 genitor,
1085 815 1193 860 vult
1233 814 1358 876 ipsa,
1397 828 1639 874 socerque

458 889 678 945 futurus3

261 964 328 1011 At
350 981 447 1011 non
472 965 577 1011 vult
604 965 809 1020 Natura,
836 966 1082 1029 potentior
1106 965 1333 1012 omnibus
1360 964 1484 1020 istis,

262 1040 383 1095 Quae
410 1041 527 1087 mihi
552 1042 657 1088 sola
680 1049 852 1090 nocet:
880 1044 1014 1090 venit
1038 1058 1155 1089 ecce
1181 1041 1399 1105 optabile
1424 1047 1638 1104 tempus,

264 1116 473 1180 Luxque
493 1118 676 1180 jugalis
702 1120 859 1174 adest,
888 1126 942 1166 ut
960 1120 1064 1181 jam
1090 1134 1200 1165 mea
1223 1119 1308 1165 fiat
1333 1117 1537 1173 Ianthe3

263 1193 371 1241 Nec
395 1195 511 1240 mihi
538 1195 814 1257 continget:
842 1197 1018 1243 mediis
1039 1196 1261 1243 sitiemus
1287 1196 1336 1242 in
1356 1194 1516 1241 undis.
1546 1197 1642 1241 760

260 1270 494 1318 Pronuba
536 1271 656 1334 quid
702 1271 731 1318 J
737 1289 848 1328 uno,
897 1273 1017 1335 quid
1066 1272 1127 1320 ad
1175 1273 1297 1327 haec,
1349 1270 1637 1334 Hymenaee,

461 1347 636 1394 venitis

263 1423 430 1478 Sacra,
450 1424 630 1487 quibus
647 1424 731 1486 qui
746 1425 897 1471 ducat
911 1425 1068 1480 abest,
1082 1425 1166 1471 ubi
1183 1423 1414 1470 nubimus
1430 1423 1642 1470 ambae?'⁷

261 1499 451 1546 Pressit
476 1501 536 1547 ab
561 1500 636 1547 his
661 1517 859 1549 vocem:
897 1518 986 1548 nec
1013 1500 1172 1548 lenius
1198 1501 1351 1547 altera
1373 1500 1508 1562 virgo

264 1575 485 1631 AEstuat3
526 1583 681 1638 utque
707 1578 838 1624 celer
862 1578 1046 1633 venias,
1077 1576 1367 1640 Hymenaee,
1394 1583 1640 1640 precatur.

263 1651 408 1705 Quod
435 1651 559 1714 petit
583 1653 704 1708 haec,
732 1653 1002 1701 Telethusa
1027 1654 1223 1709 timens,
1251 1654 1396 1700 modo
1422 1661 1645 1716 tempora

460 1728 623 1775 differt
641 1747 651 1786 3

265 1868 454 1903 Burmanno,
470 1867 544 1908 quia
560 1872 590 1898 et
602 1867 822 1907 i.463.sucere
836 1879 913 1897 amo-

1549 1732 1644 1776 765

985 1868 1053 1898 vitae
1068 1873 1098 1898 et
1114 1878 1232 1898 morum
1248 1879 1254 1903 ;
1276 1866 1401 1897 Terent.
1417 1865 1554 1908 Adelph.
1570 1867 1598 1896 I.
1616 1866 1637 1896 i.

263 1928 347 1953 rem;
385 1926 565 1957 quanquam
597 1926 657 1946 non
684 1923 788 1956 negat,
818 1919 917 1956 capiat
983 1918 1037 1947 21.
1084 1918 1113 1947 A
1140 1915 1297 1951 Juvenali,
1326 1915 1377 1946 vii.
1407 1917 1480 1946 218.
1509 1921 1641 1946 vocatur

263 1976 388 1994 amorem
412 1974 499 2005 posse
520 1964 610 1999 sumi,
626 1969 660 1994 ut
676 1975 764 1995 versu
781 1966 855 1995 615.
873 1977 917 1995 ca—

263 2025 332 2051 pere
361 2015 458 2043 mdia.
512 2013 593 2043 Mihi
624 2014 709 2044 locus
742 2014 856 2054 optime
888 2024 919 2044 se

266 2062 380 2092 habere
406 2062 538 2092 Videtur.
585 2063 627 2092 st
651 2073 754 2100 cupere
770 2063 920 2102 staminias,

264 2112 494 2152 spem‚sastnm,
511 2116 541 2141 et
562 2111 686 2146 similia,
705 2111 748 2141 sie
770 2117 801 2141 et
819 2123 922 2150 cupere

263 2172 391 2191 amorem.
410 2160 448 2190 de
468 2160 534 2201 ejus
553 2159 660 2196 initis,
675 2171 743 2201 quae
759 2168 851 2202 capta
867 2160 920 2190 de-

266 2208 338 2239 inde
355 2215 531 2247 pascuntur.

309 2257 383 2287 749.
406 2257 496 2286 Hanc
512 2258 565 2286 tibi
583 2268 626 2287 res
642 2257 775 2296 adimit]
795 2256 921 2293 Omnia,

266 2315 335 2346 quae
366 2305 542 2336 amantibus
568 2315 650 2347 saepe
679 2305 809 2336 adversa
835 2311 918 2341 sunt,

266 2353 342 2384 mihi
358 2353 483 2391 fave1it3
507 2353 573 2384 sola
591 2360 702 2384 natura
722 2354 797 2384 mihi
821 2361 922 2385 nocet.

267 2402 411 2442 Magistri
430 2412 446 2432 e
468 2402 545 2433 Cod.
571 2403 714 2433 Francos.
738 2408 769 2432 et
795 2403 831 2432 18
855 2402 923 2433 aliis

266 2457 347 2481 recte
373 2451 523 2481 Burman.
552 2450 679 2492 recepit,
708 2461 804 2492 quum
833 2457 924 2482 antea

265 2501 367 2529 mariti
383 2499 536 2534 ederetur,
549 2499 631 2540 quod
648 2500 733 2530 nullo
749 2500 838 2529 modo
852 2500 921 2530 ferri

265 2552 396 2587 poterat.
441 2546 472 2576 Si
493 2549 667 2588 magistrum
689 2547 836 2588 intelligis
852 2547 921 2578 lite-

265 2606 313 2626 ras
331 2595 492 2626 docentem
511 2606 528 2627 e
546 2608 611 2627 ver.
629 2597 704 2626 717.
721 2599 855 2627 custodiri
873 2607 919 2627 re-

265 2643 391 2676 ferenda
407 2650 452 2675 est
467 2644 505 2675 ad
519 2645 736 2686 pzedagogum,
750 2645 803 2686 qui
819 2646 921 2686 pueris

266 2692 439 2734 puellisque
461 2693 644 2729 addebatur,
659 2700 693 2725 ut
716 2700 797 2726 esset
818 2701 921 2725 custos

984 1966 1123 2004 discipuli
1158 1972 1273 1999 (ωιτν),-

1305 1965 1342 1993 ab
1380 1964 1488 1993 Horat.
1516 1964 1544 1993 Ι.
1576 1963 1644 1993 Od.

987 2014 1139 2045 xxxvi.8.
1164 2024 1208 2043 rei
1235 2015 1369 2051 puertia.
1394 2013 1543 2042 liurman.
1568 2023 1642 2042 vero

988 2065 1125 2104 magistri
1141 2062 1262 2092 nomine
1283 2071 1364 2091 nunc
1386 2061 1474 2091 illum
1495 2066 1644 2092 rectorem

989 2118 1020 2142 et
1041 2111 1200 2142 custodem
1218 2110 1357 2140 indicari.
1401 2110 1489 2139 Tunc
1512 2112 1647 2140 custodia.

989 2160 1095 2190 matris
1120 2165 1224 2195 essem
1266 2160 1376 2188 Horat.
1402 2158 1427 2187 l.
1452 2159 1511 2198 Ep.
1540 2158 1561 2188 i.
1590 2160 1644 2188 22.

988 2220 1057 2249 qnos
1084 2210 1162 2238 dura
1194 2210 1301 2246 premit
1334 2209 1469 2238 custodia.
1496 2214 1640 2238 matrum.

990 2258 1072 2288 Vide
1103 2267 1158 2288 nos
1186 2256 1225 2286 ad
1255 2255 1404 2292 Plinium,
1428 2256 1470 2287 V.
1498 2256 1556 2297 Ep.
1582 2256 1646 2287 xvi.

989 2308 1018 2336 3.

1033 2356 1104 2385 754.
1131 2354 1223 2385 Nunc
1244 2365 1366 2394 quoque,
1390 2364 1485 2394 quum
1506 2354 1560 2384 Dii
1581 2364 1646 2384 om-

990 2403 1041 2434 nia
1064 2403 1229 2438 dederunt,
1252 2413 1322 2444 quae
1347 2408 1487 2444 potuere,
1510 2413 1644 2434 amorem

989 2458 1142 2487 mutuum,
1170 2461 1355 2482 consensum
1380 2457 1555 2492 parentum,
1584 2457 1646 2482 etc.

990 2510 1053 2531 una
1066 2510 1137 2541 pars
1151 2505 1290 2529 votorum
1304 2509 1450 2535 meorum,
1464 2499 1563 2530 coitus
1579 2499 1647 2530 scil.

990 2550 1090 2585 abest,
1108 2554 1139 2579 et
1155 2547 1241 2578 irrita
1256 2548 1332 2579 facit
1346 2547 1461 2578 omnia.

1033 2598 1104 2628 760.
1131 2597 1239 2626 Mediis
1254 2598 1384 2627 sitiemus
1401 2599 1430 2626 ιἰι
1449 2598 1563 2637 mulia]
1589 2597 1645 2627 Al-

989 2645 1069 2676 ludit
1086 2645 1124 2675 ad
1141 2644 1277 2675 fabulam
1292 2645 1431 2675 Tantali.

1032 2695 1104 2725 763.
1135 2696 1179 2724 Ab
1205 2694 1277 2733 his]
1316 2695 1388 2725 Post
1415 2695 1491 2729 haec,
1517 2700 1550 2725 ut
1581 2693 1644 2726 viii.
