1779 3130
250 188 336 230 368
559 189 609 228 Ρ.
643 186 857 228 OVIDII
891 187 1187 237 NASONIS,
1221 190 1350 231 ETC.

255 302 425 364 thue
452 300 587 355 mihi,
616 316 930 363 quaecunque
955 301 1126 358 feram,
1155 303 1382 350 mortalia
1405 304 1625 358 demant,

251 377 526 431 Oceanum,
554 376 858 440 Tethynque
884 386 1082 440 rogant:
1114 395 1207 441 ego
1227 380 1407 426 lustror
1428 380 1490 426 ab
1516 380 1634 435 illis;

249 453 314 500 Et
336 460 581 516 purgante
606 453 744 501 nefas
771 454 942 501 novies
969 456 1087 501 mihi
1114 456 1329 502 carmine
1355 456 1489 502 dicto

249 531 462 577 Pectora
486 530 773 577 fluminibus
793 532 974 593 jubeor
999 549 1279 595 supponere
1306 541 1523 579 centum.

248 605 357 653 Nec
384 623 545 663 mora;
586 607 792 653 diversis
818 607 946 670 lapsi
971 608 1033 654 de
1061 608 1284 671 partibus
1311 624 1500 663 amnes,
1540 610 1633 655 954

244 681 473 745 Totaque
498 690 754 729 vertuntur
778 699 927 745 supra
951 692 1104 746 caput
1130 699 1331 746 aequora
1356 695 1593 730 nostrum.

248 758 506 806 Hactenus
533 766 645 806 acta
663 759 754 806 tibi
781 776 987 822 possum
1014 761 1335 806 memoranda
1359 760 1565 816 referre;

247 834 504 882 Hactenus
522 843 573 882 et
593 836 793 882 memini
815 855 823 893 ;
856 853 946 883 nec
967 853 1108 883 mens
1132 853 1241 883 mea
1264 845 1444 883 caetera
1463 835 1633 884 sensit.

247 911 370 965 Quae
397 919 663 974 postquam
689 912 851 968 rediit,
881 913 1030 959 alium
1057 929 1135 959 me
1161 929 1365 976 corpore
1390 920 1509 967 tote,

245 987 319 1034 Ac
340 988 529 1035 fueram
554 1005 726 1051 nuper,
755 1006 847 1036 nec
876 991 1090 1036 eundem
1115 997 1298 1045 mente,
1326 989 1508 1051 recepi.
1541 991 1635 1034 959

248 1063 391 1111 Hanc
417 1081 509 1126 ego
534 1072 640 1111 turn
665 1066 876 1128 primum
902 1065 1109 1112 viridem
1139 1065 1385 1127 ferrugine
1411 1065 1634 1118 barbam,

246 1141 617 1204 Caesariemque
634 1158 810 1197 meam,
826 1158 977 1204 quam
994 1143 1140 1205 longa
1160 1158 1247 1205 per
1267 1157 1467 1204 aequora
1480 1156 1634 1195 verro,

246 1217 585 1280 Ingentesque
611 1219 858 1274 humeros,
886 1227 935 1265 et
956 1220 1134 1266 caerula
1157 1219 1361 1265 brachia
1384 1217 1500 1271 vidi,

247 1294 508 1356 Cruraque
529 1294 789 1357 pinnigero
815 1304 1017 1343 curvata
1041 1297 1308 1343 novissima
1332 1295 1487 1358 pisce.

247 1369 379 1423 Quid
395 1378 560 1417 tamen
576 1371 902 1434 haecspecieS,
917 1373 1036 1435 quid
1050 1373 1138 1418 Dis
1154 1372 1400 1435 placuisse
1416 1370 1634 1427 marinis,

242 1446 375 1500 Quid
394 1449 534 1509 juvat
554 1464 664 1494 esse
686 1449 864 1504 Deum,
884 1450 924 1495 si
944 1457 997 1496 tu
1018 1466 1115 1496 non
1135 1448 1354 1510 tangeris
1375 1448 1509 1494 istis?
1536 1450 1630 1494 965

311 1523 452 1570 Talia
476 1524 740 1579 dicentem,
769 1525 1018 1572 dicturum
1047 1527 1202 1589 plura,
1230 1525 1430 1586 reliquit

246 1599 416 1662 Scylla
443 1600 633 1648 Deum:
669 1601 786 1648 furit
810 1603 910 1657 ille,
940 1602 1260 1664 irritatusque
1284 1601 1499 1664 repulsa,

246 1676 539 1738 Prodigiosa
564 1678 689 1740 petit
713 1677 970 1725 Titanidos
997 1679 1121 1726 atria
1148 1678 1335 1725 Circes.

286 1790 360 1820 946.
386 1791 521 1820 Alterius
545 1797 672 1826 nutura',
690 1791 818 1821 alterius
842 1792 903 1822 ele-

244 1839 352 1874 menti,
374 1849 476 1880 aquae.
522 1840 666 1870 Lactant.
682 1840 714 1870 in
738 1841 816 1881 Arg.
833 1844 906 1871 alie-

245 1895 335 1918 natus
358 1895 452 1918 mente
470 1900 499 1918 ea
523 1890 585 1919 ulto
607 1899 634 1918 se
651 1892 851 1928 parcipitur-it
874 1892 906 1920 in

242 1938 377 1978 pelagus.

286 1987 361 2016 947.
388 1986 515 2015 Restare
543 1987 603 2016 Ioco
629 1997 682 2027 pro
708 1988 762 2016 diu
788 1986 905 2027 recepit

244 2034 391 2064 Heinsius
414 2045 450 2064 ex
475 2045 546 2064 uno.
592 2035 687 2074 Regii
709 2035 833 2065 codices
848 2035 903 2064 ha-

242 2083 318 2112 bent
333 2084 406 2119 diu5
433 2089 464 2113 et
479 2084 558 2113 bene
579 2090 646 2113 est:
672 2094 732 2113 non
751 2083 836 2124 potui
858 2095 903 2114 re—

242 2131 349 2162 sistere
380 2131 488 2166 amori,
521 2138 552 2162 et
585 2132 750 2174 cupiditati
781 2132 906 2163 alterius

243 2185 374 2211 naturae.
421 2181 465 2211 [t
494 2181 658 2215 Hercules,
683 2182 725 2211 ix,
750 2182 812 2211 262
837 2192 905 2222 sqq.

242 2229 384 2264 flammis,
402 2229 445 2259 sic
462 2230 605 2260 Glaucus
628 2229 808 2260 lustratione
825 2240 905 2260 mor-

243 2277 397 2308 talitatem
418 2279 516 2309 exuit.
563 2279 678 2309 Nescio
700 2289 739 2309 an
756 2281 904 2318 partibus,

242 2337 296 2356 ver
317 2327 389 2358 954.
406 2327 498 2357 trium
521 2328 612 2358 MSS.
629 2327 811 2358 auctoritate
835 2328 905 2369 jure

243 2382 397 2406 mutatum
422 2375 462 2406 sit
484 2377 523 2407 ab
546 2376 675 2407 Heinsio
698 2376 729 2407 in
746 2377 905 2418 fontibus.-

241 2432 341 2463 parres
364 2435 447 2455 nunc
470 2432 542 2456 sunt
564 2426 637 2457 coeli
656 2427 808 2467 regiones,
824 2433 858 2456 ut
874 2426 905 2457 ii.

247 2474 326 2511 1603
351 2474 393 2504 xi.
411 2476 486 2505 490.

285 2523 358 2553 956.
392 2523 708 2564 Hactenus—sensit]
749 2525 814 2555 Hos
844 2524 906 2555 duo

245 2579 362 2605 versus,
390 2576 425 2601 ut
448 2571 539 2602 valde
564 2572 690 2612 frigidos
714 2578 745 2602 et
766 2573 901 2614 jejunos,

242 2618 395 2648 tollendos
440 2631 506 2650 esse
549 2622 694 2662 opinatur
739 2622 899 2652 Heinsius.

242 2666 346 2695 Alium
368 2680 411 2697 me
432 2671 527 2708 recepi
549 2669 672 2710 egregie
696 2669 733 2700 de
757 2670 899 2701 transfor-

242 2719 335 2744 mato,

1017 1793 1091 1822 960.
1119 1790 1432 1832 Viridemferrugine,
1450 1789 1616 1819 caeruleam
1631 1802 1636 1818 z

964 1841 1099 1882 ferrugo
1115 1846 1161 1871 est
1175 1840 1245 1870 ferri
1259 1839 1344 1880 politi
1362 1844 1394 1868 et
1406 1837 1520 1867 alento
1535 1837 1636 1868 calore

974 1890 1138 1930 temperati
1163 1889 1257 1919 color.
1302 1887 1384 1917 Hinc
1409 1887 1491 1918 Non.
1518 1887 1580 1917 xvi.
1606 1887 1636 1916 7.

978 1939 1050 1968 Vere
1066 1939 1272 1979 ferrugineus
1300 1938 1380 1966 color
1409 1937 1553 1966 etri-uleus
1581 1943 1635 1966 est.

977 1987 1111 2020 Vei-rere,
1141 1992 1175 2016 ut
1210 1985 1385 2021 αἶθύσσειυ,
1420 1985 1459 2015 de
1496 1985 1637 2015 fluitante

974 2042 1059 2065 motu
1076 2035 1279 2076 capilloru1n3
1304 2033 1508 2070 Claudianus,
1521 2045 1551 2063 x.
1566 2035 1635 2064 145.

972 2084 1010 2114 de
1036 2084 1174 2118 Tritone,
1200 2085 1305 2112 undosi
1334 2084 1489 2112 verrebant
1513 2084 1634 2113 brachia

971 2135 1077 2162 crines.
1115 2131 1240 2173 Proprie
1256 2142 1324 2161 carso
1331 2133 1386 2161 ries
1401 2132 1493 2161 verrit
1507 2143 1634 2170 (equora,

971 2181 1037 2211 sed.
1054 2181 1084 2212 h.
1100 2181 1121 2211 l.
1143 2192 1227 2221 quam
1252 2191 1346 2215 verro,
1363 2180 1513 2210 verrendo
1537 2180 1634 2216 traho,

971 2242 1023 2269 per
1038 2242 1153 2270 a’quora
1167 2242 1177 2266 ,·
1203 2229 1307 2260 confer
1323 2229 1363 2260 ad
1379 2240 1444 2260 ver.
1462 2231 1534 2260 492.
1581 2229 1635 2259 Ιη-

970 2286 1071 2320 gentes
1081 2281 1207 2314 humeri,
1219 2284 1250 2309 et
1264 2278 1329 2308 xiv.
1348 2279 1379 2308 8.
1394 2290 1505 2319 magna
1515 2289 1633 2314 manus,

973 2328 1047 2368 quia
1057 2328 1124 2369 jam
1134 2328 1224 2358 Deus
1239 2327 1358 2364 sactus;
1374 2327 1469 2368 paulo
1484 2332 1556 2357 ante
1571 2337 1636 2357 ver.

973 2378 1048 2407 895.
1065 2377 1141 2407 Acis
1158 2379 1253 2415 mqiur·
1268 2376 1380 2406 factus.

1015 2427 1090 2456 968.
1117 2426 1293 2466 Prodigiosa
1319 2427 1417 2461 atria,
1443 2423 1526 2454 aedes
1547 2434 1633 2454 mon-

973 2481 1102 2505 strorum
1123 2475 1243 2516 plenas.
1292 2474 1445 2504 Titanidos
1469 2473 1581 2508 Circes,
1601 2474 1634 2502 fi-

972 2524 1021 2554 liae
1038 2523 1127 2559 Solis,
1139 2525 1191 2565 qui
1207 2534 1223 2553 e
1236 2523 1383 2553 Titanum
1398 2522 1515 2552 familia
1529 2528 1561 2553 et
1576 2533 1634 2552 nu-

973 2583 1057 2602 rnero
1073 2578 1151 2602 erat.
1198 2573 1329 2602 Veteres
1346 2571 1476 2611 magicae
1490 2570 1564 2601 artis
1579 2581 1634 2612 pe-

968 2622 1042 2651 ritas
1057 2631 1164 2651 omnes
1179 2621 1259 2651 Solis
1274 2620 1353 2650 filias
1368 2620 1515 2650 dicebant
1527 2631 1535 2658 3
1559 2619 1631 2649 hinc

968 2675 999 2700 et
1014 2669 1103 2700 Circe
1126 2669 1198 2700 talis
1212 2668 1347 2709 fingitur,
1362 2669 1478 2699 Medea
1501 2673 1531 2699 et
1551 2667 1632 2699 aliae.

970 2719 1018 2749 De
1037 2720 1122 2748 Circe
1144 2719 1215 2749 vide
1233 2719 1321 2759 plura
1337 2718 1375 2748 ad
1393 2719 1454 2748 xiv.
1473 2719 1523 2748 10.
