1779 3130
355 160 971 202 METAMORPHOSEON
1007 159 1126 200 LIB.
1161 159 1294 199 XIV.
1430 160 1514 199 403

134 273 286 319 Arma
310 273 472 320 AEtola
497 273 606 327 sibi,
637 273 808 319 Rutuli
835 273 940 320 sine
966 273 1147 318 viribus
1173 272 1266 318 illis
1304 272 1511 333 [cruoris

136 349 277 395 Bella
314 349 553 395 instructa
591 356 795 410 gerunt;
849 349 1158 410 multumque
1202 349 1263 394 ab
1301 355 1512 410 utraque

133 425 284 471 Parte
310 425 476 470 datur:
506 424 598 470 fert
618 440 735 471 ecce
757 425 924 470 avidas
951 426 997 470 in
1026 425 1172 486 pinea
1196 424 1390 470 Turnus
1417 428 1512 471 530

133 500 460 555 Textafaces3
477 501 719 562 ignesque
731 501 923 554 timent,
937 501 1117 562 quibus
1132 501 1509 563 undapepercit.

131 577 346 638 Jamque
364 576 524 638 picem
536 584 748 631 etceras,
763 577 1096 638 alimentaque
1107 584 1287 622 caetera
1302 577 1511 622 flammae

134 653 381 699 Mulciber
406 653 596 705 urebat,
618 667 807 713 perque
830 652 984 697 altum
1010 652 1072 698 ad
1096 652 1303 697 carbasa
1328 652 1511 698 malum

133 728 262 783 Ibat,
290 736 340 774 et
364 729 577 774 incurvae
602 727 858 774 fumabant
883 736 1095 774 transtra
1119 728 1326 784 carinae;

134 804 299 858 Quum
324 820 510 850 memor
535 804 623 850 has
650 803 794 865 pinus
822 803 955 849 Idaeo
979 803 1163 849 vertice
1188 819 1341 849 caesas

1417 806 1511 849 535

136 880 320 927 Sancta
347 880 510 927 Deum
537 881 778 941 genetrix,
806 880 1063 926 tinnitibus
1089 895 1203 926 aera
1227 879 1356 942 pulsi

132 956 277 1012 AEris,
305 964 354 1003 et
379 956 532 1003 inflati
559 957 823 1018 complevit
848 972 1095 1002 murmure
1122 956 1269 1002 buxi:

132 1032 331 1093 Perque
356 1033 488 1078 leves
514 1032 713 1078 domitis
740 1031 934 1078 invecta
958 1032 1184 1078 leonibus
1211 1047 1369 1086 auras,

133 1114 162 1130 “
187 1108 331 1155 Irrita
355 1109 596 1169 sacrilega
613 1111 773 1169 jactas
799 1109 1030 1155 incendia
1054 1109 1244 1162 dextra,

1416 1112 1511 1155 539

131 1183 344 1238 Turne,''
369 1184 463 1240 ait3
507 1185 770 1247 “eripiam,
799 1201 889 1231 nec
918 1201 996 1231 me
1024 1185 1242 1247 patiente
1270 1185 1511 1231 cremabit

132 1259 268 1321 Ignis
294 1261 423 1306 edax
449 1277 705 1306 nemorum
731 1268 894 1323 partes
920 1268 971 1307 et
996 1261 1217 1307 membra
1242 1260 1512 1306 meorum.’'

132 1335 354 1382 Intonuit
378 1336 575 1383 dicente
604 1336 738 1383 Dea:
779 1335 1116 1397 tonitrumque
1142 1335 1297 1382 secuti

133 1413 261 1459 Cum
287 1413 494 1460 saliente
519 1428 694 1474 graves
719 1412 1009 1459 ceciderunt
1034 1411 1271 1473 grandine
1298 1412 1451 1458 nimbi
1473 1430 1483 1468 ;

130 1563 187 1586 tes.
235 1557 328 1585 Arma
344 1562 449 1596 negata
465 1566 480 1585 e
497 1555 628 1585 formula
643 1555 785 1592 sollenni,

129 1616 213 1634 arura
230 1606 361 1644 virosque
373 1606 510 1644 polliceri
522 1606 560 1634 ad
576 1605 696 1634 bellum.
734 1606 786 1634 In-

128 1655 220 1683 struit
244 1655 351 1683 bellum
373 1653 426 1694 qui
451 1658 549 1694 parat,
574 1652 688 1693 quibus
711 1664 788 1694 opus

130 1708 177 1731 est
193 1701 231 1732 ad
247 1702 376 1733 bellum.
420 1701 469 1731 Sic
491 1708 522 1731 et
543 1704 690 1732 instruere
708 1704 786 1737 odia,

130 1754 216 1782 iram.

173 1802 247 1831 530.
272 1800 343 1830 Fert
361 1801 449 1841 ⁸luces
473 1802 586 1835 ruritius,
611 1801 685 1840 quia
708 1800 788 1839 ignis

129 1849 249 1885 avidus,
266 1849 357 1879 edax.
406 1849 506 1884 Tarta,
521 1859 613 1879 naves
631 1861 637 1885 3
664 1849 733 1879 vide
749 1849 787 1879 ad

130 1898 171 1928 xi.
187 1899 249 1928 524
263 1910 270 1927 τ
301 1905 371 1929 ante
388 1899 472 1928 Dan.
488 1898 651 1928 Heinsium
674 1898 788 1928 edeba-

131 1953 178 1977 tur
203 1947 303 1977 Tecta.
350 1947 439 1988 Ignes
462 1949 578 1981 timent,
593 1947 657 1988 jam
680 1957 786 1976 veren-

129 1996 203 2026 dum
233 2002 309 2031 erat,
344 2007 381 2026 ne
411 1996 482 2036 igne
509 1995 656 2036 perirent.
704 1996 787 2025 Nota

130 2044 230 2074 lusum
250 2045 281 2074 in
302 2047 386 2084 ignes
406 2050 437 2074 ct
458 2046 551 2078 unda,
567 2049 661 2084 atque
683 2043 788 2074 confer

131 2094 205 2123 AEn.
221 2094 264 2123 ix.
283 2094 320 2122 71
338 2103 406 2134 sqq.

170 2144 243 2173 532.
271 2143 367 2172 Pit-em
395 2149 422 2172 et
447 2153 549 2177 ceras;
587 2141 658 2171 vide
682 2141 720 2171 ad
747 2141 786 2170 xi.

128 2192 204 2220 524.
244 2191 293 2221 Ire
308 2201 389 2231 saepe
405 2190 444 2220 de
459 2190 551 2221 celeri
569 2197 599 2220 et
612 2189 786 2220 vehementi

130 2245 226 2274 motu,
244 2239 294 2269 ubi
310 2239 434 2279 gravius
451 2240 575 2269 verbnm
593 2244 750 2279 expectes.

170 2289 243 2318 535.
270 2287 369 2321 Quum
386 2299 491 2317 memor
507 2289 568 2323 has,
585 2286 661 2326 etc.]
681 2286 787 2326 Digna

128 2346 176 2366 res
198 2335 262 2366 visa
283 2336 423 2375 Virgilio,
440 2336 478 2365 ad
501 2346 594 2376 quarn
614 2345 694 2365 nova
712 2335 784 2365 Mu-

129 2394 230 2414 sarum
257 2384 450 2414 invocatione
475 2384 627 2419 transiret,
647 2394 711 2413 ver.
735 2384 785 2413 77.

130 2431 197 2467 Ida,
215 2443 301 2462 mons
319 2443 405 2462 sacer
422 2432 564 2473 Pbrygiae
587 2432 675 2467 Deae,
697 2432 786 2472 (vide

130 2492 192 2512 ver.
214 2481 309 2519 541.)
331 2482 460 2512 materia
483 2481 674 2516 abundabat,
704 2481 786 2511 Ματι-

129 2541 217 2560 nares
232 2529 325 2560 etiam
342 2530 423 2571 apud
444 2531 554 2561 Horat.
569 2531 596 2560 Ι.
613 2530 674 2561 Od.
691 2542 740 2560 xv.
761 2531 786 2560 1.

131 2579 235 2608 Mater
255 2579 359 2609 Deum
377 2580 498 2615 :Eueae,
515 2590 611 2620 quum
627 2579 725 2609 classe
740 2579 785 2608 in—

131 2626 260 2667 digeret,
290 2627 414 2668 pineam
443 2627 550 2658 silvam
582 2627 638 2657 sibi
668 2637 787 2658 sacram

132 2674 270 2712 dederat,
281 2676 392 2707 Jovem
408 2682 544 2716 precata,
555 2686 593 2706 ne
609 2686 703 2706 naves
716 2675 788 2706 inde

855 1556 944 1587 factae
962 1561 1052 1585 vento
1067 1554 1131 1585 ullo
1148 1554 1354 1585 vincerentur.
1391 1554 1513 1595 Jupiter

855 1603 1044 1645 promiserat,
1071 1613 1103 1633 se
1131 1602 1213 1638 illas,
1242 1603 1293 1632 ubi
1323 1602 1415 1633 finem
1444 1613 1511 1643 por—

856 1658 967 1693 tusque
984 1652 1137 1683 Ausonios
1153 1651 1318 1685 tenuerint.
1335 1651 1366 1681 in
1383 1652 1514 1692 aequoris

858 1702 942 1731 Deas
956 1711 1022 1732 esse
1040 1706 1242 1731 mutaturum.
1287 1700 1337 1730 Sic
1354 1699 1514 1740 Virgilius,

857 1750 909 1791 qui
922 1750 1089 1780 adventum
1106 1750 1183 1779 Deae
1200 1749 1333 1779 breviter
1346 1749 1510 1779 describit:

857 1799 998 1839 “ingens
1036 1798 1130 1828 Visus
1166 1799 1204 1828 ab
1243 1798 1362 1827 Aurora
1396 1797 1511 1828 coelum

856 1853 1060 1878 transcurrere
1086 1847 1218 1882 nimbus,
1242 1846 1381 1887 Idaeique
1408 1846 1511 1876 chori:

856 1903 919 1926 tum
937 1907 995 1926 vox
1018 1896 1170 1926 horrenda
1191 1906 1245 1936 per
1266 1905 1355 1925 auras
1377 1895 1513 1930 Excidit,

856 1952 886 1975 et
900 1945 1014 1975 Troum
1030 1944 1280 1984 Rutulorumque
1296 1944 1419 1984 agmina
1430 1954 1513 1974 com-

856 1994 953 2034 plet.'’
999 1993 1076 2023 Haec
1103 1992 1195 2022 latius
1220 1993 1332 2022 Noster
1356 1992 1512 2022 tractavit.

858 2043 986 2072 Pulsum
1014 2054 1059 2077 ιω,
1088 2041 1244 2082 cymbala,
1275 2052 1344 2081 quae
1375 2041 1454 2071 inter
1480 2051 1512 2072 se

855 2101 1005 2121 concussa
1034 2093 1180 2121 tinnitum
1216 2090 1333 2120 dabant
1363 2096 1512 2125 acutum3

855 2139 923 2170 vide
946 2139 984 2169 ad
1002 2139 1044 2170 iii.
1063 2140 1135 2169 532.
1152 2138 1204 2168 ubi
1225 2149 1284 2168 arra
1303 2149 1359 2168 cere
1380 2139 1511 2177 repulsa.

855 2188 960 2217 Baius
973 2193 1080 2218 contra
1095 2198 1120 2217 s.
1133 2186 1210 2216 tibia
1221 2185 1359 2226 Phrygia
1373 2186 1512 2221 incurva,

853 2248 990 2266 murmur
1006 2237 1111 2271 dabat,
1128 2236 1158 2265 id
1181 2241 1226 2266 est
1245 2245 1353 2265 sonum
1374 2245 1512 2275 gravem.
1533 2232 1537 2236 “

856 2285 1016 2324 Complevit
1041 2284 1084 2315 ita
1109 2294 1181 2314 aera
1204 2294 1262 2324 ope
1286 2283 1510 2323 Corybantum,

853 2333 907 2374 qui
934 2332 1073 2364 comitari
1104 2333 1206 2363 Deam
1236 2331 1321 2362 illam
1356 2331 1511 2362 solebant.

853 2383 987 2424 Strepitu
1009 2387 1113 2413 autem
1137 2388 1363 2422 tympanorum,
1385 2380 1512 2420 cymba-

854 2432 951 2462 lorum
979 2437 1009 2462 et
1039 2431 1184 2461 tibiarum
1214 2428 1365 2460 declarari
1392 2429 1513 2460 solebat

853 2480 946 2510 etiam
964 2480 994 2509 in
1011 2479 1105 2509 sacris
1121 2479 1273 2509 adventus
1288 2477 1434 2518 Cybeles.
1460 2477 1510 2507 De

855 2530 985 2559 leonibus
1000 2528 1136 2569 Cybeles
1151 2527 1220 2558 vide
1237 2526 1276 2557 ad
1292 2537 1321 2556 x.
1339 2526 1411 2556 704.

898 2578 971 2608 543.
1002 2578 1118 2607 Saliens
1146 2577 1262 2617 grando
1291 2575 1444 2616 exquisite
1473 2575 1512 2605 de

855 2625 1006 2667 grandine
1042 2635 1060 2655 a
1093 2625 1281 2665 corporibus,
1311 2623 1424 2665 quibus
1454 2623 1511 2653 im-

856 2674 1004 2715 pingitur,
1016 2674 1169 2705 resiliente
1180 2684 1189 2711 3
1213 2683 1229 2703 e
1241 2672 1352 2713 virgil.
1365 2673 1481 2712 Georg.
1494 2671 1514 2701 i.
