1779 3130
366 167 986 210 METAMORPHOSEON
1021 169 1139 210 LIB.
1173 170 1308 210 VIII.
1503 173 1530 211 9

133 279 254 332 Quae
271 296 409 327 meus
428 289 504 328 est
518 282 667 336 orbis,
681 289 873 328 tantum
893 283 1179 344 contingere
1196 285 1519 330 monstrum.''

136 355 304 404 Dixit:
340 365 404 413 et,
427 365 480 404 ut
504 359 641 419 leges
667 359 826 421 captis
846 360 1154 421 justissimus
1182 366 1354 406 auctor
1430 363 1513 406 101

135 430 376 479 Hostibus
403 434 653 497 imposuit,
682 435 856 481 classis
882 435 1155 482 retinacula
1180 437 1301 482 solvi

130 506 318 565 Jussit;
360 515 411 556 et
437 517 612 556 aeratas
638 511 826 572 impelli
848 511 1032 572 remige
1058 527 1270 574 puppes,

134 583 318 646 Scylla,
345 585 470 632 freto
492 593 758 648 postquam
787 584 1029 632 deductas
1056 602 1173 632 nare
1200 586 1407 642 carinas,

131 658 240 706 Nec
266 669 500 723 praestare
526 661 706 708 ducem
733 661 934 708 sceleris
962 661 1055 707 sibi
1075 662 1278 724 praemia
1303 662 1440 716 vidit,

133 734 459 798 Consumptis
470 736 700 799 precibus
711 737 977 783 violentam
997 738 1173 783 transit
1193 738 1243 783 in
1263 737 1407 794 iram3
1428 741 1518 784 106

130 810 505 874 Intendensque
531 827 722 867 manus,
751 812 935 874 sparsis
962 811 1228 860 furibunda
1253 814 1463 876 capillis,

129 892 160 910 “
188 887 299 940 Quo
332 887 510 949 fugis,”
535 889 799 942 exclamat,
833 895 861 911 ‘⁴
890 888 1174 935 meritorum
1208 898 1408 936 auctore
1440 905 1515 936 re-

131 964 174 1010 O
203 964 373 1027 patriae
392 965 594 1027 praelate
617 981 756 1019 meae,
784 965 985 1027 praelate
1011 966 1240 1028 parenti?
1360 967 1516 1027 [licta‚

131 1039 242 1093 Quo
268 1039 413 1101 fugis,
441 1040 680 1087 immitis?
717 1042 860 1103 cujus
885 1041 1090 1088 victoria
1114 1049 1336 1089 nostrum
1426 1046 1517 1088 llo

131 1114 196 1162 Et
231 1116 411 1172 scelus,
439 1122 490 1163 et
526 1117 755 1164 meritum
793 1124 896 1163 est:
938 1133 1028 1164 nec
1065 1125 1115 1164 te
1147 1118 1264 1165 data
1292 1135 1512 1174 munera,

327 1209 417 1240 nec
444 1200 492 1240 te

130 1267 312 1315 Noster
337 1269 489 1315 movit
510 1284 660 1325 amor,
684 1285 774 1316 nec
798 1270 932 1331 quod
959 1286 1072 1333 spes
1099 1271 1258 1317 omnis
1283 1271 1333 1317 in
1360 1287 1512 1317 unum

126 1344 197 1392 Te
222 1361 334 1392 mea
357 1357 595 1407 congesta
619 1346 727 1392 est?
764 1363 877 1392 nam
904 1363 1002 1409 quo
1035 1348 1235 1394 deserta
1264 1349 1513 1395 revertar?

125 1471 230 1506 utitur,
248 1476 281 1501 ut
303 1470 501 1501 sanctitatem
524 1470 633 1501 insulae
650 1481 712 1501 suae
730 1471 783 1502 ad-

852 1471 941 1501 duxit
958 1471 1063 1501 Minos
1088 1471 1278 1512 ductamque
1302 1472 1333 1502 in
1354 1483 1438 1503 mare
1459 1474 1514 1504 ab·

124 1519 188 1550 dat.
236 1520 383 1550 Contactu
410 1519 570 1550 hominum
598 1519 785 1550 nefariorum
848 1518 903 1560 jici
923 1519 1034 1561 jussit:
1072 1519 1255 1555 Pausanias,
1281 1521 1352 1551 Cor.
1376 1532 1407 1562 p.
1435 1522 1509 1552 192.

125 1568 344 1610 polluebantur
359 1575 478 1599 sancta.

169 1618 240 1648 101.
266 1618 374 1654 Dixit,-
399 1624 490 1653 αμα
515 1620 601 1659 leges,
623 1618 700 1658 etc.]
728 1618 784 1648 Fe-

123 1667 218 1697 stinat
233 1672 262 1697 et
278 1667 391 1697 omittit
413 1667 676 1708 expugnationem
690 1667 784 1702 urbis,

124 1726 194 1757 quae
216 1715 258 1746 nil
275 1715 312 1745 ad
331 1726 406 1746 rem.
454 1718 579 1751 Auctor,
596 1716 716 1746 scilicet
738 1716 782 1746 le-

123 1774 208 1804 gum,
224 1763 393 1805 legislator.
439 1765 537 1795 Plane
560 1765 614 1799 sic,
637 1776 687 1795 κν.
709 1765 783 1795 833.

123 1813 162 1844 de
182 1813 336 1854 AugustO,
355 1815 485 1854 legesque
497 1814 584 1854 feret
597 1815 784 1853 justissimus

122 1869 237 1893 auctor.
268 1863 452 1901 Abjustitia
465 1867 496 1892 et
507 1862 654 1903 aequitate
668 1862 782 1904 passim

121 1911 268 1942 laudatur
305 1911 423 1942 Minos.
472 1911 661 1952 Propertius,
698 1911 782 1941 dicto

121 1961 208 1991 loco:
239 1961 339 1991 Victor
363 1967 427 1991 erat
457 1962 600 2000 quamvis,
626 1971 725 2000 a’quns
751 1963 782 1991 z'n

122 2010 288 2051 hostefuit.
321 2009 446 2050 Tragici
463 2014 566 2039 tamen
581 2009 684 2040 Graeci
700 2020 781 2046 eum,

122 2065 272 2100 tanquam
302 2058 399 2088 ferum
431 2063 595 2099 tyrannum
625 2058 781 2095 notarunt,

120 2112 243 2147 propter
258 2106 407 2136 tributum
424 2106 669 2137 Atheniensibus
682 2107 780 2148 impe-

121 2160 234 2186 ratum.
280 2154 502 2188 plutharchus.
527 2155 621 2185 Thes.
637 2165 707 2196 cap.
733 2156 782 2186 16.

127 2204 322 2240 Retinacula:
344 2204 518 2245 πείσματα,
544 2204 644 2240 funes,
670 2204 782 2245 quibus

122 2263 217 2284 naves
231 2253 441 2294 alligabantur
456 2253 487 2283 in
504 2253 603 2289 litore,
619 2264 657 2284 ne
674 2263 691 2283 a
706 2264 780 2284 ven-

120 2302 158 2332 tis
173 2301 357 2333 fiuctibusve
373 2302 575 2332 auferrentur.
620 2303 668 2333 Ea
684 2303 781 2338 solvit,

120 2351 174 2392 qui
208 2350 424 2392 proficiscitur.
480 2350 637 2390 Impellere
674 2362 778 2387 remos,

119 2410 228 2436 naves;
253 2406 307 2430 aut
327 2411 408 2429 mare
424 2401 521 2434 remis,
536 2399 662 2440 phrases
678 2400 778 2430 solen-

118 2459 192 2483 nes;
215 2448 287 2478 vide
302 2447 476 2478 Heinsium.

167 2497 236 2526 104.
273 2497 387 2535 Scylla,
401 2496 500 2536 freto,
525 2496 602 2536 etc.]
640 2496 666 2526 E
695 2505 775 2525 nave

117 2554 298 2586 suspensam
319 2544 457 2585 Scyllam
479 2554 532 2585 per
545 2554 629 2575 mare
645 2549 774 2574 tractam

117 2603 185 2624 esse
199 2603 218 2623 a
233 2593 340 2623 Minoe
358 2593 410 2623 alii
427 2599 562 2623 narrant.
598 2592 673 2623 Vid.
691 2593 777 2633 Hey-

119 2641 189 2671 nius
213 2641 253 2671 ad
275 2640 366 2681 Virg.
384 2641 483 2676 Cirin,
500 2651 589 2671 versu
614 2641 687 2671 389.
732 2640 778 2670 Ex

123 2689 184 2719 alia
213 2700 318 2719 rursus
350 2689 515 2719 traditione
551 2699 678 2719 uxorem
712 2698 780 2719 eam

169 2737 267 2767 VOL.
288 2737 348 2767 lv.

852 1568 913 1599 Sed
933 1568 1073 1610 aequitati
1093 1568 1210 1599 Minois
1231 1570 1330 1609 magis
1355 1570 1511 1606 convenit,

853 1617 935 1658 quod
953 1628 1022 1648 eam
1037 1617 1069 1647 in
1087 1617 1190 1658 patria
1204 1617 1363 1658 relinquit.
1410 1619 1512 1654 From,

853 1666 885 1696 in
900 1667 1023 1703 fretum,
1038 1666 1063 1696 si
1080 1666 1242 1707 conjungis
1261 1677 1332 1697 cum
1348 1669 1514 1705 deducam,-

853 1715 898 1745 sin
916 1726 986 1746 cum
1002 1727 1086 1749 nare,
1104 1715 1191 1746 deest
1207 1718 1249 1746 in.

897 1765 969 1794 108.
999 1766 1066 1798 Quo
1083 1764 1188 1805 jugis,
1210 1764 1292 1804 etc.]
1326 1764 1440 1794 Confer
1466 1765 1511 1796 la-

851 1820 956 1844 menta
980 1813 1094 1854 Scyllae
1124 1813 1207 1854 apud
1233 1812 1411 1853 Virgilium,
1436 1814 1511 1849 Ciri,

851 1863 914 1892 404
929 1873 997 1903 sqq.
1045 1862 1163 1892 Odium
1184 1862 1214 1892 in
1234 1861 1388 1902 ingratum
1404 1863 1513 1894 Minoa

851 1917 882 1941 et
906 1911 1077 1952 impietatis
1099 1910 1296 1951 miseriaeque
1318 1921 1381 1941 suae
1403 1922 1511 1942 sensus

851 1959 1080 1990 tumultuantur
1095 1959 1127 1989 in
1143 1959 1247 1989 animo
1263 1959 1388 2000 Scyllae.
1426 1961 1508 1991 Con—

849 2008 941 2044 vicia,
953 2019 1021 2049 quae
1037 2008 1065 2039 ei
1081 2008 1193 2049 ingrati
1207 2014 1237 2038 et
1252 2008 1380 2038 immitis
1392 2009 1510 2039 Minois

849 2057 995 2098 cogitatio
1010 2056 1199 2098 suppeditat,
1212 2067 1249 2086 ex
1267 2056 1382 2097 mythis
1397 2057 1509 2098 repeti-

849 2113 881 2137 ta
903 2111 984 2140 sunt,
1000 2109 1195 2145 tanguntque
1211 2104 1242 2134 in
1258 2104 1365 2145 primis
1379 2110 1507 2135 matrem

849 2160 880 2185 et
900 2154 1073 2195 conjugem.
1118 2153 1169 2183 Sic
1194 2152 1337 2188 efficitur,
1354 2157 1389 2183 ut
1409 2157 1507 2183 totum

849 2213 947 2244 genus
962 2202 1170 2234 abominabile
1185 2201 1336 2232 videatur.

895 2252 965 2281 lll.
991 2251 1032 2280 Et
1056 2252 1170 2286 scelus,·
1199 2249 1274 2290 quia
1298 2248 1433 2290 prodidit
1455 2259 1510 2290 pa-

849 2306 945 2331 trem:
985 2306 1013 2329 et
1046 2302 1211 2334 meritum;
1250 2298 1325 2339 quia
1358 2297 1507 2328 victorem

848 2348 923 2379 feeit
958 2348 1112 2378 Minoem.
1171 2347 1316 2387 Congesta
1353 2355 1425 2375 cum
1462 2346 1505 2375 vi.

848 2396 954 2433 Quum
984 2396 1036 2426 alii
1072 2395 1171 2425 multa
1198 2402 1229 2425 et
1258 2394 1343 2425 varia
1371 2400 1506 2434 sperent,

847 2455 917 2476 mea
932 2450 1004 2475 vota
1014 2444 1117 2475 omnia
1131 2445 1163 2474 in
1173 2448 1204 2474 te
1220 2443 1415 2484 conspirant;
1439 2453 1507 2472 σοπ-

845 2496 911 2535 geri
925 2494 1008 2523 enim
1024 2492 1169 2522 dicuntur
1181 2502 1251 2532 quae
1264 2492 1296 2521 in
1312 2501 1408 2521 unum
1423 2500 1507 2520 acer-

846 2553 917 2572 vum
939 2541 1148 2572 cumulantur.
1192 2541 1339 2579 Superata
1356 2542 1454 2579 jacet,
1471 2544 1505 2568 ut

845 2592 865 2621 i.
892 2591 962 2620 149.
986 2591 1064 2620 victa
1079 2591 1176 2629 jacet.
1224 2589 1361 2624 Manere,
1387 2592 1503 2617 statum

847 2638 1008 2680 pristinum
1023 2648 1155 2668 servare.

978 2735 1004 2765 C
