1779 3130
445 395 503 446 P.
546 392 807 447 OVIDII
850 396 1197 451 NASONIS

252 513 1377 623 METAMORPHOSEON

511 721 734 762 LIBER
780 722 1127 764 DECIMUS.

684 880 940 912 4-

738 1018 844 1049 FAB.
869 1019 896 1047 Ι.

124 1115 211 1172 IN
222 1127 313 1173 DE
341 1144 427 1190 per
452 1129 745 1175 immensum
771 1145 947 1175 croceo
973 1129 1165 1176 velatus
1192 1129 1375 1175 amictu

122 1202 253 1250 Aera
276 1203 564 1266 digreditur,
589 1206 934 1268 Ciconumque
962 1205 1267 1269 Hymenaeus
1294 1205 1356 1251 ad
1382 1221 1490 1251 oras

123 1278 318 1337 Tendit,
346 1288 397 1328 et
423 1281 626 1344 Orphea
650 1283 986 1344 nequicquam
1011 1298 1131 1328 voce
1156 1288 1375 1327 vocatur.

168 1478 279 1509 1—85.
298 1479 432 1518 Orpheus
449 1480 636 1520 Eurydicen,
653 1491 779 1522 serpen—

123 1532 162 1555 tis
178 1537 298 1557 veneno
323 1527 528 1565 interfectam,
545 1530 583 1560 ab
608 1529 713 1559 inferis
734 1540 780 1560 re-

121 1575 297 1607 ducendam
311 1577 455 1619 impetrat
467 1589 504 1609 ea
519 1579 600 1619 lege,
613 1579 637 1609 si
649 1590 781 1620 sequen-

124 1630 185 1654 tem
202 1636 262 1655 non
278 1626 433 1667 respiciat.
463 1628 555 1664 Quod
567 1639 663 1668 quum
675 1638 782 1658 amans

125 1674 251 1709 faceret,
269 1674 323 1704 illa
339 1675 378 1705 ad
401 1676 513 1705 inferos
528 1676 694 1714 relabitur·,
720 1678 778 1707 Or-

125 1722 222 1763 pheus
243 1730 357 1759 autem,
374 1731 475 1765 spreta
497 1725 634 1755 mulieris
652 1736 779 1756 consue-

125 1772 241 1808 tudine,
258 1784 368 1814 pueros
389 1784 491 1804 amare
506 1774 662 1804 Thracum
684 1785 779 1815 popu·

125 1820 169 1851 los
193 1821 303 1859 docet;
335 1822 496 1862 Virgilius,
513 1823 627 1862 Georg.
651 1822 693 1852 iv.
718 1823 779 1853 454

123 1881 190 1911 sqq.
205 1882 212 1907 3
236 1871 365 1906 Seneca,
384 1871 477 1901 Herc.
494 1871 566 1901 Fur.
582 1872 662 1909 5693
688 1872 780 1901 Herc.

123 1919 187 1950 OEt.
209 1921 286 1951 1031
311 1932 397 1961 sqq.;
421 1920 538 1950 Athen.
562 1920 626 1951 xiii.
650 1932 681 1961 p.
707 1921 782 1951 597.

124 1969 175 1999 ubi
198 1969 307 2011 fragm.
323 1981 360 2001 ex
385 1970 482 2011 elegis
505 1969 779 2004 Hermesianactis,

125 2018 269 2060 Apollod.
286 2020 313 2050 Ι.
328 2019 371 2050 iii.
383 2020 413 2049 2.
459 2018 614 2059 Hyginus,
631 2019 693 2049 fab.
711 2019 781 2049 164.

123 2067 244 2109 Nempe
257 2072 377 2098 mortua
387 2068 518 2109 conjuge
529 2068 680 2103 Aornum,
688 2067 783 2097 'l'hes-

124 2116 232 2157 protiae
256 2117 374 2152 urbem,
390 2117 443 2147 ubi
465 2116 716 2158 antiquissimum
733 2128 780 2147 νε-

121 2164 346 2205 κυομάντειον,
373 2166 528 2207 profectus
551 2175 618 2196 esse
641 2164 783 2201 traditur,

126 2215 177 2244 ubi
193 2214 365 2255 Eurydices
389 2215 523 2245 animam
546 2225 579 2244 se
600 2218 781 2254 sequentem

125 2262 228 2293 videre
257 2263 316 2293 sibi
343 2263 424 2294 visus
451 2269 516 2293 est:
543 2262 615 2292 vide
645 2263 782 2292 Pausau.

129 2313 228 2342 ssoeot.
254 2323 284 2353 p.
314 2312 386 2342 768.
438 2312 520 2342 Hinc
551 2316 625 2341 nata
653 2310 781 2340 fortasse

125 2361 242 2391 fabula.
287 2360 480 2401 Hymenaeus
496 2371 512 2390 e
529 2360 624 2390 Creta
639 2359 678 2388 ab
694 2357 781 2399 Iphi-

124 2409 172 2439 ‹lis
188 2408 303 2450 nuptiis
315 2416 441 2439 vocatus
453 2407 655 2449 proficiscitur
669 2406 708 2436 ad
721 2408 779 2437 Or-

126 2458 221 2499 pheus
232 2459 263 2488 in
277 2458 455 2488 Thraciam.
504 2458 590 2488 Croci
603 2467 677 2487 usus
687 2455 781 2486 etiam

126 2507 157 2537 in
173 2506 314 2537 tincturis
329 2513 404 2542 erat,
421 2506 492 2537 hinc
514 2507 670 2547 infectores
684 2516 779 2534 croco-

127 2559 197 2586 tarii
213 2556 295 2596 apud
314 2556 415 2585 Plaut.
433 2556 505 2586 Aul.
521 2555 564 2585 iii.
580 2557 610 2585 5.
659 2555 784 2584 croceus

126 2606 251 2635 amictus
261 2604 403 2635 tribuitur
414 2604 507 2634 etiam
520 2603 658 2638 Baccho,
669 2602 783 2632 Athen.

130 2665 157 2684 ν.
171 2665 201 2695 p.
216 2655 285 2684 198.
299 2661 330 2684 ct
341 2654 465 2689 Veneri,
478 2653 581 2683 Valer.
598 2653 703 2682 Flacc.
720 2651 780 2680 viii.

127 2703 205 2732 ‘2342
234 2702 302 2733 vide
322 2701 451 2732 Salmas.
468 2701 505 2732 ad
520 2700 637 2730 Tertul.
653 2698 690 2729 (le
712 2698 782 2728 Pal-

849 1481 900 1517 lio,
915 1492 946 1522 p.
962 1481 1035 1511 329.
1083 1479 1122 1508 Et
1137 1477 1162 1508 is
1176 1478 1260 1508 color
1276 1477 1420 1508 convenit
1432 1478 1512 1507 laeti-

850 1531 912 1566 tiae,
925 1529 1041 1571 nuptiis
1051 1529 1082 1559 in
1094 1527 1211 1570 primis.
1235 1527 1401 1557 Claudian.
1414 1527 1512 1568 Nupt.

850 1579 966 1609 Honor.
982 1579 1056 1609 211.
1103 1575 1280 1616 Hinc-flava
1293 1577 1430 1615 conjugio
1446 1577 1510 1605 vin·

850 1629 920 1657 cula
945 1633 1047 1666 porcat
1076 1626 1182 1655 Amor.-
1205 1623 1310 1654 Tibul.
1334 1624 1378 1654 II.
1403 1623 1437 1653 ii.
1461 1625 1511 1654 18.

852 1677 983 1711 Velatus,
1012 1675 1162 1711 vestitu53
1200 1673 1254 1703 sed
1280 1672 1390 1702 maluit
1420 1672 1511 1708 illud,

848 1725 921 1765 quia
964 1726 1091 1754 amictus
1134 1721 1236 1753 laxius
1274 1721 1506 1752 vestimentum.

850 1773 971 1814 Nempe
1006 1774 1089 1812 palla
1122 1771 1208 1802 intel.
1238 1781 1307 1811 quae
1338 1770 1511 1811 Hymenaeo

850 1822 976 1852 Heroid.
1014 1820 1076 1851 xxi.
1116 1821 1187 1850 162.
1226 1818 1379 1849 tribuitur.
1426 1818 1512 1848 Inter

851 1872 982 1905 Cicones,
999 1869 1141 1900 Thracia}
1163 1873 1288 1909 gentem
1313 1867 1352 1897 ad
1368 1867 1510 1897 Hebrum

849 1919 975 1954 flumen,
987 1918 1065 1948 vixit
1081 1917 1236 1959 Orpheus,
1253 1921 1284 1946 et
1299 1926 1316 1946 a
1330 1915 1511 1946 mulieribus

851 1978 955 1998 eorum
990 1967 1165 2008 discerptus
1201 1970 1258 1995 est.
1306 1964 1510 2004 Nequicquam

850 2016 1004 2058 quomodo
1046 2026 1128 2046 nunc
1173 2013 1416 2054 intelligendum
1456 2011 1509 2047 sit,

849 2070 942 2107 poeta
968 2064 1035 2106 ipse
1064 2074 1135 2094 mox
1165 2063 1266 2093 docet.
1311 2060 1383 2092 Sine
1409 2060 1512 2090 fructu

851 2113 973 2145 vocavit
988 2115 1106 2149 Deum,
1117 2118 1152 2143 ut
1167 2112 1287 2142 nullum
1304 2110 1376 2141 inde
1392 2110 1509 2140 emolu-

850 2168 990 2193 mentum
1027 2161 1215 2192 redundaret
1252 2160 1291 2190 ad
1330 2158 1510 2200 conjugium

849 2222 956 2242 suum:
976 2210 1046 2241 vide
1063 2210 1102 2240 ad
1117 2210 1159 2240 ix.
1174 2210 1248 2240 295.
1294 2209 1354 2238 Pro
1370 2213 1510 2247 rogatur,

849 2260 933 2300 quod
945 2260 1093 2290 Burman.
1103 2257 1292 2298 κακοφώνου
1304 2255 1421 2285 vitandi
1433 2265 1508 2284 cau-

848 2319 882 2339 sa
897 2319 913 2339 e
933 2308 970 2338 12
986 2308 1068 2338 MSS
1084 2306 1212 2347 recepit,
1229 2303 1440 2336 revocavimus
1456 2314 1507 2332 vo-

848 2364 949 2388 catur.
982 2355 1108 2387 Etenim
1124 2365 1228 2385 vocare
1247 2354 1343 2383 Deum
1358 2354 1398 2382 ad
1413 2362 1509 2387 sacra,

847 2409 887 2436 ad
911 2409 1042 2446 nuptias,
1059 2410 1120 2435 etc.
1135 2402 1268 2434 formula
1287 2401 1440 2439 solennis;
1467 2406 1510 2437 et,

851 2461 884 2486 ut
896 2456 1005 2486 Burm.
1019 2454 1084 2496 ipse
1099 2453 1226 2488 fatetur,
1235 2461 1301 2481 voce
1316 2461 1420 2480 vocare
1436 2459 1505 2491 pas-

849 2505 906 2534 sim
923 2502 1005 2544 apud
1023 2501 1172 2532 Ovidium
1187 2497 1330 2534 occurrit,
1347 2508 1448 2539 neque
1463 2497 1509 2528 in-

850 2558 971 2593 gratum
995 2550 1073 2581 illud
1090 2549 1216 2580 auribus
1232 2558 1297 2578 esse
1321 2551 1415 2588 puto:
1441 2546 1511 2578 vide

852 2601 890 2632 arl
906 2601 928 2631 i.
937 2601 1011 2631 299.
1022 2598 1145 2629 mollius
1156 2603 1238 2628 certe
1253 2602 1310 2632 est,
1323 2606 1417 2636 quam
1431 2595 1508 2626 illud

851 2650 953 2680 Cicer.
969 2648 1032 2680 Off.
1047 2648 1067 2679 i.
1083 2648 1136 2679 61.
1150 2648 1281 2686 pleniore
1295 2656 1363 2683 ore,·
1389 2650 1442 2675 aut
1465 2643 1509 2673 in-

853 2699 907 2734 fra,
920 2698 984 2729 xiii.
996 2698 1068 2728 734.
1086 2698 1185 2736 aliquo
1200 2705 1320 2735 qunque.
