1779 3130
259 171 343 211 4422
632 168 681 207 P.
717 166 927 208 OVIDII
961 165 1240 207 NASONIS

265 283 401 338 Illos,
428 282 513 344 qui
537 280 732 328 fuerant
757 281 1023 328 solidorum
1048 280 1178 327 mole
1203 287 1421 326 tororum
1552 282 1648 325 230

270 358 530 406 Herculeis
555 357 756 413 similes,
783 357 962 404 fluidos
988 357 1206 420 pendere
1230 357 1459 403 lacertos.

269 434 378 481 Flet
395 449 611 497 quoque,
634 440 689 480 ut
712 433 761 479 in
787 434 991 496 speculo
1017 448 1162 494 rugas
1189 431 1452 495 conspexit
1476 431 1647 486 aniles,

266 510 530 573 Tyndaris,
556 517 606 556 et
630 525 817 564 secum,
844 524 931 555 cur
956 510 1020 555 sit
1043 509 1119 555 bis
1145 515 1301 571 rapta,
1328 508 1549 571 requirit.

267 586 485 649 Tempus
510 586 639 634 edax
664 602 842 640 rerum,
869 593 1024 647 tuque
1049 585 1289 631 invidiosa
1311 591 1551 639 vetustas,

271 662 453 709 Omnia
476 662 748 717 destruitis,
776 661 1048 723 vitiataque
1073 661 1305 707 dentibus
1332 661 1421 707 aevi
1555 663 1651 707 235

271 739 522 786 Paulatim
545 739 681 786 lenta
705 737 996 785 consumitis
1021 737 1187 784 omnia
1209 744 1382 784 morte.
1429 739 1650 798 [camusz

336 815 459 863 Haec
476 830 677 878 quoque
695 831 793 861 non
812 821 1051 877 perstant,
1069 830 1180 877 quae
1203 829 1292 861 nos
1312 815 1557 861 elementa
1570 829 1652 860 vo-

273 892 512 956 Quasque
530 892 662 940 vices
686 899 942 955 peragant,
963 892 1151 939 animos
1177 891 1425 947 adhibete,
1445 891 1651 937 docebo.

272 969 521 1024 Quattuor
545 976 758 1016 aeternus
784 968 1019 1030 genitalia
1043 983 1248 1030 corpora
1271 967 1483 1014 mundus

275 1045 538 1093 Continet:
578 1061 642 1093 ex
667 1045 762 1091 illis
787 1045 886 1091 duo
911 1052 1027 1091 sunt
1051 1059 1272 1099 onerosa,
1300 1059 1489 1106 suoque
1558 1045 1655 1088 240

274 1122 505 1169 Pondere
530 1121 579 1169 in
606 1121 824 1177 inferius,
851 1121 999 1167 tellus
1025 1128 1177 1183 atque
1203 1119 1350 1175 unda,
1376 1119 1623 1166 feruntur:

274 1198 342 1246 Et
366 1199 573 1246 totidem
598 1198 836 1260 gravitate
861 1204 1046 1252 carent,
1072 1197 1312 1260 nulloque
1337 1202 1592 1260 premente

275 1275 392 1323 Alta
414 1282 604 1339 petunt,
633 1277 727 1331 a'er,
755 1281 908 1337 atque
933 1275 1042 1322 a'ere
1067 1274 1234 1337 purior
1257 1273 1401 1336 ignis.

276 1352 400 1406 Quae
421 1367 707 1414 quanquam
733 1351 894 1414 spatio
914 1351 1115 1406 distant,
1138 1358 1304 1397 tamen
1330 1349 1493 1396 omnia
1516 1349 1641 1395 fiunt

278 1427 357 1474 Ex
376 1427 512 1491 ipsis,
541 1434 592 1474 et
616 1427 665 1473 in
689 1427 798 1490 ipsa
816 1427 1026 1473 cadunt:
1055 1427 1370 1488 resolutaque
1389 1426 1535 1472 tellus
1561 1428 1656 1472 245

280 1503 339 1550 In
363 1503 578 1566 liquidas
597 1503 803 1550 rorescit
827 1519 1008 1566 aquas:
1038 1510 1272 1550 tenuatus
1297 1502 1347 1548 in
1369 1518 1527 1557 auras,
1553 1502 1658 1563 [sus

279 1579 506 1642 A'eSraque
522 1579 698 1625 humor
713 1578 816 1626 abit
834 1595 843 1626 :
873 1579 1075 1643 dempto
1094 1595 1294 1642 quoque
1309 1579 1542 1643 pondere,
1555 1594 1656 1624 rur-

322 1723 396 1752 233.
423 1722 585 1762 Tyndaris.
606 1721 730 1753 Helena
749 1722 886 1763 Tyndari
904 1730 935 1753 et

280 1771 375 1802 Ledae
405 1770 478 1802 filia.
522 1771 595 1807 Pro,
620 1770 706 1801 dolet
740 1777 935 1801 venustatem

281 1820 404 1855 abiisse,
420 1819 542 1856 melius,
559 1830 656 1850 secum
674 1821 812 1860 requirit,
827 1831 883 1850 cur
899 1822 936 1850 sit

278 1870 320 1899 bis
338 1870 374 1910 (a
391 1869 509 1899 Theseo
530 1874 561 1899 et
581 1868 712 1907 Paride)
728 1875 826 1908 rapta.
872 1869 935 1898 He-

279 1918 359 1948 lenae
376 1922 479 1948 autem
495 1917 637 1959 exemplo
653 1918 759 1954 utitur,
775 1917 849 1959 quia
868 1917 937 1958 pul-

279 1966 429 1997 chriorem
458 1966 604 1997 seminam
634 1977 695 1997 non
723 1972 851 1997 noverat
881 1976 936 1996 an-

279 2015 416 2056 tiquitas.

322 2064 397 2094 235.
436 2063 547 2094 Dentes
577 2063 690 2093 dantur
719 2073 786 2093 aevo
816 2068 938 2105 propter

280 2111 478 2142 edacitatem.
522 2112 566 2142 Iis
589 2111 692 2142 omnia
713 2113 875 2148 vitiantur,
892 2123 937 2143 ro-

282 2161 397 2191 duntur
412 2166 443 2191 et
461 2161 654 2202 franguntur.
699 2161 847 2192 Heinsius
868 2172 938 2192 mox

281 2210 374 2240 etiam
390 2210 539 2245 malebat,
557 2211 635 2240 leuto
650 2221 759 2245 morsu,
775 2216 809 2240 ut
824 2216 939 2252 perstet

279 2260 312 2288 in
327 2258 515 2299 metaphora.
562 2259 640 2295 Quae
657 2258 749 2290 fuerit
765 2258 855 2300 hujus
868 2270 935 2290 mu-

280 2307 406 2338 tationis
422 2317 528 2343 causa,
543 2317 604 2338 non
620 2307 721 2338 video.

321 2356 395 2386 ⁴237.
435 2356 506 2386 Hoec
535 2368 646 2396 quoque
676 2369 733 2386 non
765 2356 932 2396 perstant]

278 2404 575 2436 Transformationes
585 2406 819 2437 elementorum.
843 2406 936 2446 Diog.

281 2454 383 2484 Laert.
406 2453 471 2483 viii.
495 2455 547 2484 21.
570 2454 779 2494 Pythagoram
797 2454 937 2485 docuisse

280 2502 385 2538 tradit,
400 2512 561 2544 corporum
585 2503 750 2533 solidorum
767 2514 833 2534 esse
854 2514 935 2533 στοι·

280 2553 353 2592 χεῖα
372 2550 522 2592 τέτταρα,
544 2553 620 2593 πῦρ,
637 2551 731 2593 ὕδωρ,
751 2554 829 2593 γῆν,
843 2550 933 2592 ἀέρα·

279 2601 300 2629 ἃ
326 2598 542 2640 μεταβάλλειν
567 2598 598 2630 δὲ
625 2601 679 2631 καὶ
705 2600 877 2641 τρέπεσθαι
900 2598 935 2630 δι’

281 2647 378 2683 ὅλων,
395 2649 449 2679 καὶ
473 2649 618 2690 γίνεσθαι
637 2649 671 2684 ἐξ
690 2650 797 2681 αὐτῶν
816 2649 936 2690 κόσμον

282 2696 442 2736 ἔμψυχον.
454 2704 511 2727 etc.
538 2699 784 2733 Pe1·stant,idem
796 2705 934 2729 manent.

1006 1723 1087 1753 l'ices
1112 1733 1255 1764 peragere
1291 1721 1370 1752 dixit
1399 1721 1491 1752 etiam
1517 1720 1661 1752 Valerius

1003 1772 1092 1802 Flac.
1111 1771 1132 1801 i.
1148 1772 1228 1809 5053
1258 1773 1332 1802 vices
1354 1782 1443 1812 agere
1464 1770 1626 1806 Manilius,
1642 1770 1662 1799 i.

1004 1821 1073 1851 init.
1121 1821 1288 1856 Genitaliu,
1310 1820 1422 1861 quibus
1440 1819 1608 1861 gignuntur
1631 1826 1661 1850 et

1003 1875 1204 1911 procreantur
1216 1879 1343 1911 corpora
1356 1881 1364 1907 3
1380 1869 1661 1910 Virgilius,Georg.

1003 1918 1039 1948 ii.
1072 1919 1146 1949 324.
1173 1919 1323 1959 genitalia
1355 1920 1464 1948 semina
1481 1930 1492 1954 ,·
1530 1918 1639 1948 Festus
1654 1929 1659 1946 t

1007 1972 1028 1984 “
1039 1967 1202 1999 Genitales
1218 1968 1296 2009 (non
1309 1967 1458 2009 geniales)
1475 1967 1560 1998 Deos
1575 1967 1662 1997 dixe—

1005 2022 1076 2046 runt
1091 2016 1228 2057 Aquam,
1242 2017 1380 2052 Terram,
1396 2017 1518 2057 Ignem,
1534 2016 1661 2046 Aerem.

1005 2066 1052 2096 Ea
1087 2065 1169 2096 enim
1195 2071 1266 2096 sunt
1294 2065 1412 2096 semina
1446 2075 1557 2101 rerum,
1592 2076 1661 2106 quae

1004 2114 1184 2154 Graecorum
1197 2114 1249 2144 alii
1259 2116 1414 2155 στοιχεῖα,
1427 2113 1480 2144 alii
1491 2113 1661 2155 σπέρματα

1005 2162 1154 2192 vocant.''

1048 2211 1124 2242 245.
1143 2212 1275 2247 Cadunt,
1290 2210 1444 2248 recidunt,
1454 2211 1661 2243 resolvuntur.

1006 2260 1139 2290 Rorescit
1153 2260 1307 2302 exquisite
1322 2272 1376 2302 pro
1391 2261 1563 2302 liquefacta
1579 2266 1660 2291 tran-

1003 2309 1052 2340 sit.
1076 2309 1127 2340 Ita
1140 2314 1244 2341 tamen
1258 2310 1362 2341 nullus
1375 2310 1431 2340 nisi
1442 2310 1564 2341 Thuan.
1579 2311 1638 2340 MS
1653 2322 1660 2347 3

1003 2358 1118 2394 caeteri,
1134 2361 1268 2394 rarescit,
1281 2359 1314 2389 fit
1326 2369 1405 2394 rara,
1418 2359 1530 2389 tenuis.
1555 2360 1660 2400 EEque

1003 2407 1093 2438 bene.
1113 2407 1266 2438 Tenuatus
1280 2409 1341 2438 abit
1359 2408 1481 2449 plenius
1494 2414 1524 2438 et
1535 2407 1659 2448 elegan-

1003 2455 1074 2492 tius,
1089 2466 1195 2497 quam,
1208 2462 1363 2493 tenuatur,
1374 2462 1408 2487 ut
1424 2456 1497 2488 alibi
1513 2456 1660 2486 vidimus.

1003 2504 1053 2534 Sic
1066 2515 1135 2535 mox
1145 2507 1285 2544 spissatus
1299 2507 1408 2536 transit
1419 2516 1485 2547 pro,
1497 2505 1659 2546 spissatur.

1004 2555 1105 2584 Auras
1127 2555 1266 2595 a'c'raque,
1291 2561 1327 2585 ut
1351 2554 1396 2584 ix.
1419 2555 1494 2585 219.
1517 2560 1548 2584 et
1573 2553 1660 2589 alibi,

1002 2605 1090 2633 aeriae
1109 2614 1202 2634 aurae.
1246 2604 1294 2634 Ex
1320 2603 1379 2634 hac
1404 2608 1508 2634 autem
1531 2603 1659 2638 ratione,

1003 2662 1072 2692 quae
1099 2662 1162 2683 ver.
1183 2653 1351 2683 245—251
1379 2652 1572 2687 describitur,
1596 2661 1658 2682 non

1003 2706 1049 2731 est
1064 2701 1121 2731 nisi
1138 2712 1231 2732 unum
1246 2701 1444 2736 elementum,
1460 2701 1566 2731 aether.
