1779 3130
397 160 1016 203 METAMORPHOSEON
1048 159 1168 201 LIB.
1190 159 1284 200 XI.
1446 160 1529 202 195

149 274 287 321 Dura
310 276 537 322 lacertosi
562 275 813 322 fodiebant
838 290 951 321 arva
976 274 1165 331 coloni3

146 350 358 412 Agmine
383 351 468 414 qui
493 349 596 397 viso
622 350 832 411 fugiunt,
861 350 1127 412 operisque
1153 349 1439 410 relinquunt

146 426 298 474 Arma
317 428 413 483 sui;
443 443 726 488 vacuosque
746 428 916 488 jacent
935 425 1160 488 dispersa
1185 441 1272 487 per
1294 441 1436 486 agros
1462 427 1524 471 35

148 503 471 566 Sarculaque,
499 503 743 565 rastrique
766 518 954 563 graves,
982 500 1218 563 longique
1245 501 1453 562 ligones,

147 577 271 632 Quae
297 588 560 642 postquam
586 594 792 642 rapuere
818 578 949 633 fer-ce,
977 593 1231 639 cornuque
1257 577 1437 623 minaci

148 653 395 703 Divellere
422 657 588 711 boves,
617 656 678 702 ad
702 655 826 702 vatis
851 655 953 701 fata
976 661 1260 709 recurrunt3

145 730 555 795 Tendentemque
581 749 771 787 manus,
800 739 850 778 et
874 732 922 777 in
946 731 1029 777 illo
1053 738 1276 792 tempore
1302 728 1514 792 primum

147 805 293 854 Irrita
310 808 576 864 dicentem,
595 825 685 855 nec
706 808 981 870 quidquam
1001 822 1121 853 voce
1141 813 1436 860 moventem,
1464 808 1528 850 40

148 882 413 946 Sacrilegae
429 885 699 947 perimunt:
722 899 910 947 perque
926 899 997 939 os,
1010 881 1360 945 proJuppiter!
1389 881 1526 937 illud,

144 959 384 1008 Auditum
410 961 559 1016 saxis,
586 961 995 1022 intellectumque
1021 959 1232 1006 ferarum

146 1036 404 1093 Sensibus,
432 1038 481 1084 in
503 1044 675 1084 ventos
702 1037 864 1083 anima
889 1036 1121 1082 exhalata
1144 1035 1366 1082 recessit.

145 1112 216 1160 Te
241 1122 428 1160 moestae
452 1114 694 1167 volucres,
723 1111 947 1175 Orpheu,
976 1119 1025 1158 te
1051 1112 1198 1158 turba
1221 1111 1451 1166 ferarum,

145 1188 216 1235 Te
241 1189 410 1251 rigidae
435 1189 614 1244 silices,
642 1196 729 1235 tua
752 1188 969 1234 carmina
995 1204 1125 1250 saepe
1151 1194 1337 1234 secutae

1464 1189 1528 1233 45

147 1265 413 1312 Fleverunt
436 1266 599 1312 silvae:
639 1264 812 1328 positis
839 1273 887 1310 te
911 1263 1168 1310 frondibus
1195 1264 1355 1319 arbos,

147 1341 312 1389 Tonsa
327 1357 536 1397 comam,
548 1341 692 1388 luxit:
712 1339 926 1387 lacrimis
938 1339 1534 1402 quoquefluminadicunt

146 1418 422 1467 Increvisse
447 1419 577 1475 suis3
619 1418 929 1479 obscuraque
954 1417 1162 1463 carbasa
1184 1416 1320 1479 pullo

139 1562 229 1604 apud
266 1563 420 1604 Begerum
456 1561 603 1604 Spicileg.
628 1560 741 1602 Antiq.
769 1572 800 1602 p.

143 1612 196 1642 71.

187 1661 240 1691 37.
267 1661 360 1696 Fene,
386 1660 523 1690 furentes
545 1659 693 1690 Bacchae.
739 1658 798 1688 Di-

145 1711 263 1740 vellere.
311 1709 404 1750 Regii
437 1709 530 1739 nostri
564 1709 732 1743 divulsere5
768 1707 799 1736 in

145 1758 300 1800 praeterito
314 1763 452 1799 tempore
468 1758 566 1787 rarius
581 1758 691 1788 divulsi
708 1766 802 1797 quam

143 1808 269 1843 di1=elli‚·
293 1813 458 1847 utrumque
485 1807 540 1836 dat
564 1806 646 1835 Rob.
672 1804 804 1845 Stepha-

146 1867 204 1887 nus
220 1856 251 1886 in
267 1867 321 1886 suo
335 1855 506 1885 Thesauro:
525 1855 579 1885 sed
591 1855 690 1885 solum
702 1854 804 1884 dii-elli

144 1904 262 1946 recepit
278 1910 383 1934 auctor
399 1903 624 1934 eruditissimus
639 1904 803 1933 Gramma-

145 1954 223 1984 tices
235 1953 328 1982 dictae
340 1955 376 1982 de
389 1952 592 1992 Port-Rn-rml¹
603 1953 651 1981 des
661 1953 804 1990 [η-έῑένὶίε

145 2009 173 2032 et
188 2004 299 2040 sapius,
317 2002 412 2041 chle
427 2001 479 2031 50.
518 2001 670 2030 Direllere
687 1999 804 2039 Regius

146 2056 228 2081 recte
249 2049 397 2091 explicat,
413 2049 634 2079 dilaceravere.
676 2048 706 2077 A
722 2047 803 2077 Bac—

145 2099 212 2130 chis
235 2099 316 2128 enim
338 2107 465 2138 angues,
483 2097 573 2133 tauri,
589 2096 685 2138 capri,
703 2095 804 2130 vituli,

146 2155 266 2178 etc.ore
280 2147 414 2177 discindi
426 2147 567 2176 solebant
587 2146 670 2186 quod
683 2145 802 2175 baccha-

147 2199 199 2226 tim
222 2198 384 2234 discerpere
408 2194 486 2224 dixit
500 2194 665 2235 Apuleius,
680 2195 709 2231 i;
733 2192 802 2223 vide

146 2244 308 2275 Heinsium
325 2249 356 2274 et
371 2244 596 2273 Burmannum.

190 2294 241 2323 43.
276 2293 315 2322 In
339 2298 449 2326 ventos,
474 2291 506 2320 in
532 2301 643 2328 auras3
669 2290 708 2320 V.
733 2289 803 2319 106.

146 2340 312 2371 Emathion
332 2341 437 2369 medios
459 2340 588 2368 animam
604 2340 751 2376 eipirarit
772 2339 803 2367 in

147 2393 249 2431 ignes3
266 2390 395 2423 Seneca,
411 2388 502 2417 Herc.
515 2387 584 2417 Fur.
598 2388 688 2417 1312.
714 2387 804 2416 Hunc

146 2441 275 2469 animam
293 2441 324 2468 in
339 2449 387 2467 ore
401 2439 496 2476 primo
511 2444 612 2471 teneo,-
634 2437 754 2466 Seneca
766 2435 804 2466 de

147 2488 208 2522 Ira,
225 2487 269 2516 iii.
286 2488 337 2517 43.
352 2488 489 2525 spiritum
505 2496 639 2524 expuere.

190 2537 243 2566 44.
270 2536 308 2565 Te
330 2541 434 2565 moestae
459 2536 600 2569 volucres,
615 2533 696 2573 etc.]
734 2533 805 2563 Jam

148 2583 323 2625 epicedium
347 2583 484 2613 additur.
529 2583 570 2612 Et
588 2581 696 2611 merito
719 2580 805 2610 thea-

148 2638 241 2668 trum,
257 2632 340 2673 quod
364 2632 454 2662 toties
476 2638 571 2661 cantu
593 2641 648 2661 suo
669 2634 808 2661 moverat

149 2688 344 2716 vates,nunc
367 2680 477 2721 lugens
501 2679 668 2710 inducitur.
713 2678 805 2719 Apud

867 1559 1077 1590 Claudianum
1107 1558 1139 1589 d.
1169 1559 1193 1588 l.
1240 1557 1367 1598 Orpheo
1405 1556 1533 1597 nuptias

867 1607 1037 1638 celebranti
1054 1607 1125 1638 ferae
1142 1612 1173 1637 et
1189 1607 1328 1636 volucres
1343 1605 1531 1635 munuscula

867 1657 1040 1687 conferunt.
1051 1683 1055 1684 .
1088 1656 1138 1692 Te,
1152 1662 1190 1691 te,
1202 1661 1264 1686 etc.
1276 1654 1315 1684 ad
1327 1653 1529 1684 imitationem

868 1707 955 1747 Virg.
976 1707 1091 1746 Georg.
1108 1705 1150 1735 iv.
1166 1706 1241 1735 465.
1258 1703 1311 1734 ubi
1335 1703 1374 1733 ad
1397 1702 1532 1743 Eurydi-

871 1766 928 1785 cen
962 1753 1143 1785 suavissime
1180 1762 1280 1783 sermo
1309 1750 1448 1786 vertitur,
1481 1751 1533 1787 Te,

871 1805 969 1834 dulcis
986 1805 1107 1842 conjui,
1127 1809 1154 1832 te
1174 1803 1232 1831 solo
1252 1803 1283 1831 in
1302 1802 1402 1830 littore
1423 1811 1532 1836 secum,

875 1853 924 1887 Te,
940 1853 1071 1881 veniente
1082 1852 1143 1885 die,
1158 1857 1198 1884 te,
1213 1850 1384 1883 decedente,
1398 1849 1532 1878 crmebat.

871 1902 983 1932 Secutae
1019 1901 1109 1930 silz-ae.
1148 1897 1305 1932 Horatius,
1331 1897 1361 1926 Ι.
1388 1896 1450 1926 Od.
1480 1895 1536 1926 xii.

876 1950 962 1980 Unde
978 1950 1033 1986 (ex
1049 1947 1177 1982 Haemo)
1196 1947 1319 1977 vocalem
1337 1952 1441 1975 temere
1457 1946 1533 1975 inse-

872 2005 946 2028 cntae
979 1998 1098 2036 Orphea
1128 1997 1219 2026 silrae.
1261 1995 1376 2024 Ponere
1404 1992 1534 2034 capillos

871 2047 990 2088 phrasis
1005 2045 1149 2076 solennis.
1165 2044 1230 2074 III.
1248 2044 1323 2074 506.
1339 2043 1535 2083 sectosji·atri

871 2106 991 2134 posuere
1013 2096 1148 2134 capillos.
1194 2091 1360 2122 Suetonius
1385 2091 1487 2131 Calig.
1503 2092 1534 2120 5.

873 2146 990 2174 barbam
1017 2154 1136 2183 ponere.
1184 2142 1277 2171 Tonsa
1306 2151 1426 2175 comum,
1457 2138 1534 2180 quia

874 2192 993 2223 tonderi
1010 2192 1040 2221 in
1054 2192 1140 2221 luctu
1156 2190 1275 2220 solebat
1290 2199 1388 2224 coma,
1403 2194 1434 2218 et
1453 2200 1534 2218 roma

871 2242 909 2272 de
926 2242 1086 2272 frondibus
1101 2240 1235 2277 dicitur3
1259 2238 1329 2268 vide
1351 2238 1389 2267 ad
1411 2249 1440 2267 x.
1459 2238 1532 2267 139.

871 2291 912 2320 Et
934 2301 1030 2332 quum
1055 2289 1286 2327 destringuntur
1311 2286 1394 2320 folia,
1418 2287 1534 2315 tandem*

870 2351 951 2369 coma
996 2339 1138 2369 arborum
1184 2337 1298 2366 (licitur
1314 2347 1322 2372 3
1373 2334 1533 2375 Virgilius,

871 2388 988 2428 Georg.
1006 2387 1050 2416 iii.
1065 2387 1118 2415 21.
1137 2386 1310 2426 tonsa‘jiilia
1327 2384 1422 2412 elme.
1469 2383 1532 2412 La-

873 2438 984 2471 crimis,
1011 2441 1071 2465 ete.
1111 2435 1211 2475 Supra
1234 2435 1256 2462 i.
1282 2433 1355 2462 584.
1381 2431 1531 2467 Inachus,

874 2486 961 2515 Deus
991 2483 1136 2518 fluvialis,
1156 2484 1281 2524 fletibus
1309 2486 1400 2521 auget
1426 2491 1530 2520 aquas.

873 2533 933 2563 Sed
951 2543 1032 2562 nunc
1048 2531 1177 2561 flumina
1198 2530 1266 2571 ipsa
1281 2529 1343 2560 suis
1358 2530 1534 2559 increscunt

874 2581 1022 2615 lacrimis,
1038 2580 1120 2621 quod
1138 2586 1183 2610 est
1204 2578 1399 2609 intolerabile
1414 2577 1531 2608 luxuri-

874 2630 955 2661 antis
970 2628 1085 2669 ingenii
1100 2628 1235 2668 signum.

919 2679 969 2708 48.
989 2678 1146 2712 Cat-basus,
1159 2676 1243 2718 palla
1255 2675 1428 2711 carbasina,
1439 2684 1533 2716 quam
