<?xml version="1.0" encoding="UTF-8"?>
<!DOCTYPE html PUBLIC "-//W3C//DTD XHTML 1.0 Transitional//EN"
    "http://www.w3.org/TR/xhtml1/DTD/xhtml1-transitional.dtd">
<html xmlns="http://www.w3.org/1999/xhtml" xml:lang="en" lang="en">
 <head>
  <title>
</title>
<meta http-equiv="Content-Type" content="text/html;charset=utf-8" />
  <meta name='ocr-system' content='tesseract 3.04.00' />
  <meta name='ocr-capabilities' content='ocr_page ocr_carea ocr_par ocr_line ocrx_word'/>
</head>
<body>
  <div class='ocr_page' id='page_1' title='image "./povidiinasonisop04oviduoft_0187.png"; bbox 0 0 1779 3130; ppageno 0'>
   <div class='ocr_carea' id='block_1_1' title="bbox 354 162 1221 205">
    <p class='ocr_par' dir='ltr' id='par_1_1' title="bbox 354 162 1221 205">
     <span class='ocr_line' id='line_1_1' title="bbox 354 162 1221 205; baseline -0.002 0"><span class='ocrx_word' id='word_1_1' title='bbox 354 162 970 205; x_wconf 86' lang='lat' dir='ltr'><strong>METAMORPHOSEON</strong></span> <span class='ocrx_word' id='word_1_2' title='bbox 1006 162 1124 204; x_wconf 92' lang='lat' dir='ltr'><strong>LIB.</strong></span> <span class='ocrx_word' id='word_1_3' title='bbox 1157 163 1221 203; x_wconf 88' lang='lat' dir='ltr'>X.</span> 
     </span>
    </p>
   </div>
   <div class='ocr_carea' id='block_1_2' title="bbox 1391 163 1474 203">
    <p class='ocr_par' dir='ltr' id='par_1_2' title="bbox 1391 163 1474 203">
     <span class='ocr_line' id='line_1_2' title="bbox 1391 163 1474 203; baseline -0.012 0"><span class='ocrx_word' id='word_1_4' title='bbox 1391 163 1474 203; x_wconf 77' lang='lat'>175</span> 
     </span>
    </p>
   </div>
   <div class='ocr_carea' id='block_1_3' title="bbox 101 277 1478 414">
    <p class='ocr_par' dir='ltr' id='par_1_3' title="bbox 101 277 1478 414">
     <span class='ocr_line' id='line_1_3' title="bbox 102 277 1478 340; baseline -0.002 -16"><span class='ocrx_word' id='word_1_5' title='bbox 102 278 448 340; x_wconf 87' lang='lat' dir='ltr'>Raptoresque</span> <span class='ocrx_word' id='word_1_6' title='bbox 464 279 623 340; x_wconf 85' lang='lat' dir='ltr'>lupOS‚</span> <span class='ocrx_word' id='word_1_7' title='bbox 637 283 952 339; x_wconf 87' lang='lat' dir='ltr'>armatosque</span> <span class='ocrx_word' id='word_1_8' title='bbox 962 277 1212 338; x_wconf 87' lang='lat' dir='ltr'>unguibus</span> <span class='ocrx_word' id='word_1_9' title='bbox 1228 291 1366 324; x_wconf 87' lang='lat' dir='ltr'>ursos</span> <span class='ocrx_word' id='word_1_10' title='bbox 1382 278 1478 322; x_wconf 81' lang='lat'>540</span> 
     </span>
     <span class='ocr_line' id='line_1_4' title="bbox 101 353 1478 414; baseline 0 -16"><span class='ocrx_word' id='word_1_11' title='bbox 101 353 254 408; x_wconf 89' lang='lat' dir='ltr'>Vitat,</span> <span class='ocrx_word' id='word_1_12' title='bbox 282 360 332 400; x_wconf 87' lang='lat' dir='ltr'>et</span> <span class='ocrx_word' id='word_1_13' title='bbox 357 354 564 400; x_wconf 82' lang='lat' dir='ltr'>armenti</span> <span class='ocrx_word' id='word_1_14' title='bbox 590 360 836 398; x_wconf 86' lang='lat' dir='ltr'>saturatos</span> <span class='ocrx_word' id='word_1_15' title='bbox 863 353 1000 399; x_wconf 80' lang='lat' dir='ltr'>caede</span> <span class='ocrx_word' id='word_1_16' title='bbox 1024 353 1210 400; x_wconf 90' lang='lat' dir='ltr'>leones.</span> <span class='ocrx_word' id='word_1_17' title='bbox 1295 353 1478 414; x_wconf 88' lang='lat' dir='ltr'>[nendo</span> 
     </span>
    </p>
   </div>
   <div class='ocr_carea' id='block_1_4' title="bbox 101 428 1490 1480">
    <p class='ocr_par' dir='ltr' id='par_1_4' title="bbox 101 428 1482 642">
     <span class='ocr_line' id='line_1_5' title="bbox 101 428 1478 491; baseline 0.001 -17"><span class='ocrx_word' id='word_1_18' title='bbox 101 428 173 476; x_wconf 88' lang='lat' dir='ltr'>Te</span> <span class='ocrx_word' id='word_1_19' title='bbox 198 445 414 491; x_wconf 88' lang='lat' dir='ltr'>quoque,</span> <span class='ocrx_word' id='word_1_20' title='bbox 441 435 496 474; x_wconf 88' lang='lat' dir='ltr'>ut</span> <span class='ocrx_word' id='word_1_21' title='bbox 531 428 620 473; x_wconf 90' lang='lat' dir='ltr'>hos</span> <span class='ocrx_word' id='word_1_22' title='bbox 658 428 851 481; x_wconf 57' lang='lat' dir='ltr'>timeam,</span> <span class='ocrx_word' id='word_1_23' title='bbox 880 428 919 473; x_wconf 90' lang='lat' dir='ltr'>si</span> <span class='ocrx_word' id='word_1_24' title='bbox 945 428 1066 490; x_wconf 91' lang='lat' dir='ltr'>quid</span> <span class='ocrx_word' id='word_1_25' title='bbox 1103 428 1341 490; x_wconf 83' lang='lat' dir='ltr'>prodesse</span> <span class='ocrx_word' id='word_1_26' title='bbox 1376 443 1478 475; x_wconf 91' lang='lat' dir='ltr'>mo-</span> 
     </span>
     <span class='ocr_line' id='line_1_6' title="bbox 104 501 1482 565; baseline 0 -15"><span class='ocrx_word' id='word_1_27' title='bbox 104 504 287 559; x_wconf 89' lang='lat' dir='ltr'>Possit,</span> <span class='ocrx_word' id='word_1_28' title='bbox 305 503 484 559; x_wconf 89' lang='lat' dir='ltr'>Adoni,</span> <span class='ocrx_word' id='word_1_29' title='bbox 503 510 668 549; x_wconf 87' lang='lat' dir='ltr'>monet</span> <span class='ocrx_word' id='word_1_30' title='bbox 687 520 695 549; x_wconf 92' lang='lat'><strong>:</strong></span> <span class='ocrx_word' id='word_1_31' title='bbox 728 508 757 525; x_wconf 89' lang='lat'>“</span> <span class='ocrx_word' id='word_1_32' title='bbox 778 501 1039 565; x_wconf 86' lang='lat' dir='ltr'>Fortisque</span> <span class='ocrx_word' id='word_1_33' title='bbox 1054 503 1312 565; x_wconf 82' lang='lat' dir='ltr'>fugacibus</span> <span class='ocrx_word' id='word_1_34' title='bbox 1327 504 1482 558; x_wconf 85' lang='lat' dir='ltr'>est0‚&#39;&#39;</span> 
     </span>
     <span class='ocr_line' id='line_1_7' title="bbox 104 579 1292 642; baseline 0.001 -17"><span class='ocrx_word' id='word_1_35' title='bbox 104 579 301 642; x_wconf 90' lang='lat' dir='ltr'>Inquit:</span> <span class='ocrx_word' id='word_1_36' title='bbox 344 585 373 602; x_wconf 88' lang='lat'><strong>“</strong></span> <span class='ocrx_word' id='word_1_37' title='bbox 401 580 447 625; x_wconf 87' lang='lat' dir='ltr'>in</span> <span class='ocrx_word' id='word_1_38' title='bbox 475 579 688 626; x_wconf 79' lang='lat' dir='ltr'>audaces</span> <span class='ocrx_word' id='word_1_39' title='bbox 715 594 812 625; x_wconf 86' lang='lat' dir='ltr'>non</span> <span class='ocrx_word' id='word_1_40' title='bbox 838 586 915 625; x_wconf 81' lang='lat' dir='ltr'>est</span> <span class='ocrx_word' id='word_1_41' title='bbox 939 579 1146 626; x_wconf 86' lang='lat' dir='ltr'>audacia</span> <span class='ocrx_word' id='word_1_42' title='bbox 1170 586 1292 626; x_wconf 89' lang='lat' dir='ltr'>tuta.</span> 
     </span>
    </p>

    <p class='ocr_par' dir='ltr' id='par_1_5' title="bbox 104 654 1490 1480">
     <span class='ocr_line' id='line_1_8' title="bbox 104 654 1482 717; baseline 0.001 -17"><span class='ocrx_word' id='word_1_43' title='bbox 104 654 263 701; x_wconf 84' lang='lat' dir='ltr'>Parce</span> <span class='ocrx_word' id='word_1_44' title='bbox 287 671 414 709; x_wconf 90' lang='lat' dir='ltr'>meo,</span> <span class='ocrx_word' id='word_1_45' title='bbox 436 654 649 716; x_wconf 83' lang='lat' dir='ltr'>juvenis,</span> <span class='ocrx_word' id='word_1_46' title='bbox 677 654 969 701; x_wconf 86' lang='lat' dir='ltr'>temerarius</span> <span class='ocrx_word' id='word_1_47' title='bbox 995 671 1105 702; x_wconf 90' lang='lat' dir='ltr'>esse</span> <span class='ocrx_word' id='word_1_48' title='bbox 1131 655 1315 717; x_wconf 88' lang='lat' dir='ltr'>periclo</span> <span class='ocrx_word' id='word_1_49' title='bbox 1337 673 1346 702; x_wconf 91' lang='lat'><strong>:</strong></span> <span class='ocrx_word' id='word_1_50' title='bbox 1387 658 1482 702; x_wconf 81' lang='lat'>545</span> 
     </span>
     <span class='ocr_line' id='line_1_9' title="bbox 106 730 1415 793; baseline 0.001 -17"><span class='ocrx_word' id='word_1_51' title='bbox 106 730 245 778; x_wconf 83' lang='lat' dir='ltr'>Neve</span> <span class='ocrx_word' id='word_1_52' title='bbox 269 730 413 786; x_wconf 84' lang='lat' dir='ltr'>feras,</span> <span class='ocrx_word' id='word_1_53' title='bbox 442 730 622 793; x_wconf 91' lang='lat' dir='ltr'>quibus</span> <span class='ocrx_word' id='word_1_54' title='bbox 649 746 784 776; x_wconf 87' lang='lat' dir='ltr'>arma</span> <span class='ocrx_word' id='word_1_55' title='bbox 809 730 948 777; x_wconf 86' lang='lat' dir='ltr'>dedit</span> <span class='ocrx_word' id='word_1_56' title='bbox 974 730 1182 785; x_wconf 88' lang='lat' dir='ltr'>Natura,</span> <span class='ocrx_word' id='word_1_57' title='bbox 1208 731 1415 785; x_wconf 85' lang='lat' dir='ltr'>lacesse,</span> 
     </span>
     <span class='ocr_line' id='line_1_10' title="bbox 107 806 1450 868; baseline 0 -16"><span class='ocrx_word' id='word_1_58' title='bbox 107 806 218 853; x_wconf 84' lang='lat' dir='ltr'>Stet</span> <span class='ocrx_word' id='word_1_59' title='bbox 242 806 360 852; x_wconf 93' lang='lat' dir='ltr'>mihi</span> <span class='ocrx_word' id='word_1_60' title='bbox 385 823 446 854; x_wconf 88' lang='lat' dir='ltr'>ne</span> <span class='ocrx_word' id='word_1_61' title='bbox 472 822 651 868; x_wconf 85' lang='lat' dir='ltr'>magno</span> <span class='ocrx_word' id='word_1_62' title='bbox 676 813 762 852; x_wconf 85' lang='lat' dir='ltr'>tua</span> <span class='ocrx_word' id='word_1_63' title='bbox 787 806 966 867; x_wconf 79' lang='lat' dir='ltr'>gloria:</span> <span class='ocrx_word' id='word_1_64' title='bbox 1003 822 1101 852; x_wconf 93' lang='lat' dir='ltr'>non</span> <span class='ocrx_word' id='word_1_65' title='bbox 1124 813 1290 853; x_wconf 90' lang='lat' dir='ltr'>movet</span> <span class='ocrx_word' id='word_1_66' title='bbox 1313 813 1450 861; x_wconf 87' lang='lat' dir='ltr'>aetas,</span> 
     </span>
     <span class='ocr_line' id='line_1_11' title="bbox 107 881 1374 944; baseline 0 -16"><span class='ocrx_word' id='word_1_67' title='bbox 107 881 214 930; x_wconf 84' lang='lat' dir='ltr'>Nec</span> <span class='ocrx_word' id='word_1_68' title='bbox 240 882 407 938; x_wconf 87' lang='lat' dir='ltr'>facies,</span> <span class='ocrx_word' id='word_1_69' title='bbox 434 898 526 930; x_wconf 86' lang='lat' dir='ltr'>nec</span> <span class='ocrx_word' id='word_1_70' title='bbox 548 898 660 944; x_wconf 87' lang='lat' dir='ltr'>quae</span> <span class='ocrx_word' id='word_1_71' title='bbox 687 881 932 928; x_wconf 85' lang='lat' dir='ltr'>Venerem</span> <span class='ocrx_word' id='word_1_72' title='bbox 953 898 1165 937; x_wconf 90' lang='lat' dir='ltr'>movere,</span> <span class='ocrx_word' id='word_1_73' title='bbox 1188 883 1374 938; x_wconf 88' lang='lat' dir='ltr'>leones,</span> 
     </span>
     <span class='ocr_line' id='line_1_12' title="bbox 109 958 1483 1021; baseline -0.001 -16"><span class='ocrx_word' id='word_1_74' title='bbox 109 958 464 1021; x_wconf 80' lang='lat' dir='ltr'>Setigerosque</span> <span class='ocrx_word' id='word_1_75' title='bbox 487 974 616 1013; x_wconf 86' lang='lat' dir='ltr'>sues,</span> <span class='ocrx_word' id='word_1_76' title='bbox 640 958 910 1019; x_wconf 90' lang='lat' dir='ltr'>oculosque</span> <span class='ocrx_word' id='word_1_77' title='bbox 931 958 1221 1020; x_wconf 84' lang='lat' dir='ltr'>animosque</span> <span class='ocrx_word' id='word_1_78' title='bbox 1243 958 1454 1004; x_wconf 86' lang='lat' dir='ltr'>ferarum</span> <span class='ocrx_word' id='word_1_79' title='bbox 1474 974 1483 1004; x_wconf 89' lang='lat'><strong>:</strong></span> 
     </span>
     <span class='ocr_line' id='line_1_13' title="bbox 109 1034 1489 1097; baseline -0.001 -17"><span class='ocrx_word' id='word_1_80' title='bbox 109 1034 316 1081; x_wconf 88' lang='lat' dir='ltr'>Fulmen</span> <span class='ocrx_word' id='word_1_81' title='bbox 336 1036 522 1082; x_wconf 86' lang='lat' dir='ltr'>habent</span> <span class='ocrx_word' id='word_1_82' title='bbox 542 1050 680 1081; x_wconf 86' lang='lat' dir='ltr'>acres</span> <span class='ocrx_word' id='word_1_83' title='bbox 699 1034 749 1079; x_wconf 89' lang='lat' dir='ltr'>in</span> <span class='ocrx_word' id='word_1_84' title='bbox 765 1034 970 1081; x_wconf 85' lang='lat' dir='ltr'>aduncis</span> <span class='ocrx_word' id='word_1_85' title='bbox 985 1034 1217 1081; x_wconf 88' lang='lat' dir='ltr'>dentibus</span> <span class='ocrx_word' id='word_1_86' title='bbox 1234 1034 1362 1097; x_wconf 89' lang='lat' dir='ltr'>apri;</span> <span class='ocrx_word' id='word_1_87' title='bbox 1393 1037 1489 1080; x_wconf 82' lang='lat'>550</span> 
     </span>
     <span class='ocr_line' id='line_1_14' title="bbox 108 1109 1488 1173; baseline 0 -18"><span class='ocrx_word' id='word_1_88' title='bbox 108 1109 333 1173; x_wconf 85' lang='lat' dir='ltr'>Impetus</span> <span class='ocrx_word' id='word_1_89' title='bbox 359 1117 436 1158; x_wconf 89' lang='lat' dir='ltr'>est</span> <span class='ocrx_word' id='word_1_90' title='bbox 459 1110 621 1166; x_wconf 79' lang='lat' dir='ltr'>fulviS,</span> <span class='ocrx_word' id='word_1_91' title='bbox 649 1116 698 1156; x_wconf 91' lang='lat' dir='ltr'>et</span> <span class='ocrx_word' id='word_1_92' title='bbox 722 1118 862 1157; x_wconf 85' lang='lat' dir='ltr'>vasta</span> <span class='ocrx_word' id='word_1_93' title='bbox 885 1111 1112 1157; x_wconf 89' lang='lat' dir='ltr'>leonibus</span> <span class='ocrx_word' id='word_1_94' title='bbox 1137 1111 1233 1167; x_wconf 83' lang='lat' dir='ltr'>ira3</span> <span class='ocrx_word' id='word_1_95' title='bbox 1314 1109 1488 1171; x_wconf 81' lang='lat' dir='ltr'>[ganti‚</span> 
     </span>
     <span class='ocr_line' id='line_1_15' title="bbox 110 1187 1488 1250; baseline -0.002 -16"><span class='ocrx_word' id='word_1_96' title='bbox 110 1187 431 1250; x_wconf 89' lang='lat' dir='ltr'>Invisumque</span> <span class='ocrx_word' id='word_1_97' title='bbox 475 1187 593 1233; x_wconf 86' lang='lat' dir='ltr'>mihi</span> <span class='ocrx_word' id='word_1_98' title='bbox 642 1203 798 1249; x_wconf 85' lang='lat' dir='ltr'>genus</span> <span class='ocrx_word' id='word_1_99' title='bbox 841 1187 965 1234; x_wconf 78' lang='lat' dir='ltr'>est.’&#39;</span> <span class='ocrx_word' id='word_1_100' title='bbox 1037 1187 1159 1241; x_wconf 80' lang='lat' dir='ltr'>Quae</span> <span class='ocrx_word' id='word_1_101' title='bbox 1203 1201 1368 1241; x_wconf 87' lang='lat' dir='ltr'>causa,</span> <span class='ocrx_word' id='word_1_102' title='bbox 1413 1202 1488 1232; x_wconf 89' lang='lat' dir='ltr'>ro-</span> 
     </span>
     <span class='ocr_line' id='line_1_16' title="bbox 112 1262 1490 1324; baseline -0.003 -13"><span class='ocrx_word' id='word_1_103' title='bbox 112 1264 441 1320; x_wconf 85' lang='lat' dir='ltr'>Dica1n‚”ait;</span> <span class='ocrx_word' id='word_1_104' title='bbox 465 1271 493 1288; x_wconf 87' lang='lat'><strong>“</strong></span> <span class='ocrx_word' id='word_1_105' title='bbox 508 1272 558 1311; x_wconf 89' lang='lat' dir='ltr'>et</span> <span class='ocrx_word' id='word_1_106' title='bbox 573 1265 750 1311; x_wconf 87' lang='lat' dir='ltr'>veteris</span> <span class='ocrx_word' id='word_1_107' title='bbox 767 1272 1039 1311; x_wconf 87' lang='lat' dir='ltr'>monstrum</span> <span class='ocrx_word' id='word_1_108' title='bbox 1055 1263 1295 1310; x_wconf 85' lang='lat' dir='ltr'>mirabere</span> <span class='ocrx_word' id='word_1_109' title='bbox 1312 1262 1490 1324; x_wconf 79' lang='lat' dir='ltr'>culpae.</span> 
     </span>
     <span class='ocr_line' id='line_1_17' title="bbox 111 1340 1325 1403; baseline -0.002 -15"><span class='ocrx_word' id='word_1_110' title='bbox 111 1341 212 1388; x_wconf 89' lang='lat' dir='ltr'>Sed</span> <span class='ocrx_word' id='word_1_111' title='bbox 236 1342 374 1388; x_wconf 90' lang='lat' dir='ltr'>labor</span> <span class='ocrx_word' id='word_1_112' title='bbox 395 1341 622 1387; x_wconf 89' lang='lat' dir='ltr'>insolitus</span> <span class='ocrx_word' id='word_1_113' title='bbox 642 1342 745 1403; x_wconf 90' lang='lat' dir='ltr'>jam</span> <span class='ocrx_word' id='word_1_114' title='bbox 771 1357 849 1388; x_wconf 92' lang='lat' dir='ltr'>me</span> <span class='ocrx_word' id='word_1_115' title='bbox 876 1340 1078 1387; x_wconf 85' lang='lat' dir='ltr'>lassavit</span> <span class='ocrx_word' id='word_1_116' title='bbox 1094 1358 1105 1396; x_wconf 80' lang='lat'><em>3</em></span> <span class='ocrx_word' id='word_1_117' title='bbox 1133 1346 1183 1386; x_wconf 89' lang='lat' dir='ltr'>et</span> <span class='ocrx_word' id='word_1_118' title='bbox 1208 1354 1325 1386; x_wconf 91' lang='lat' dir='ltr'>ecce</span> 
     </span>
     <span class='ocr_line' id='line_1_18' title="bbox 114 1416 1264 1480; baseline -0.001 -17"><span class='ocrx_word' id='word_1_119' title='bbox 114 1417 410 1480; x_wconf 85' lang='lat' dir='ltr'>Opportuna</span> <span class='ocrx_word' id='word_1_120' title='bbox 434 1432 524 1463; x_wconf 91' lang='lat' dir='ltr'>sua</span> <span class='ocrx_word' id='word_1_121' title='bbox 547 1416 799 1464; x_wconf 85' lang='lat' dir='ltr'>blanditur</span> <span class='ocrx_word' id='word_1_122' title='bbox 825 1417 1038 1480; x_wconf 86' lang='lat' dir='ltr'>populus</span> <span class='ocrx_word' id='word_1_123' title='bbox 1065 1417 1264 1471; x_wconf 82' lang='lat' dir='ltr'>umbra3</span> 
     </span>
    </p>
   </div>
   <div class='ocr_carea' id='block_1_5' title="bbox 113 1569 771 1611">
    <p class='ocr_par' dir='ltr' id='par_1_6' title="bbox 113 1569 771 1611">
     <span class='ocr_line' id='line_1_19' title="bbox 113 1569 771 1611; baseline -0.005 -10"><span class='ocrx_word' id='word_1_124' title='bbox 113 1571 201 1611; x_wconf 88' lang='lat' dir='ltr'>Virg.</span> <span class='ocrx_word' id='word_1_125' title='bbox 216 1569 343 1601; x_wconf 85' lang='lat' dir='ltr'>AEneid.</span> <span class='ocrx_word' id='word_1_126' title='bbox 360 1581 393 1600; x_wconf 84' lang='lat' dir='ltr'>x.</span> <span class='ocrx_word' id='word_1_127' title='bbox 415 1571 489 1601; x_wconf 82' lang='lat'><strong>725.</strong></span> <span class='ocrx_word' id='word_1_128' title='bbox 510 1581 633 1611; x_wconf 77' lang='lat' dir='ltr'>surgens</span> <span class='ocrx_word' id='word_1_129' title='bbox 657 1571 687 1599; x_wconf 83' lang='lat' dir='ltr'>in</span> <span class='ocrx_word' id='word_1_130' title='bbox 708 1580 771 1600; x_wconf 86' lang='lat' dir='ltr'>car-</span> 
     </span>
    </p>
   </div>
   <div class='ocr_carea' id='block_1_6' title="bbox 115 1630 305 1650">
    <p class='ocr_par' dir='ltr' id='par_1_7' title="bbox 115 1630 305 1650">
     <span class='ocr_line' id='line_1_20' title="bbox 115 1630 305 1650; baseline 0 -1"><span class='ocrx_word' id='word_1_131' title='bbox 115 1631 178 1649; x_wconf 77' lang='lat' dir='ltr'>nna</span> <span class='ocrx_word' id='word_1_132' title='bbox 192 1630 305 1650; x_wconf 71' lang='lat' dir='ltr'><em>cervus·</em></span> 
     </span>
    </p>
   </div>
   <div class='ocr_carea' id='block_1_7' title="bbox 841 1568 1497 1658">
    <p class='ocr_par' dir='ltr' id='par_1_8' title="bbox 841 1568 1497 1658">
     <span class='ocr_line' id='line_1_21' title="bbox 842 1568 1494 1609; baseline -0.008 -7"><span class='ocrx_word' id='word_1_133' title='bbox 842 1572 883 1602; x_wconf 91' lang='lat' dir='ltr'>vi.</span> <span class='ocrx_word' id='word_1_134' title='bbox 901 1572 975 1603; x_wconf 84' lang='lat'><strong>487.</strong></span> <span class='ocrx_word' id='word_1_135' title='bbox 989 1572 1109 1602; x_wconf 82' lang='lat' dir='ltr'>stabunt</span> <span class='ocrx_word' id='word_1_136' title='bbox 1132 1571 1185 1600; x_wconf 73' lang='lat' dir='ltr'>tibi</span> <span class='ocrx_word' id='word_1_137' title='bbox 1207 1576 1260 1599; x_wconf 79' lang='lat' dir='ltr'>tua</span> <span class='ocrx_word' id='word_1_138' title='bbox 1272 1568 1395 1609; x_wconf 83' lang='lat' dir='ltr'>faedera</span> <span class='ocrx_word' id='word_1_139' title='bbox 1411 1579 1494 1608; x_wconf 85' lang='lat' dir='ltr'>mag·</span> 
     </span>
     <span class='ocr_line' id='line_1_22' title="bbox 841 1618 1497 1658; baseline -0.009 -7"><span class='ocrx_word' id='word_1_140' title='bbox 841 1632 899 1658; x_wconf 82' lang='lat' dir='ltr'>no;</span> <span class='ocrx_word' id='word_1_141' title='bbox 924 1619 1051 1651; x_wconf 83' lang='lat' dir='ltr'>Heroid.</span> <span class='ocrx_word' id='word_1_142' title='bbox 1077 1618 1133 1649; x_wconf 89' lang='lat' dir='ltr'>vii.</span> <span class='ocrx_word' id='word_1_143' title='bbox 1161 1619 1212 1649; x_wconf 89' lang='lat'>47.</span> <span class='ocrx_word' id='word_1_144' title='bbox 1238 1619 1306 1648; x_wconf 81' lang='lat' dir='ltr'>odia</span> <span class='ocrx_word' id='word_1_145' title='bbox 1328 1618 1497 1648; x_wconf 72' lang='lat' dir='ltr'>constantia</span> 
     </span>
    </p>
   </div>
   <div class='ocr_carea' id='block_1_8' title="bbox 115 1666 787 2732">
    <p class='ocr_par' dir='ltr' id='par_1_9' title="bbox 115 1666 782 2486">
     <span class='ocr_line' id='line_1_23' title="bbox 158 1666 774 1707; baseline -0.002 -9"><span class='ocrx_word' id='word_1_146' title='bbox 158 1669 231 1699; x_wconf 81' lang='lat'>540.</span> <span class='ocrx_word' id='word_1_147' title='bbox 256 1668 401 1706; x_wconf 81' lang='lat' dir='ltr'>Raptores</span> <span class='ocrx_word' id='word_1_148' title='bbox 423 1668 486 1705; x_wconf 81' lang='lat' dir='ltr'>lupi</span> <span class='ocrx_word' id='word_1_149' title='bbox 511 1676 528 1697; x_wconf 89' lang='lat' dir='ltr'>e</span> <span class='ocrx_word' id='word_1_150' title='bbox 544 1667 632 1707; x_wconf 69' lang='lat' dir='ltr'>Virg.</span> <span class='ocrx_word' id='word_1_151' title='bbox 649 1667 725 1697; x_wconf 85' lang='lat' dir='ltr'>AEn.</span> <span class='ocrx_word' id='word_1_152' title='bbox 742 1666 774 1697; x_wconf 87' lang='lat' dir='ltr'>ii.</span> 
     </span>
     <span class='ocr_line' id='line_1_24' title="bbox 117 1714 774 1756; baseline -0.006 -8"><span class='ocrx_word' id='word_1_153' title='bbox 117 1719 200 1754; x_wconf 73' lang='lat'>3553</span> <span class='ocrx_word' id='word_1_154' title='bbox 223 1722 254 1747; x_wconf 83' lang='lat' dir='ltr'>et</span> <span class='ocrx_word' id='word_1_155' title='bbox 267 1715 430 1746; x_wconf 84' lang='lat' dir='ltr'>Telesinus</span> <span class='ocrx_word' id='word_1_156' title='bbox 452 1714 536 1756; x_wconf 81' lang='lat' dir='ltr'>apud</span> <span class='ocrx_word' id='word_1_157' title='bbox 552 1714 722 1751; x_wconf 66' lang='lat' dir='ltr'>Velleium,</span> <span class='ocrx_word' id='word_1_158' title='bbox 739 1714 774 1745; x_wconf 90' lang='lat' dir='ltr'>ii.</span> 
     </span>
     <span class='ocr_line' id='line_1_25' title="bbox 117 1763 774 1802; baseline -0.002 -7"><span class='ocrx_word' id='word_1_159' title='bbox 117 1765 214 1796; x_wconf 87' lang='lat' dir='ltr'>xxvii.</span> <span class='ocrx_word' id='word_1_160' title='bbox 229 1766 260 1795; x_wconf 81' lang='lat'>2.</span> <span class='ocrx_word' id='word_1_161' title='bbox 275 1765 433 1795; x_wconf 81' lang='lat' dir='ltr'>Romanos</span> <span class='ocrx_word' id='word_1_162' title='bbox 448 1770 541 1794; x_wconf 85' lang='lat' dir='ltr'>vocat</span> <span class='ocrx_word' id='word_1_163' title='bbox 562 1770 694 1802; x_wconf 78' lang='lat' dir='ltr'>raptores</span> <span class='ocrx_word' id='word_1_164' title='bbox 710 1763 774 1794; x_wconf 81' lang='lat' dir='ltr'>Ita-</span> 
     </span>
     <span class='ocr_line' id='line_1_26' title="bbox 115 1812 777 1854; baseline -0.002 -10"><span class='ocrx_word' id='word_1_165' title='bbox 115 1816 178 1845; x_wconf 77' lang='lat' dir='ltr'>licae</span> <span class='ocrx_word' id='word_1_166' title='bbox 207 1815 355 1845; x_wconf 78' lang='lat' dir='ltr'>libertatis</span> <span class='ocrx_word' id='word_1_167' title='bbox 386 1815 480 1852; x_wconf 81' lang='lat' dir='ltr'>lupos.</span> <span class='ocrx_word' id='word_1_168' title='bbox 528 1813 696 1849; x_wconf 70' lang='lat' dir='ltr'>Satur-atos,</span> <span class='ocrx_word' id='word_1_169' title='bbox 724 1812 777 1854; x_wconf 87' lang='lat' dir='ltr'>qui</span> 
     </span>
     <span class='ocr_line' id='line_1_27' title="bbox 118 1860 779 1902; baseline -0.002 -9"><span class='ocrx_word' id='word_1_170' title='bbox 118 1862 251 1893; x_wconf 81' lang='lat' dir='ltr'>saturari</span> <span class='ocrx_word' id='word_1_171' title='bbox 288 1862 400 1897; x_wconf 81' lang='lat' dir='ltr'>solent,</span> <span class='ocrx_word' id='word_1_172' title='bbox 424 1860 618 1897; x_wconf 84' lang='lat' dir='ltr'>saturandos,</span> <span class='ocrx_word' id='word_1_173' title='bbox 645 1861 684 1892; x_wconf 90' lang='lat' dir='ltr'>de</span> <span class='ocrx_word' id='word_1_174' title='bbox 718 1872 779 1902; x_wconf 92' lang='lat' dir='ltr'>quo</span> 
     </span>
     <span class='ocr_line' id='line_1_28' title="bbox 119 1909 779 1952; baseline -0.003 -10"><span class='ocrx_word' id='word_1_175' title='bbox 119 1922 177 1942; x_wconf 91' lang='lat' dir='ltr'>usu</span> <span class='ocrx_word' id='word_1_176' title='bbox 203 1910 435 1952; x_wconf 85' lang='lat' dir='ltr'>participiorum</span> <span class='ocrx_word' id='word_1_177' title='bbox 463 1909 686 1952; x_wconf 67' lang='lat' dir='ltr'>praeteritorum</span> <span class='ocrx_word' id='word_1_178' title='bbox 709 1910 779 1940; x_wconf 89' lang='lat' dir='ltr'>vide</span> 
     </span>
     <span class='ocr_line' id='line_1_29' title="bbox 119 1958 778 2000; baseline -0.002 -10"><span class='ocrx_word' id='word_1_179' title='bbox 119 1960 252 1990; x_wconf 90' lang='lat' dir='ltr'>Brouck.</span> <span class='ocrx_word' id='word_1_180' title='bbox 268 1959 309 1990; x_wconf 86' lang='lat' dir='ltr'>ad</span> <span class='ocrx_word' id='word_1_181' title='bbox 321 1958 528 2000; x_wconf 86' lang='lat' dir='ltr'>Propertium,</span> <span class='ocrx_word' id='word_1_182' title='bbox 543 1958 588 1989; x_wconf 90' lang='grc' dir='ltr'>ΙΙ.</span> <span class='ocrx_word' id='word_1_183' title='bbox 604 1969 635 1988; x_wconf 91' lang='lat' dir='ltr'>x.</span> <span class='ocrx_word' id='word_1_184' title='bbox 647 1959 698 1989; x_wconf 87' lang='lat'>49.</span> <span class='ocrx_word' id='word_1_185' title='bbox 722 1959 778 1989; x_wconf 82' lang='lat' dir='ltr'>Sa-</span> 
     </span>
     <span class='ocr_line' id='line_1_30' title="bbox 120 2006 780 2049; baseline -0.002 -11"><span class='ocrx_word' id='word_1_186' title='bbox 120 2010 219 2038; x_wconf 75' lang='lat' dir='ltr'>turati</span> <span class='ocrx_word' id='word_1_187' title='bbox 246 2007 328 2038; x_wconf 87' lang='lat' dir='ltr'>enim</span> <span class='ocrx_word' id='word_1_188' title='bbox 352 2008 408 2048; x_wconf 88' lang='lat' dir='ltr'>(ex</span> <span class='ocrx_word' id='word_1_189' title='bbox 433 2006 546 2038; x_wconf 86' lang='lat' dir='ltr'>usitata</span> <span class='ocrx_word' id='word_1_190' title='bbox 570 2006 662 2047; x_wconf 82' lang='lat' dir='ltr'>hujus</span> <span class='ocrx_word' id='word_1_191' title='bbox 685 2007 780 2049; x_wconf 86' lang='lat' dir='ltr'>parti-</span> 
     </span>
     <span class='ocr_line' id='line_1_31' title="bbox 120 2054 780 2098; baseline -0.003 -11"><span class='ocrx_word' id='word_1_192' title='bbox 120 2056 193 2098; x_wconf 90' lang='lat' dir='ltr'>cipii</span> <span class='ocrx_word' id='word_1_193' title='bbox 222 2055 364 2094; x_wconf 86' lang='lat' dir='ltr'>notione)</span> <span class='ocrx_word' id='word_1_194' title='bbox 394 2055 498 2085; x_wconf 88' lang='lat' dir='ltr'>leones</span> <span class='ocrx_word' id='word_1_195' title='bbox 523 2055 626 2085; x_wconf 88' lang='lat' dir='ltr'>minus</span> <span class='ocrx_word' id='word_1_196' title='bbox 651 2054 780 2085; x_wconf 89' lang='lat' dir='ltr'>timendi</span> 
     </span>
     <span class='ocr_line' id='line_1_32' title="bbox 119 2103 778 2144; baseline 0 -9"><span class='ocrx_word' id='word_1_197' title='bbox 119 2110 203 2135; x_wconf 92' lang='lat' dir='ltr'>sunt.</span> <span class='ocrx_word' id='word_1_198' title='bbox 248 2104 330 2136; x_wconf 86' lang='lat' dir='ltr'>Hinc</span> <span class='ocrx_word' id='word_1_199' title='bbox 358 2103 518 2144; x_wconf 85' lang='lat' dir='ltr'>Virgilius,</span> <span class='ocrx_word' id='word_1_200' title='bbox 544 2104 621 2134; x_wconf 88' lang='lat' dir='ltr'>AEn.</span> <span class='ocrx_word' id='word_1_201' title='bbox 646 2115 677 2134; x_wconf 85' lang='lat' dir='ltr'>x.</span> <span class='ocrx_word' id='word_1_202' title='bbox 704 2105 778 2135; x_wconf 81' lang='lat'><strong>274.</strong></span> 
     </span>
     <span class='ocr_line' id='line_1_33' title="bbox 123 2152 779 2193; baseline 0 -9"><span class='ocrx_word' id='word_1_203' title='bbox 123 2153 272 2193; x_wconf 75' lang='lat' dir='ltr'>Impastus</span> <span class='ocrx_word' id='word_1_204' title='bbox 305 2153 359 2183; x_wconf 88' lang='lat' dir='ltr'>leo.</span> <span class='ocrx_word' id='word_1_205' title='bbox 405 2152 570 2192; x_wconf 81' lang='lat' dir='ltr'>Fortisque,</span> <span class='ocrx_word' id='word_1_206' title='bbox 590 2157 650 2184; x_wconf 88' lang='lat' dir='ltr'>etc.</span> <span class='ocrx_word' id='word_1_207' title='bbox 688 2153 779 2184; x_wconf 89' lang='lat' dir='ltr'>Conf.</span> 
     </span>
     <span class='ocr_line' id='line_1_34' title="bbox 123 2201 781 2244; baseline -0.005 -11"><span class='ocrx_word' id='word_1_208' title='bbox 123 2203 262 2244; x_wconf 83' lang='lat' dir='ltr'>Propert.</span> <span class='ocrx_word' id='word_1_209' title='bbox 277 2203 322 2233; x_wconf 90' lang='grc' dir='ltr'>ΙΙ.</span> <span class='ocrx_word' id='word_1_210' title='bbox 333 2213 385 2233; x_wconf 90' lang='lat' dir='ltr'>xv.</span> <span class='ocrx_word' id='word_1_211' title='bbox 401 2204 439 2233; x_wconf 83' lang='lat'>21</span> <span class='ocrx_word' id='word_1_212' title='bbox 452 2214 460 2240; x_wconf 82' lang='lat'>3</span> <span class='ocrx_word' id='word_1_213' title='bbox 485 2201 568 2232; x_wconf 89' lang='lat' dir='ltr'>Plin.</span> <span class='ocrx_word' id='word_1_214' title='bbox 583 2201 614 2232; x_wconf 88' lang='lat' dir='ltr'>d.</span> <span class='ocrx_word' id='word_1_215' title='bbox 628 2202 649 2231; x_wconf 95' lang='lat' dir='ltr'>l.</span> <span class='ocrx_word' id='word_1_216' title='bbox 665 2207 781 2231; x_wconf 74' lang='lat' dir='ltr'>certare</span> 
     </span>
     <span class='ocr_line' id='line_1_35' title="bbox 122 2251 782 2293; baseline -0.005 -11"><span class='ocrx_word' id='word_1_217' title='bbox 122 2263 190 2283; x_wconf 82' lang='lat' dir='ltr'>cum</span> <span class='ocrx_word' id='word_1_218' title='bbox 201 2252 370 2293; x_wconf 82' lang='lat' dir='ltr'>fugacibus</span> <span class='ocrx_word' id='word_1_219' title='bbox 384 2251 467 2292; x_wconf 79' lang='lat' dir='ltr'>feris</span> <span class='ocrx_word' id='word_1_220' title='bbox 488 2261 590 2286; x_wconf 78' lang='lat' dir='ltr'>cursu,</span> <span class='ocrx_word' id='word_1_221' title='bbox 606 2261 673 2280; x_wconf 86' lang='lat' dir='ltr'>cum</span> <span class='ocrx_word' id='word_1_222' title='bbox 686 2251 782 2280; x_wconf 82' lang='lat' dir='ltr'>auda-</span> 
     </span>
     <span class='ocr_line' id='line_1_36' title="bbox 121 2300 780 2332; baseline -0.005 -1"><span class='ocrx_word' id='word_1_223' title='bbox 121 2303 203 2332; x_wconf 86' lang='lat' dir='ltr'>cibus</span> <span class='ocrx_word' id='word_1_224' title='bbox 226 2302 340 2331; x_wconf 77' lang='lat' dir='ltr'>robore.</span> <span class='ocrx_word' id='word_1_225' title='bbox 387 2300 456 2330; x_wconf 70' lang='lat' dir='ltr'>Non</span> <span class='ocrx_word' id='word_1_226' title='bbox 482 2306 523 2330; x_wconf 81' lang='lat' dir='ltr'>est</span> <span class='ocrx_word' id='word_1_227' title='bbox 550 2300 678 2330; x_wconf 80' lang='lat' dir='ltr'>audacia</span> <span class='ocrx_word' id='word_1_228' title='bbox 703 2304 780 2329; x_wconf 80' lang='lat' dir='ltr'>tuta.</span> 
     </span>
     <span class='ocr_line' id='line_1_37' title="bbox 126 2346 782 2389; baseline -0.005 -9"><span class='ocrx_word' id='word_1_229' title='bbox 126 2349 274 2380; x_wconf 84' lang='lat' dir='ltr'>Heinsius</span> <span class='ocrx_word' id='word_1_230' title='bbox 297 2348 426 2389; x_wconf 89' lang='lat' dir='ltr'>conjicit</span> <span class='ocrx_word' id='word_1_231' title='bbox 445 2354 555 2384; x_wconf 80' lang='lat' dir='ltr'>tutum,</span> <span class='ocrx_word' id='word_1_232' title='bbox 571 2358 609 2378; x_wconf 88' lang='lat' dir='ltr'>ne</span> <span class='ocrx_word' id='word_1_233' title='bbox 629 2347 720 2377; x_wconf 89' lang='lat' dir='ltr'>nimis</span> <span class='ocrx_word' id='word_1_234' title='bbox 742 2346 782 2377; x_wconf 88' lang='lat' dir='ltr'>sit</span> 
     </span>
     <span class='ocr_line' id='line_1_38' title="bbox 124 2396 781 2440; baseline -0.005 -11"><span class='ocrx_word' id='word_1_235' title='bbox 124 2397 268 2440; x_wconf 85' lang='lat' dir='ltr'>pedester</span> <span class='ocrx_word' id='word_1_236' title='bbox 289 2408 406 2428; x_wconf 88' lang='lat' dir='ltr'>sermo:</span> <span class='ocrx_word' id='word_1_237' title='bbox 434 2402 593 2438; x_wconf 86' lang='lat' dir='ltr'>comparat</span> <span class='ocrx_word' id='word_1_238' title='bbox 614 2396 710 2426; x_wconf 82' lang='lat' dir='ltr'>Triste</span> <span class='ocrx_word' id='word_1_239' title='bbox 735 2397 781 2426; x_wconf 80' lang='grc' dir='ltr'><em>[ιι-</em></span> 
     </span>
     <span class='ocr_line' id='line_1_39' title="bbox 124 2446 686 2486; baseline -0.004 -9"><span class='ocrx_word' id='word_1_240' title='bbox 124 2458 180 2486; x_wconf 79' lang='lat' dir='ltr'>pas</span> <span class='ocrx_word' id='word_1_241' title='bbox 189 2448 315 2477; x_wconf 76' lang='lat' dir='ltr'>stabulis</span> <span class='ocrx_word' id='word_1_242' title='bbox 330 2451 361 2477; x_wconf 88' lang='lat' dir='ltr'>et</span> <span class='ocrx_word' id='word_1_243' title='bbox 379 2446 478 2485; x_wconf 82' lang='lat' dir='ltr'>Turpe</span> <span class='ocrx_word' id='word_1_244' title='bbox 493 2457 577 2476; x_wconf 72' lang='lat' dir='ltr'>senex</span> <span class='ocrx_word' id='word_1_245' title='bbox 592 2447 686 2476; x_wconf 82' lang='lat' dir='ltr'>miles.</span> 
     </span>
    </p>

    <p class='ocr_par' dir='ltr' id='par_1_10' title="bbox 125 2493 787 2732">
     <span class='ocr_line' id='line_1_40' title="bbox 169 2493 783 2534; baseline -0.007 -7"><span class='ocrx_word' id='word_1_246' title='bbox 169 2497 243 2527; x_wconf 85' lang='lat'>545.</span> <span class='ocrx_word' id='word_1_247' title='bbox 262 2497 356 2526; x_wconf 81' lang='lat' dir='ltr'>Parce</span> <span class='ocrx_word' id='word_1_248' title='bbox 371 2506 438 2530; x_wconf 84' lang='lat' dir='ltr'>esse,</span> <span class='ocrx_word' id='word_1_249' title='bbox 455 2495 517 2525; x_wconf 92' lang='lat' dir='ltr'>noli</span> <span class='ocrx_word' id='word_1_250' title='bbox 540 2505 616 2530; x_wconf 88' lang='lat' dir='ltr'>esse,</span> <span class='ocrx_word' id='word_1_251' title='bbox 632 2500 666 2524; x_wconf 91' lang='lat' dir='ltr'>ut</span> <span class='ocrx_word' id='word_1_252' title='bbox 681 2493 783 2534; x_wconf 75' lang='lat' dir='ltr'>Virgi-</span> 
     </span>
     <span class='ocr_line' id='line_1_41' title="bbox 125 2544 783 2584; baseline -0.006 -9"><span class='ocrx_word' id='word_1_253' title='bbox 125 2544 197 2581; x_wconf 84' lang='lat' dir='ltr'>lius,</span> <span class='ocrx_word' id='word_1_254' title='bbox 212 2545 287 2576; x_wconf 86' lang='lat' dir='ltr'>AEn.</span> <span class='ocrx_word' id='word_1_255' title='bbox 307 2544 351 2576; x_wconf 87' lang='lat' dir='ltr'>iii.</span> <span class='ocrx_word' id='word_1_256' title='bbox 374 2545 427 2575; x_wconf 83' lang='lat'>42.</span> <span class='ocrx_word' id='word_1_257' title='bbox 445 2554 536 2584; x_wconf 84' lang='lat' dir='ltr'>parce</span> <span class='ocrx_word' id='word_1_258' title='bbox 556 2545 699 2574; x_wconf 83' lang='lat' dir='ltr'>scelerare</span> <span class='ocrx_word' id='word_1_259' title='bbox 722 2554 783 2572; x_wconf 84' lang='lat' dir='ltr'>ma-</span> 
     </span>
     <span class='ocr_line' id='line_1_42' title="bbox 126 2593 786 2635; baseline -0.006 -11"><span class='ocrx_word' id='word_1_260' title='bbox 126 2604 192 2629; x_wconf 84' lang='lat' dir='ltr'>nus,</span> <span class='ocrx_word' id='word_1_261' title='bbox 205 2600 236 2624; x_wconf 88' lang='lat' dir='ltr'>et</span> <span class='ocrx_word' id='word_1_262' title='bbox 250 2594 375 2635; x_wconf 83' lang='lat' dir='ltr'>passim.</span> <span class='ocrx_word' id='word_1_263' title='bbox 402 2593 516 2634; x_wconf 85' lang='lat' dir='ltr'>Magno</span> <span class='ocrx_word' id='word_1_264' title='bbox 531 2599 583 2623; x_wconf 85' lang='lat' dir='ltr'>aut</span> <span class='ocrx_word' id='word_1_265' title='bbox 601 2593 681 2622; x_wconf 80' lang='lat' dir='ltr'>hand</span> <span class='ocrx_word' id='word_1_266' title='bbox 695 2602 786 2630; x_wconf 78' lang='lat' dir='ltr'>parvo</span> 
     </span>
     <span class='ocr_line' id='line_1_43' title="bbox 128 2640 787 2682; baseline -0.003 -10"><span class='ocrx_word' id='word_1_267' title='bbox 128 2642 260 2682; x_wconf 83' lang='lat' dir='ltr'>(virgil.</span> <span class='ocrx_word' id='word_1_268' title='bbox 278 2644 351 2673; x_wconf 87' lang='lat' dir='ltr'>AEn.</span> <span class='ocrx_word' id='word_1_269' title='bbox 371 2654 401 2673; x_wconf 88' lang='lat' dir='ltr'>x.</span> <span class='ocrx_word' id='word_1_270' title='bbox 423 2643 514 2681; x_wconf 77' lang='lat'><strong>494.)</strong></span> <span class='ocrx_word' id='word_1_271' title='bbox 539 2648 618 2672; x_wconf 84' lang='lat' dir='ltr'>stare</span> <span class='ocrx_word' id='word_1_272' title='bbox 641 2640 787 2671; x_wconf 87' lang='lat' dir='ltr'>dicuntur</span> 
     </span>
     <span class='ocr_line' id='line_1_44' title="bbox 129 2689 787 2732; baseline -0.003 -12"><span class='ocrx_word' id='word_1_273' title='bbox 129 2701 198 2731; x_wconf 81' lang='lat' dir='ltr'>quae</span> <span class='ocrx_word' id='word_1_274' title='bbox 215 2701 361 2732; x_wconf 86' lang='lat' dir='ltr'>magnum</span> <span class='ocrx_word' id='word_1_275' title='bbox 374 2691 461 2721; x_wconf 87' lang='lat' dir='ltr'>nobis</span> <span class='ocrx_word' id='word_1_276' title='bbox 472 2691 620 2721; x_wconf 88' lang='lat' dir='ltr'>damnum</span> <span class='ocrx_word' id='word_1_277' title='bbox 634 2689 765 2720; x_wconf 83' lang='lat' dir='ltr'>afferunt</span> <span class='ocrx_word' id='word_1_278' title='bbox 779 2700 787 2725; x_wconf 69' lang='lat'>5</span> 
     </span>
    </p>
   </div>
   <div class='ocr_carea' id='block_1_9' title="bbox 836 1680 1510 2729">
    <p class='ocr_par' dir='ltr' id='par_1_11' title="bbox 841 1680 958 1710">
     <span class='ocr_line' id='line_1_45' title="bbox 841 1680 958 1710; baseline 0 -11"><span class='ocrx_word' id='word_1_279' title='bbox 841 1680 958 1710; x_wconf 67' lang='lat' dir='ltr'><em>magno·</em></span> 
     </span>
    </p>

    <p class='ocr_par' dir='ltr' id='par_1_12' title="bbox 843 1715 1497 1806">
     <span class='ocr_line' id='line_1_46' title="bbox 885 1715 1497 1748; baseline -0.008 0"><span class='ocrx_word' id='word_1_280' title='bbox 885 1719 959 1748; x_wconf 87' lang='grc'><strong><em>548.</em></strong></span> <span class='ocrx_word' id='word_1_281' title='bbox 984 1717 1124 1747; x_wconf 70' lang='lat' dir='ltr'>Venerem</span> <span class='ocrx_word' id='word_1_282' title='bbox 1146 1715 1222 1746; x_wconf 85' lang='lat' dir='ltr'>satis</span> <span class='ocrx_word' id='word_1_283' title='bbox 1237 1719 1365 1746; x_wconf 82' lang='lat' dir='ltr'>venuste</span> <span class='ocrx_word' id='word_1_284' title='bbox 1379 1720 1411 1744; x_wconf 84' lang='lat' dir='ltr'>et</span> <span class='ocrx_word' id='word_1_285' title='bbox 1425 1723 1497 1744; x_wconf 88' lang='lat' dir='ltr'>cum</span> 
     </span>
     <span class='ocr_line' id='line_1_47' title="bbox 843 1766 1157 1806; baseline -0.006 -9"><span class='ocrx_word' id='word_1_286' title='bbox 843 1767 873 1797; x_wconf 88' lang='lat' dir='ltr'>vi</span> <span class='ocrx_word' id='word_1_287' title='bbox 888 1766 1016 1801; x_wconf 88' lang='lat' dir='ltr'>dictum,</span> <span class='ocrx_word' id='word_1_288' title='bbox 1032 1775 1087 1806; x_wconf 85' lang='lat' dir='ltr'>pro</span> <span class='ocrx_word' id='word_1_289' title='bbox 1100 1776 1157 1795; x_wconf 89' lang='lat' dir='ltr'>me.</span> 
     </span>
    </p>

    <p class='ocr_par' dir='ltr' id='par_1_13' title="bbox 836 1811 1506 2437">
     <span class='ocr_line' id='line_1_48' title="bbox 887 1811 1499 1852; baseline -0.008 -6"><span class='ocrx_word' id='word_1_290' title='bbox 887 1816 960 1846; x_wconf 86' lang='lat'><strong>550.</strong></span> <span class='ocrx_word' id='word_1_291' title='bbox 977 1814 1016 1844; x_wconf 87' lang='lat' dir='ltr'>In</span> <span class='ocrx_word' id='word_1_292' title='bbox 1030 1815 1157 1844; x_wconf 83' lang='lat' dir='ltr'>aduncis</span> <span class='ocrx_word' id='word_1_293' title='bbox 1171 1812 1336 1852; x_wconf 63' lang='lat' dir='ltr'>dentibus]</span> <span class='ocrx_word' id='word_1_294' title='bbox 1353 1811 1499 1852; x_wconf 88' lang='lat' dir='ltr'>Plerique</span> 
     </span>
     <span class='ocr_line' id='line_1_49' title="bbox 845 1859 1501 1898; baseline -0.008 -3"><span class='ocrx_word' id='word_1_295' title='bbox 845 1863 1027 1895; x_wconf 81' lang='lat' dir='ltr'>vetustiores</span> <span class='ocrx_word' id='word_1_296' title='bbox 1048 1869 1077 1893; x_wconf 87' lang='lat' dir='ltr'>et</span> <span class='ocrx_word' id='word_1_297' title='bbox 1096 1863 1221 1893; x_wconf 80' lang='lat' dir='ltr'>aduncis</span> <span class='ocrx_word' id='word_1_298' title='bbox 1232 1873 1242 1898; x_wconf 83' lang='lat'>‚-</span> <span class='ocrx_word' id='word_1_299' title='bbox 1266 1859 1414 1892; x_wconf 87' lang='lat' dir='ltr'>Heinsius</span> <span class='ocrx_word' id='word_1_300' title='bbox 1429 1870 1501 1890; x_wconf 87' lang='lat' dir='ltr'>sua-</span> 
     </span>
     <span class='ocr_line' id='line_1_50' title="bbox 845 1908 1500 1951; baseline -0.008 -8"><span class='ocrx_word' id='word_1_301' title='bbox 845 1912 897 1943; x_wconf 85' lang='lat' dir='ltr'>det</span> <span class='ocrx_word' id='word_1_302' title='bbox 918 1913 1108 1951; x_wconf 84' lang='lat' dir='ltr'>praeaduncis</span> <span class='ocrx_word' id='word_1_303' title='bbox 1130 1912 1278 1945; x_wconf 78' lang='lat' dir='ltr'>dentibus,</span> <span class='ocrx_word' id='word_1_304' title='bbox 1299 1914 1335 1940; x_wconf 89' lang='lat' dir='ltr'>ut</span> <span class='ocrx_word' id='word_1_305' title='bbox 1353 1908 1407 1940; x_wconf 89' lang='lat' dir='ltr'>vii.</span> <span class='ocrx_word' id='word_1_306' title='bbox 1430 1909 1500 1939; x_wconf 89' lang='lat'>131.</span> 
     </span>
     <span class='ocr_line' id='line_1_51' title="bbox 843 1957 1502 2000; baseline -0.006 -10"><span class='ocrx_word' id='word_1_307' title='bbox 843 1967 1000 2000; x_wconf 82' lang='lat' dir='ltr'>proeacutae</span> <span class='ocrx_word' id='word_1_308' title='bbox 1027 1961 1126 1991; x_wconf 64' lang='lat' dir='ltr'>hastae.</span> <span class='ocrx_word' id='word_1_309' title='bbox 1169 1959 1270 2000; x_wconf 86' lang='lat' dir='ltr'>Supra</span> <span class='ocrx_word' id='word_1_310' title='bbox 1288 1957 1310 1988; x_wconf 88' lang='lat' dir='ltr'>i.</span> <span class='ocrx_word' id='word_1_311' title='bbox 1331 1959 1405 1988; x_wconf 88' lang='lat'>305.</span> <span class='ocrx_word' id='word_1_312' title='bbox 1428 1967 1502 1998; x_wconf 86' lang='lat' dir='ltr'>apro</span> 
     </span>
     <span class='ocr_line' id='line_1_52' title="bbox 846 2005 1502 2048; baseline -0.008 -8"><span class='ocrx_word' id='word_1_313' title='bbox 846 2009 1023 2040; x_wconf 89' lang='lat' dir='ltr'>tribuuntur</span> <span class='ocrx_word' id='word_1_314' title='bbox 1051 2010 1128 2039; x_wconf 79' lang='lat' dir='ltr'>vires</span> <span class='ocrx_word' id='word_1_315' title='bbox 1141 2008 1289 2048; x_wconf 78' lang='lat' dir='ltr'>fulminis</span> <span class='ocrx_word' id='word_1_316' title='bbox 1298 2018 1310 2044; x_wconf 88' lang='lat'>,·</span> <span class='ocrx_word' id='word_1_317' title='bbox 1334 2005 1401 2036; x_wconf 84' lang='lat' dir='ltr'>viii.</span> <span class='ocrx_word' id='word_1_318' title='bbox 1426 2006 1502 2036; x_wconf 80' lang='lat'><strong>289.</strong></span> 
     </span>
     <span class='ocr_line' id='line_1_53' title="bbox 836 2054 1504 2099; baseline -0.006 -11"><span class='ocrx_word' id='word_1_319' title='bbox 836 2058 962 2099; x_wconf 86' lang='lat' dir='ltr'>fulmen</span> <span class='ocrx_word' id='word_1_320' title='bbox 978 2059 1014 2088; x_wconf 91' lang='lat' dir='ltr'>ab</span> <span class='ocrx_word' id='word_1_321' title='bbox 1025 2067 1074 2087; x_wconf 86' lang='lat' dir='ltr'>ore</span> <span class='ocrx_word' id='word_1_322' title='bbox 1093 2057 1158 2098; x_wconf 87' lang='lat' dir='ltr'>apri</span> <span class='ocrx_word' id='word_1_323' title='bbox 1172 2058 1276 2093; x_wconf 79' lang='lat' dir='ltr'>venit;</span> <span class='ocrx_word' id='word_1_324' title='bbox 1301 2054 1427 2085; x_wconf 85' lang='lat' dir='ltr'>xi.368.</span> <span class='ocrx_word' id='word_1_325' title='bbox 1443 2056 1504 2084; x_wconf 81' lang='lat' dir='ltr'>ric-</span> 
     </span>
     <span class='ocr_line' id='line_1_54' title="bbox 847 2103 1502 2148; baseline -0.009 -11"><span class='ocrx_word' id='word_1_326' title='bbox 847 2114 893 2137; x_wconf 76' lang='lat' dir='ltr'>tus</span> <span class='ocrx_word' id='word_1_327' title='bbox 916 2106 983 2148; x_wconf 91' lang='lat' dir='ltr'>lupi</span> <span class='ocrx_word' id='word_1_328' title='bbox 997 2107 1148 2148; x_wconf 80' lang='lat' dir='ltr'>fulminei</span> <span class='ocrx_word' id='word_1_329' title='bbox 1156 2117 1166 2142; x_wconf 89' lang='lat'><em>;</em></span> <span class='ocrx_word' id='word_1_330' title='bbox 1192 2104 1296 2135; x_wconf 83' lang='lat' dir='ltr'>Rutil.</span> <span class='ocrx_word' id='word_1_331' title='bbox 1313 2103 1334 2135; x_wconf 89' lang='lat' dir='ltr'>i.</span> <span class='ocrx_word' id='word_1_332' title='bbox 1350 2104 1423 2134; x_wconf 84' lang='lat'><strong>625.</strong></span> <span class='ocrx_word' id='word_1_333' title='bbox 1444 2109 1502 2133; x_wconf 82' lang='lat' dir='ltr'>ler-</span> 
     </span>
     <span class='ocr_line' id='line_1_55' title="bbox 845 2153 1501 2196; baseline -0.005 -11"><span class='ocrx_word' id='word_1_334' title='bbox 845 2156 940 2186; x_wconf 81' lang='lat' dir='ltr'>ribilis</span> <span class='ocrx_word' id='word_1_335' title='bbox 958 2155 1097 2196; x_wconf 81' lang='lat' dir='ltr'>fulmine</span> <span class='ocrx_word' id='word_1_336' title='bbox 1125 2155 1223 2185; x_wconf 70' lang='lat' dir='ltr'>«lentis</span> <span class='ocrx_word' id='word_1_337' title='bbox 1255 2163 1339 2192; x_wconf 83' lang='lat' dir='ltr'>aper.</span> <span class='ocrx_word' id='word_1_338' title='bbox 1399 2153 1501 2187; x_wconf 83' lang='lat' dir='ltr'>Acres,</span> 
     </span>
     <span class='ocr_line' id='line_1_56' title="bbox 847 2200 1506 2241; baseline -0.006 -7"><span class='ocrx_word' id='word_1_339' title='bbox 847 2203 914 2240; x_wconf 87' lang='lat' dir='ltr'>feri,</span> <span class='ocrx_word' id='word_1_340' title='bbox 947 2202 1109 2241; x_wconf 83' lang='lat' dir='ltr'>iracundi3</span> <span class='ocrx_word' id='word_1_341' title='bbox 1142 2203 1227 2232; x_wconf 80' lang='lat' dir='ltr'>Fast.</span> <span class='ocrx_word' id='word_1_342' title='bbox 1251 2200 1292 2232; x_wconf 87' lang='lat' dir='ltr'>iv.</span> <span class='ocrx_word' id='word_1_343' title='bbox 1321 2201 1395 2231; x_wconf 86' lang='lat'><strong>215.</strong></span> <span class='ocrx_word' id='word_1_344' title='bbox 1424 2210 1506 2231; x_wconf 81' lang='lat' dir='ltr'>acres</span> 
     </span>
     <span class='ocr_line' id='line_1_57' title="bbox 851 2249 1505 2289; baseline -0.009 -6"><span class='ocrx_word' id='word_1_345' title='bbox 851 2254 968 2289; x_wconf 83' lang='lat' dir='ltr'>leones‚·</span> <span class='ocrx_word' id='word_1_346' title='bbox 1002 2251 1164 2287; x_wconf 85' lang='lat' dir='ltr'>Phaedrus,</span> <span class='ocrx_word' id='word_1_347' title='bbox 1189 2250 1254 2280; x_wconf 87' lang='lat' dir='ltr'>Ill.</span> <span class='ocrx_word' id='word_1_348' title='bbox 1275 2249 1331 2280; x_wconf 89' lang='lat' dir='ltr'>vii.</span> <span class='ocrx_word' id='word_1_349' title='bbox 1359 2249 1409 2279; x_wconf 80' lang='lat'>18.</span> <span class='ocrx_word' id='word_1_350' title='bbox 1436 2259 1505 2278; x_wconf 87' lang='lat' dir='ltr'>acer</span> 
     </span>
     <span class='ocr_line' id='line_1_58' title="bbox 849 2296 1506 2339; baseline -0.008 -8"><span class='ocrx_word' id='word_1_351' title='bbox 849 2303 941 2331; x_wconf 86' lang='lat' dir='ltr'>canis.</span> <span class='ocrx_word' id='word_1_352' title='bbox 979 2300 1110 2339; x_wconf 80' lang='lat' dir='ltr'>Impetus</span> <span class='ocrx_word' id='word_1_353' title='bbox 1134 2299 1205 2330; x_wconf 81' lang='lat' dir='ltr'>feris</span> <span class='ocrx_word' id='word_1_354' title='bbox 1226 2297 1389 2336; x_wconf 79' lang='lat' dir='ltr'>tribuitur3</span> <span class='ocrx_word' id='word_1_355' title='bbox 1413 2296 1506 2327; x_wconf 88' lang='lat' dir='ltr'>Phae-</span> 
     </span>
     <span class='ocr_line' id='line_1_59' title="bbox 850 2345 1505 2387; baseline -0.009 -7"><span class='ocrx_word' id='word_1_356' title='bbox 850 2349 932 2385; x_wconf 88' lang='lat' dir='ltr'>drus,</span> <span class='ocrx_word' id='word_1_357' title='bbox 957 2349 1019 2379; x_wconf 90' lang='lat' dir='ltr'><strong>III.</strong></span> <span class='ocrx_word' id='word_1_358' title='bbox 1042 2348 1075 2379; x_wconf 89' lang='lat' dir='ltr'>ii.</span> <span class='ocrx_word' id='word_1_359' title='bbox 1099 2348 1150 2378; x_wconf 83' lang='lat'>14.</span> <span class='ocrx_word' id='word_1_360' title='bbox 1173 2347 1212 2378; x_wconf 93' lang='lat' dir='ltr'>de</span> <span class='ocrx_word' id='word_1_361' title='bbox 1237 2345 1401 2387; x_wconf 84' lang='lat' dir='ltr'>panthera,</span> <span class='ocrx_word' id='word_1_362' title='bbox 1425 2347 1505 2375; x_wconf 68' lang='lat' dir='ltr'>saerit</span> 
     </span>
     <span class='ocr_line' id='line_1_60' title="bbox 852 2400 1068 2437; baseline -0.009 -9"><span class='ocrx_word' id='word_1_363' title='bbox 852 2401 930 2429; x_wconf 79' lang='lat' dir='ltr'>irato</span> <span class='ocrx_word' id='word_1_364' title='bbox 945 2400 1068 2437; x_wconf 79' lang='lat' dir='ltr'>impetu.</span> 
     </span>
    </p>

    <p class='ocr_par' dir='ltr' id='par_1_14' title="bbox 893 2443 1420 2482">
     <span class='ocr_line' id='line_1_61' title="bbox 893 2443 1420 2482; baseline -0.013 -4"><span class='ocrx_word' id='word_1_365' title='bbox 893 2449 967 2478; x_wconf 87' lang='grc'><strong><em>553.</em></strong></span> <span class='ocrx_word' id='word_1_366' title='bbox 985 2446 1165 2480; x_wconf 80' lang='lat' dir='ltr'>Monstrum,</span> <span class='ocrx_word' id='word_1_367' title='bbox 1176 2443 1284 2474; x_wconf 73' lang='lat' dir='ltr'>miram</span> <span class='ocrx_word' id='word_1_368' title='bbox 1295 2453 1420 2482; x_wconf 80' lang='lat' dir='ltr'>poenam.</span> 
     </span>
    </p>

    <p class='ocr_par' dir='ltr' id='par_1_15' title="bbox 851 2491 1510 2729">
     <span class='ocr_line' id='line_1_62' title="bbox 895 2491 1506 2532; baseline -0.011 -5"><span class='ocrx_word' id='word_1_369' title='bbox 895 2498 970 2527; x_wconf 84' lang='lat'>555.</span> <span class='ocrx_word' id='word_1_370' title='bbox 984 2496 1152 2525; x_wconf 78' lang='lat' dir='ltr'>Blanditur</span> <span class='ocrx_word' id='word_1_371' title='bbox 1160 2493 1286 2532; x_wconf 80' lang='lat' dir='ltr'>populus</span> <span class='ocrx_word' id='word_1_372' title='bbox 1298 2491 1431 2531; x_wconf 63' lang='lat' dir='ltr'>umbra]</span> <span class='ocrx_word' id='word_1_373' title='bbox 1443 2491 1506 2521; x_wconf 91' lang='lat' dir='ltr'>Sub</span> 
     </span>
     <span class='ocr_line' id='line_1_63' title="bbox 851 2539 1508 2585; baseline -0.011 -9"><span class='ocrx_word' id='word_1_374' title='bbox 851 2546 957 2585; x_wconf 78' lang='lat' dir='ltr'>populo</span> <span class='ocrx_word' id='word_1_375' title='bbox 972 2555 1032 2575; x_wconf 88' lang='lat' dir='ltr'>non</span> <span class='ocrx_word' id='word_1_376' title='bbox 1047 2543 1145 2573; x_wconf 87' lang='lat' dir='ltr'>solum</span> <span class='ocrx_word' id='word_1_377' title='bbox 1162 2539 1329 2575; x_wconf 81' lang='lat' dir='ltr'>convivari,</span> <span class='ocrx_word' id='word_1_378' title='bbox 1344 2539 1398 2570; x_wconf 82' lang='lat' dir='ltr'>sed</span> <span class='ocrx_word' id='word_1_379' title='bbox 1414 2539 1508 2570; x_wconf 83' lang='lat' dir='ltr'>etiam</span> 
     </span>
     <span class='ocr_line' id='line_1_64' title="bbox 853 2589 1506 2635; baseline -0.012 -10"><span class='ocrx_word' id='word_1_380' title='bbox 853 2593 1055 2635; x_wconf 84' lang='lat' dir='ltr'>requiescere,</span> <span class='ocrx_word' id='word_1_381' title='bbox 1082 2589 1286 2626; x_wconf 78' lang='lat' dir='ltr'>confabulari,</span> <span class='ocrx_word' id='word_1_382' title='bbox 1304 2599 1406 2620; x_wconf 82' lang='lat' dir='ltr'>amare</span> <span class='ocrx_word' id='word_1_383' title='bbox 1429 2589 1506 2619; x_wconf 90' lang='lat' dir='ltr'>sole-</span> 
     </span>
     <span class='ocr_line' id='line_1_65' title="bbox 854 2637 1510 2680; baseline -0.009 -8"><span class='ocrx_word' id='word_1_384' title='bbox 854 2644 949 2672; x_wconf 85' lang='lat' dir='ltr'>bant:</span> <span class='ocrx_word' id='word_1_385' title='bbox 974 2642 1141 2676; x_wconf 79' lang='lat' dir='ltr'>blanditur,</span> <span class='ocrx_word' id='word_1_386' title='bbox 1156 2644 1245 2680; x_wconf 80' lang='lat' dir='ltr'>grata</span> <span class='ocrx_word' id='word_1_387' title='bbox 1257 2647 1313 2669; x_wconf 88' lang='lat' dir='ltr'>sua</span> <span class='ocrx_word' id='word_1_388' title='bbox 1329 2637 1438 2668; x_wconf 84' lang='lat' dir='ltr'>umbra</span> <span class='ocrx_word' id='word_1_389' title='bbox 1456 2647 1510 2667; x_wconf 88' lang='lat' dir='ltr'>nos</span> 
     </span>
     <span class='ocr_line' id='line_1_66' title="bbox 856 2685 1509 2729; baseline -0.009 -8"><span class='ocrx_word' id='word_1_390' title='bbox 856 2691 976 2721; x_wconf 80' lang='lat' dir='ltr'>invitat.</span> <span class='ocrx_word' id='word_1_391' title='bbox 1027 2690 1135 2719; x_wconf 76' lang='lat' dir='ltr'>Pressit</span> <span class='ocrx_word' id='word_1_392' title='bbox 1155 2697 1276 2729; x_wconf 79' lang='lat' dir='ltr'>gramen</span> <span class='ocrx_word' id='word_1_393' title='bbox 1293 2693 1320 2717; x_wconf 81' lang='lat' dir='ltr'>et</span> <span class='ocrx_word' id='word_1_394' title='bbox 1338 2688 1431 2725; x_wconf 76' lang='lat' dir='ltr'>ipsum</span> <span class='ocrx_word' id='word_1_395' title='bbox 1448 2685 1509 2716; x_wconf 83' lang='lat' dir='ltr'>ele-</span> 
     </span>
    </p>
   </div>
  </div>
 </body>
</html>
