1779 3130
367 161 981 204 METAMORPHOSEON
1015 164 1129 205 LIB.
1164 165 1263 206 XV.
1417 167 1499 208 447

130 272 356 320 Admotis
383 274 694 322 Athamantis
720 277 861 338 aquis
888 278 1159 325 accendere
1182 280 1369 341 lignum

131 348 385 404 Narratur,
413 351 639 397 minimos
661 368 816 414 quum
844 352 982 401 Luna
1006 356 1210 401 recessit
1235 358 1282 402 in
1309 357 1468 403 orbeS.

132 423 339 471 Flumen
365 425 552 472 habent
577 427 808 483 Cicones,
827 430 960 491 quod
982 438 1153 491 potum
1172 447 1322 478 saxea
1345 432 1507 479 reddit

129 500 350 556 Viscera,
377 503 510 563 quod
535 504 680 549 tactis
706 504 894 552 inducit
914 521 1155 553 marmora
1179 508 1341 554 rebus.

133 575 348 631 Crathis,
371 585 421 624 et
443 578 557 624 huic
580 579 785 641 Sybaris
806 581 986 627 nostris
1008 583 1340 629 conterminus
1362 584 1504 638 arvis

132 650 329 699 Electro
355 652 539 700 similes
565 653 751 702 faciunt
775 672 993 718 auroque
1019 657 1239 719 capillos.
1410 663 1505 706 316

131 727 381 791 Quodque
405 731 564 792 magis
588 731 782 788 mirum,
801 740 916 779 sunt
940 733 1025 795 qui
1050 749 1147 779 non
1171 750 1376 797 corpora
1400 742 1505 782 tan-

327 813 450 861 tum,

128 880 315 928 Verum
339 882 527 929 animos
553 883 701 930 etiam
724 884 922 931 valeant
945 891 1150 940 mutare,
1177 886 1409 949 liquores,

131 957 227 1004 Cui
252 974 350 1005 non
375 960 542 1006 audita
567 967 643 1007 est
666 961 912 1008 obscoenae
940 961 1181 1008 Salmacis
1206 962 1386 1009 undae?
1411 966 1506 1011 319

130 1033 490 1099 AEthiopesque
515 1037 686 1084 lacus?
721 1053 846 1100 quos
872 1038 912 1084 si
938 1038 1050 1100 quis
1075 1038 1300 1085 faucibus
1327 1040 1505 1095 hausit,

129 1111 232 1158 Aut
255 1112 386 1168 furit,
414 1120 499 1160 aut
522 1114 700 1161 mirum
724 1115 908 1178 patitur
933 1116 1170 1177 gravitate
1196 1132 1438 1179 soporem.

129 1187 333 1236 Clitorio
360 1190 644 1254 quicunque
669 1191 800 1238 sitim
825 1192 887 1239 de
910 1191 1044 1239 fonte
1069 1191 1260 1247 levarit,

169 1321 242 1350 311.
259 1322 392 1352 Admotis
407 1323 608 1358 Athamantis,
624 1323 701 1363 ete.]
728 1323 780 1353 So-

125 1368 190 1399 tion
220 1369 251 1400 in
278 1369 468 1402 Paradoxol.
495 1371 534 1402 de
564 1371 778 1402 Fluminibus:

128 1417 185 1449 'Ev
199 1418 361 1460 Ἀθαμᾶσι
373 1419 502 1460 κρήνην
514 1420 606 1456 εἶναι,
620 1419 658 1459 ἧς
672 1422 709 1452 τὸ
723 1422 783 1461 μὲν

126 1466 209 1508 ὕδωρ
236 1467 366 1509 ψυχρὸν
395 1468 570 1510 ὑπάρχειν,
595 1471 630 1500 τὸ
658 1468 682 1500 δ’
700 1469 782 1510 ὑπὲρ

125 1516 216 1552 αὐτὸ,
245 1516 328 1547 οὕτω
355 1517 474 1559 Θερμὸν
501 1517 674 1560 ὑπάρχειν,
704 1519 783 1550 ὥστε

125 1565 170 1596 ἄν
185 1577 233 1602 τις
250 1565 374 1607 ὑπερθῇ
393 1566 558 1608 φρύγανα,
576 1569 781 1609 παραχρῆμα

124 1613 330 1649 ἐξάπτεσθαι.
359 1615 554 1646 Athamanes
576 1616 703 1657 Epirum
733 1617 781 1646 in-

125 1663 298 1699 coluerunt,
319 1664 409 1705 cujus
427 1675 499 1705 pars
521 1664 612 1694 etiam
639 1665 782 1700 Dodone,

126 1711 176 1742 cui
206 1712 289 1742 hunc
316 1713 432 1743 fontem
460 1713 569 1743 tribuit
594 1712 728 1748 Plinius,
751 1713 783 1744 ii.

131 1761 210 1791 103:
235 1765 255 1778 “
272 1761 310 1792 In
331 1761 463 1792 Dodone
487 1761 574 1792 Jovis
599 1761 666 1792 fons
688 1772 784 1802 quum

127 1809 167 1840 sit
186 1810 318 1851 gelidus,
340 1816 372 1841 et
395 1810 555 1841 immersas
575 1811 660 1841 faces
683 1810 784 1841 extin-

126 1864 213 1899 guat,
240 1858 265 1889 si
299 1858 445 1889 extinctae
472 1858 704 1895 admoveantur,
734 1869 784 1890 ac-

131 1907 273 1938 cendit.’'

170 1956 245 1986 313.
266 1956 393 1986 Flumen
417 1957 523 1988 habent
541 1956 692 1996 Cicones]
720 1957 783 1987 Pli-

127 2006 208 2040 nius,
226 2004 260 2034 ii.
283 2005 360 2035 103:
387 2008 406 2021 “
426 2005 463 2035 In
484 2005 635 2036 Ciconum
660 2005 784 2036 flumine

126 2059 158 2084 et
179 2053 211 2084 in
226 2052 343 2084 Piceno
363 2052 437 2084 lacu
455 2053 568 2084 Velino
590 2053 708 2094 lignum
730 2054 783 2084 de-

122 2103 240 2144 jectum
256 2101 381 2142 lapideo
397 2102 510 2132 cortice
526 2101 726 2133 obducitur.‘'

171 2151 245 2181 315.
270 2150 402 2186 Crathis,
415 2150 601 2180 Thuriorum
619 2150 651 2180 in
671 2161 784 2191 magna

127 2199 252 2232 Graecia
279 2199 401 2230 fluvius.
452 2199 525 2230 Vim
554 2199 702 2230 rutilandi
731 2210 782 2230 ca-

127 2249 219 2291 pillos
252 2248 281 2279 ei
312 2248 465 2283 tribuunt,
496 2254 564 2289 post
592 2248 784 2290 Euripidem,

126 2297 240 2329 Troad.
256 2297 331 2327 227.
346 2296 381 2338 (ὁ
407 2297 530 2332 ἔανθὰν
556 2296 678 2337 χαίταν
701 2309 783 2339 πυρ-

129 2345 234 2378 σεὺων
250 2346 401 2387 Κρᾶθις,)
420 2345 510 2376 multi
531 2345 584 2376 alii
607 2346 781 2387 scriptores,

129 2405 206 2436 quos
222 2393 294 2425 vide
318 2393 401 2435 apud
426 2394 551 2425 Cluver.
574 2394 649 2424 Ital.
675 2395 786 2437 Antiq.

128 2443 170 2474 iv.
188 2444 248 2481 14;
270 2442 391 2478 Strabo,
414 2442 469 2473 lib.
487 2442 528 2473 vi.
543 2453 618 2484 pag.
633 2443 707 2473 620.
723 2448 784 2473 tra-

128 2491 186 2527 dit,
199 2501 270 2522 eum
285 2491 387 2522 facere
409 2492 485 2528 τοὺς
499 2491 535 2522 ἐν
550 2491 640 2532 αὐτῷ
653 2491 785 2533 λουομέ-

129 2551 208 2577 νους
229 2540 455 2581 ξανθοτριχεῖν
480 2541 534 2571 καὶ
555 2541 786 2581 λευκοτριχεῖν.

131 2588 284 2625 Eandem,
310 2598 346 2619 ac
366 2589 469 2630 potius
491 2589 583 2620 aliam
604 2599 665 2620 non
685 2589 786 2619 minus

132 2637 243 2668 miram
257 2638 320 2668 vim
337 2637 472 2669 habebat
487 2639 607 2679 Sybaris
615 2650 625 2675 ,·
650 2637 784 2673 Plinius,

132 2685 216 2716 xxxi.
243 2687 279 2716 2:
319 2690 339 2704 “
364 2686 594 2728 Theophrastus
623 2686 725 2721 tradit,
755 2686 786 2716 in

848 1323 971 1353 Thuriis
1007 1323 1147 1354 Crathim
1193 1323 1356 1354 candorem
1395 1323 1508 1360 facere,

849 1371 991 1411 Sybarim
1018 1371 1173 1412 nigritiam
1202 1372 1301 1402 bobus
1329 1382 1364 1402 ac
1395 1373 1509 1413 pecori.

850 1419 934 1456 Quin
955 1425 986 1450 et
1007 1420 1147 1451 homines
1170 1420 1282 1451 sentire
1304 1420 1508 1451 differentiam

851 1479 942 1505 eam3
967 1479 1039 1499 nam
1065 1469 1118 1509 qui
1147 1468 1289 1509 Sybarim
1317 1468 1437 1505 bibant,
1462 1469 1508 1499 ni-

849 1516 962 1556 griores
997 1527 1075 1552 esse,
1105 1516 1305 1557 durioresque
1341 1523 1371 1548 et
1408 1517 1507 1559 crispo

849 1564 984 1606 capillo;
1008 1565 1061 1606 qui
1091 1575 1129 1595 ex
1155 1564 1317 1600 Crathide,
1344 1564 1506 1601 candidos,

851 1613 1065 1655 mollioresque
1084 1623 1120 1643 ac
1136 1619 1276 1654 porrecta
1290 1614 1414 1644 coma.'’
1449 1615 1506 1655 Sy-

849 1662 931 1693 baris
966 1669 1070 1693 autem
1117 1665 1318 1693 conterminus
1355 1663 1508 1693 Crathidi.

850 1711 962 1741 Vibius
977 1711 1140 1752 Sequester
1155 1724 1161 1740 :
1188 1715 1206 1728 ‘¹
1221 1710 1358 1747 Crathis,
1379 1711 1508 1741 confinis

850 1760 971 1801 Sybari,
997 1759 1128 1801 capillos
1151 1760 1226 1790 facit
1255 1759 1339 1790 aurei
1365 1759 1508 1790 coloris.’'

850 1809 892 1838 Et
918 1809 1079 1845 Thurium,
1116 1809 1240 1840 colonia
1266 1809 1506 1840 Atheniensium

852 1858 892 1888 ad
917 1857 1018 1888 sinum
1038 1859 1253 1893 Tarentinum,
1267 1858 1326 1888 sita
1350 1858 1407 1888 fuit
1430 1859 1509 1890 inter

852 1913 1018 1948 utrumque
1047 1907 1185 1938 fluvium.
1229 1908 1279 1938 lta
1302 1910 1406 1938 nostris
1429 1911 1509 1939 arvis

852 1955 971 1986 dictum
996 1961 1063 1986 erat
1085 1967 1150 1998 pro,
1173 1956 1204 1986 in
1228 1956 1338 1986 nostris
1363 1956 1452 1992 arvis,
1473 1962 1508 1988 ut

852 2004 973 2035 millies.
998 2006 1171 2035 Burmann.
1187 2010 1293 2035 tamen
1308 2016 1344 2035 ex
1362 2015 1422 2034 uno
1437 2006 1508 2036 Me-

851 2053 913 2084 dic.
937 2053 1058 2089 suadet,
1082 2061 1110 2084 et
1132 2055 1179 2085 hic
1201 2055 1335 2094 Sybaris,
1355 2059 1389 2083 ut
1418 2054 1507 2094 quasi

851 2101 1040 2132 demonstret
1066 2101 1203 2133 vicinum
1231 2101 1380 2139 fluvium;
1410 2101 1508 2133 idem-

852 2160 911 2190 que
938 2161 975 2180 ex
999 2149 1141 2180 Salmasii
1161 2151 1343 2180 Exercitatt.
1362 2150 1448 2180 Plin.
1472 2162 1506 2192 p.

851 2199 925 2228 540.
949 2204 1046 2234 notat,
1067 2204 1102 2229 ut
1119 2198 1170 2229 hic
1196 2199 1303 2229 electro
1324 2200 1442 2234 similes,
1463 2199 1507 2230 ita

851 2246 1006 2278 Neronem
1023 2247 1166 2289 Poppaeae
1183 2247 1284 2277 crines
1306 2249 1437 2277 succinos
1453 2257 1506 2288 ap-

852 2295 998 2336 pellasse.
1055 2296 1188 2326 Notetur
1224 2295 1413 2326 Herodotum
1450 2297 1508 2327 τὸν

851 2345 953 2384 ξηρὸν
978 2343 1104 2385 Κρᾶθιν
1132 2354 1300 2374 memoran.
1346 2343 1396 2374 De
1426 2344 1508 2375 fonte

852 2394 1020 2423 Salmacide
1035 2392 1105 2423 vide
1120 2403 1211 2434 supra
1226 2392 1269 2423 iv.
1282 2393 1355 2423 285.

894 2443 967 2473 322.
985 2443 1130 2473 clitorius
1144 2442 1212 2472 fons
1224 2442 1316 2483 juxta
1331 2441 1506 2478 Clitorium,

852 2492 958 2522 urbem
975 2491 1117 2522 Arcadiae
1132 2502 1140 2528 ;
1165 2490 1346 2526 Pausanias,
1358 2490 1421 2520 viii.
1437 2501 1509 2532 cap.

852 2541 905 2571 21.
948 2540 998 2570 De
1020 2540 1088 2580 ejus
1111 2545 1221 2570 natura
1240 2539 1372 2574 Plinius,
1389 2538 1452 2570 xxi.
1467 2541 1505 2569 2:

853 2593 873 2605 ‘¹
889 2587 987 2619 Varro
1013 2587 1257 2619 tradit—vinum
1288 2587 1380 2618 taedio
1404 2588 1507 2618 venire

853 2637 911 2673 his,
926 2637 979 2678 qui
993 2648 1031 2668 ex
1054 2637 1182 2668 Clitorio
1196 2637 1266 2668 lacu
1287 2637 1431 2668 biberint.
1465 2637 1509 2667 At

854 2686 1002 2716 Eudoxus
1014 2691 1045 2716 et
1055 2686 1273 2727 Theopompus
1286 2685 1428 2716 inebriari
1443 2685 1506 2715 son-
