1779 3130
350 175 971 216 METAMORPHOSEON
1006 175 1124 216 LIB.
1155 176 1300 217 XIII.
1430 177 1515 217 353

127 288 479 352 Chaoniosque
505 290 658 345 sinus,
685 291 770 336 ubi
796 290 896 336 nati
924 306 1038 352 rege
1065 289 1288 337 Molosso

125 364 269 412 Irrita
293 367 531 429 subjectis
557 367 728 428 fugere
753 367 983 414 incendia
1007 367 1200 430 pennis.

191 441 430 489 Proxima
451 443 722 490 Phaeacum
747 444 973 491 felicibus
998 444 1160 491 obsita
1185 444 1342 506 pomis

125 517 264 564 Rura
288 525 490 581 petunt:
533 519 711 582 Epiros
738 521 799 567 ab
825 522 917 576 his,
946 527 1250 582 regnataque
1277 522 1374 568 vati
1414 526 1508 568 720

127 593 400 641 Buthrotos
428 594 666 659 Phrygio,
696 597 1026 659 simulataque
1054 596 1203 658 Troja
1227 604 1471 645 tenentur.

126 669 251 716 Inde
276 669 550 718 futurorum
575 672 712 727 certi,
744 688 856 734 quae
882 680 1063 719 cuncta
1087 672 1222 719 fideli

125 745 404 794 Priamides
432 748 655 795 Helenus
680 749 869 795 monitu
896 749 1212 812 praedixerat,
1241 749 1424 797 intrant

126 821 406 871 Sicaniam:
436 825 594 871 tribus
620 825 725 871 haec
752 825 969 872 excurrit
993 825 1043 871 in
1069 841 1269 887 aequora
1294 826 1505 888 linguis;

126 898 168 945 E
185 900 367 962 quibus
387 901 660 947 imbriferos
682 902 889 948 obversa
905 900 1174 965 Pachynos
1196 902 1259 948 ad
1274 902 1509 951 Austros:

126 975 365 1024 Mollibus
385 979 667 1042 expositum
686 978 928 1042 Zephyris
947 978 1200 1041 Lilybaeon
1219 996 1228 1026 :
1258 987 1310 1026 at
1325 979 1511 1027 Arcton

125 1051 356 1116 AEquoris
383 1062 639 1118 expertem
667 1063 878 1119 spectat,
908 1055 1205 1118 Boreanque
1232 1055 1453 1103 Peloros.

124 1238 320 1280 conspiciunt
343 1241 510 1276 Dodonam,
528 1241 611 1282 quod
635 1242 698 1272 fieri
723 1254 782 1273 non

124 1288 246 1328 potuit;
267 1289 404 1319 Dodona
427 1289 508 1320 euim
533 1291 565 1321 in
588 1291 782 1332 septemtrio-

125 1336 188 1367 nali
205 1337 291 1378 Epiri
312 1344 398 1379 parte
416 1338 476 1369 sita
490 1338 560 1370 fuit.
605 1340 783 1370 Secundum

126 1384 261 1428 Dionys.
284 1386 386 1418 Halic.
409 1387 428 1418 i.
445 1389 498 1419 51.
516 1390 649 1424 AEneas,
675 1389 785 1420 relicta

123 1433 224 1464 classe
245 1435 328 1476 apud
350 1436 548 1472 Buthrotum,
565 1447 635 1468 cum
654 1437 784 1468 lectissi-

126 1483 186 1513 mis
200 1483 284 1520 viris,
301 1484 432 1515 duorum
456 1485 576 1516 dierum
600 1486 709 1517 itinere
731 1497 785 1527 per

126 1537 239 1563 terram
263 1534 417 1570 confecto,
444 1534 610 1565 Dodonam
634 1536 784 1576 pervenit,

124 1581 212 1611 Jovis
227 1583 386 1613 oraculum
403 1583 608 1614 consulturus.
653 1584 699 1614 Ea
713 1583 786 1614 olim

126 1640 145 1661 a
170 1631 338 1662 Chaonibns
361 1632 502 1663 habitata
525 1638 633 1673 postea
655 1633 788 1664 Molossis

125 1680 247 1721 paruit3
271 1681 453 1712 Eustatliius
469 1681 507 1712 ad
525 1682 705 1716 Homerum,
722 1682 786 1712 Od.

127 1730 170 1762 Ξ.
197 1741 228 1771 p.
253 1731 328 1760 544.
385 1731 434 1760 Ibi
462 1731 566 1760 nobile
595 1736 787 1771 quercetum,

126 1778 215 1819 cujus
244 1789 377 1820 quercus
405 1789 481 1810 voce
510 1779 648 1810 humana
676 1779 788 1810 locutae

127 1837 194 1858 esse
210 1832 303 1869 atque
319 1828 446 1858 oracula
466 1828 599 1858 edidisse
615 1827 789 1865 traduntur,

127 1876 211 1906 unde
237 1875 439 1918 προσήγοροι
469 1883 500 1907 et
522 1878 675 1918 μαντικαὶ
699 1876 791 1918 δρύες

130 1924 223 1955 dictae
254 1931 336 1956 sunt.
383 1926 577 1956 RIoIossorum
601 1937 652 1956 retr
681 1927 788 1957 Muni-

127 1973 205 2004 chus
220 1981 281 2005 tres
297 1974 406 2005 habuit
422 1974 501 2005 filios
519 1981 549 2005 et
565 1985 658 2005 unam
679 1975 786 2011 filiam,

127 2023 193 2065 qui,
209 2034 305 2065 quum
326 2024 463 2055 latrones
485 2023 588 2065 ignem
610 2024 788 2065 injecissent

127 2071 281 2106 domibus.
298 2082 317 2102 a
330 2073 408 2103 Jove
424 2072 455 2103 in
477 2083 551 2103 aves
569 2073 679 2103 mutati
695 2079 766 2104 sunt
780 2085 787 2111 ;

128 2121 248 2152 Aulon.
263 2121 425 2157 Liberalis,
442 2131 514 2162 cap.
534 2123 584 2151 14.

171 2170 245 2200 719.
262 2170 411 2200 Felicibus
431 2172 523 2200 obsita
534 2171 655 2211 pomis]
676 2170 788 2211 Respi-

129 2219 174 2250 cit
197 2220 237 2250 ad
254 2219 380 2250 Alcinoi
405 2220 520 2256 hortm,
537 2220 590 2261 qui
613 2230 667 2261 per
691 2225 788 2250 totum

130 2278 245 2300 annum
290 2268 496 2299 abundabant
532 2268 630 2298 omnis
667 2268 789 2308 generis

130 2317 298 2348 fructibus:
334 2317 459 2347 Homer.
489 2317 551 2348 Od.
580 2320 620 2348 H.
653 2318 712 2347 112
740 2327 788 2358 sq.

131 2366 304 2402 Buthrotos,
320 2372 374 2397 aut
393 2366 591 2402 Buthrotum,
608 2365 646 2396 ad
668 2371 788 2408 portum

130 2415 293 2446 Pelodem.
337 2416 398 2445 Hic
422 2416 573 2456 regnabat
590 2422 670 2446 vates
689 2416 787 2455 Phry-

127 2466 209 2506 gius,
225 2465 376 2500 Helenus,
393 2463 508 2494 Priami
528 2464 621 2501 filius,
641 2465 701 2505 (cf.
725 2474 788 2495 ver.

131 2513 222 2551 320.)
237 2514 291 2555 qui
310 2513 420 2554 Pyrrhi
439 2520 470 2544 et
491 2514 622 2555 conjuge
644 2519 675 2544 et
695 2523 789 2553 regno

130 2562 259 2603 potitus,
284 2561 421 2603 pristinae
454 2563 560 2603 patriae
594 2561 718 2592 nomina
749 2562 789 2592 ad

131 2621 227 2641 novas
241 2611 331 2642 sedes
346 2611 556 2647 transtulerat,
571 2621 653 2642 more
674 2621 790 2646 eorum,

134 2660 187 2700 qui
202 2659 339 2690 colonias
354 2659 555 2690 deducebant
569 2659 600 2690 in
613 2659 691 2690 alias
706 2669 790 2689 oras:

135 2707 207 2738 hinc
231 2709 371 2738 simulata
393 2708 494 2748 Trqja,
510 2707 682 2740 assimilata
703 2706 794 2748 priori

178 2757 277 2787 VOL.
294 2757 352 2787 lv.

849 1243 960 1284 Trojae.
1008 1242 1169 1283 Virgilius,
1195 1253 1257 1273 ver.
1281 1244 1360 1274 349:
1400 1247 1418 1260 ‘⁴
1437 1243 1512 1273 Pro-

850 1291 939 1327 cedo,
955 1297 987 1322 et
1006 1301 1135 1332 parvam
1156 1291 1280 1332 Trojam
1304 1291 1511 1332 simulataque

851 1340 972 1380 magnis
998 1341 1162 1381 Pergama,
1179 1346 1209 1370 et
1232 1347 1369 1371 arentem
1394 1341 1513 1371 Xanthi

853 1389 1037 1430 cognomine
1061 1388 1161 1419 rivum
1185 1389 1330 1429 Agnosco
1341 1389 1372 1427 ;''
1398 1395 1429 1420 et
1452 1400 1514 1420 ver.

852 1438 1030 1479 302falsus
1046 1438 1150 1467 Simois
1165 1437 1273 1468 eodem
1289 1447 1392 1468 sensu.
1416 1438 1515 1480 Apud

852 1486 985 1528 Dionys.
1002 1487 1064 1516 d.l.
1082 1487 1201 1516 FEneas
1216 1496 1286 1516 cum
1302 1487 1393 1517 sociis
1404 1487 1512 1517 Dodo-

855 1545 926 1565 nam
954 1535 1121 1576 profectuS,
1147 1534 1178 1564 in
1201 1534 1359 1565 Helenum
1383 1534 1514 1573 incidit;

854 1583 908 1614 sed
938 1583 1101 1624 Virgilius,
1130 1582 1213 1613 unde
1246 1583 1359 1614 Noster
1387 1583 1515 1625 pendet,

856 1631 895 1662 ad
914 1631 1102 1662 Buthrotum
1127 1631 1215 1662 illum
1234 1641 1395 1662 occursum
1415 1637 1514 1663 traus-

855 1681 938 1711 tulit.

901 1730 974 1759 722.
1000 1728 1075 1759 Inde
1089 1730 1273 1769 jiitnrorum
1299 1730 1387 1759 certi:
1419 1740 1515 1770 quum

855 1777 1013 1809 orientalis
1040 1778 1142 1808 Italiae
1172 1788 1242 1818 pars
1267 1778 1333 1818 jam
1360 1788 1455 1819 prope
1484 1779 1516 1808 in

855 1833 1023 1868 conspectu
1046 1832 1127 1857 esset
1149 1827 1363 1868 Ti-ojanorum,
1388 1828 1427 1857 ab
1451 1827 1516 1858 He-

854 1876 925 1906 leno
941 1882 1111 1911 monentur,
1123 1875 1161 1905 ad
1178 1875 1388 1906 occidentales
1403 1886 1471 1906 oras
1484 1887 1516 1907 se

855 1936 872 1955 a
902 1925 972 1955 satis
999 1924 1089 1961 duci;
1120 1923 1226 1965 itaque
1256 1930 1348 1954 antea
1376 1924 1514 1955 Siciliam

855 1973 1032 2005 adeundam
1047 1983 1127 2003 esse.
1173 1972 1271 2003 Simul
1289 1974 1327 2003 ab
1347 1983 1383 2004 eo
1403 1973 1517 2004 docen-

855 2030 914 2060 tur,
927 2034 997 2065 quae
1014 2023 1084 2053 loca
1099 2022 1285 2053 transeunda
1303 2028 1356 2053 aut
1371 2029 1516 2064 praetere-

855 2073 950 2107 unda,
969 2072 1044 2114 quid
1066 2071 1236 2114 petendum
1259 2071 1398 2113 quidque
1412 2071 1515 2102 vitan-

855 2122 940 2157 dum,
955 2129 986 2151 et
1000 2121 1032 2150 in
1048 2130 1110 2161 quo
1126 2119 1194 2150 loco
1210 2119 1433 2150 considendum
1456 2120 1495 2150 sit
1509 2133 1516 2158 3

855 2170 969 2210 virgil.
987 2179 1050 2199 ver.
1066 2169 1249 2199 374—462.

899 2219 973 2248 724.
991 2218 1113 2259 Lingua
1130 2218 1305 2257 frequenter
1318 2216 1357 2246 de
1374 2227 1518 2258 promon-

857 2267 951 2306 tori03
975 2267 1044 2298 vide
1076 2266 1256 2296 lleinsium:
1287 2265 1331 2295 sic
1360 2272 1391 2295 et
1416 2266 1517 2297 fluviis

857 2318 947 2353 labia,
970 2316 1127 2346 montibus
1149 2317 1323 2354 supercilia,
1350 2315 1425 2345 mari
1449 2317 1516 2345 bra-

856 2367 923 2397 chia
938 2366 1134 2402 tribuuntur-3
1151 2363 1221 2394 vide
1233 2364 1382 2394 Gataker.
1393 2364 1518 2396 Miscel.

854 2425 926 2456 pag.
943 2415 1019 2444 364.
1065 2413 1171 2443 Verba
1185 2413 1215 2442 in
1233 2413 1290 2442 hac
1311 2422 1343 2442 re
1365 2412 1519 2443 sollennia

856 2473 1016 2494 excurrere
1031 2467 1062 2493 et
1078 2472 1265 2501 procurrere,
1280 2460 1361 2491 unde
1377 2471 1519 2502 promon-

856 2512 933 2541 toria
948 2511 1016 2552 ipsa
1034 2521 1194 2549 procursus
1210 2515 1367 2539 vocantur.
1405 2511 1455 2540 De
1471 2510 1518 2540 Si-

857 2560 937 2590 ciliae
953 2558 1167 2601 promontoriis
1183 2559 1287 2589 confer
1300 2569 1328 2588 ν.
1339 2560 1414 2589 350.
1440 2561 1517 2590 Arc-

861 2615 908 2638 ton
932 2610 1055 2647 oequoris
1078 2613 1240 2646 caper-lem,
1265 2607 1346 2636 conf.
1369 2617 1430 2638 ver.
1445 2609 1519 2639 293.

865 2658 983 2687 Peloros
1010 2655 1114 2686 dictus
1142 2662 1189 2686 est
1218 2665 1235 2685 a
1264 2655 1383 2691 Peloro,
1411 2656 1521 2687 classis

863 2705 1050 2736 Hannibalis
1065 2705 1283 2745 gubernatore,
1300 2704 1343 2734 ibi
1359 2705 1492 2746 sepulto.

994 2755 1014 2783 Z
1032 2765 1044 2783 z
