1779 3130
234 169 319 209 246
622 169 672 209 Ρ.
705 168 914 208 OVIDII
948 167 1224 209 NASONIS

235 281 414 344 Eligit:
455 288 505 329 et
529 297 694 328 rursus
721 282 855 328 molli
881 282 1116 343 languore
1141 283 1348 337 solutus,

235 356 581 420 Deposuitque
607 365 772 420 caput,
791 364 1049 420 stratoque
1074 358 1353 404 recondidit
1378 359 1496 405 alto.
1521 361 1615 405 649

234 434 327 481 Ille
351 434 497 489 volat,
523 434 683 480 nullos
710 435 945 497 strepitus
971 434 1267 482 facientibus
1296 435 1400 488 alis,
1481 436 1616 497 [bem

232 509 331 556 Per
355 510 602 565 tenebras,
630 511 858 573 intraque
885 526 1031 556 morae
1065 512 1213 557 breve
1239 519 1437 574 tempus
1463 511 1512 557 in
1537 527 1616 556 ur-

232 586 466 633 Pervenit
492 585 828 633 Haemoniam:
859 587 1135 649 positisque
1161 603 1187 633 e
1213 603 1416 649 corpore
1442 587 1617 650 pennis

233 661 294 708 In
319 662 495 710 faciem
523 663 706 726 Ceycis
733 663 853 718 abit,
880 664 1137 726 formaque
1163 664 1255 709 sub
1282 664 1366 710 illa

234 738 461 794 Luridus,
489 739 730 801 exsangui
757 739 948 795 similis,
978 739 1084 786 sine
1108 739 1331 786 vestibus
1357 739 1487 794 ullis,
1522 743 1617 786 654

235 814 475 877 Conjugis
502 823 615 862 ante
640 824 801 862 torum
827 816 1018 862 miserae
1046 816 1212 862 stetit:
1253 816 1352 862 uda
1373 816 1568 862 videtur

231 890 398 938 Barba
411 891 514 946 viri,
531 892 844 954 madidisque
864 892 1024 953 gravis
1045 891 1197 938 fluere
1214 893 1346 939 unda
1366 892 1575 956 capillis.

230 966 358 1013 Tum
381 967 510 1014 lecto
535 967 844 1022 incumbens,
871 967 990 1014 fletu
1017 983 1164 1030 super
1188 984 1274 1014 ora
1297 968 1476 1023 refuso,

234 1042 357 1090 Haec
383 1044 479 1091 ait:
511 1050 540 1067 “
562 1043 810 1106 Agnoscis
835 1043 1021 1107 Ceyca,
1048 1044 1322 1091 miserrima
1344 1045 1562 1107 conjux?

233 1119 314 1165 An
339 1135 450 1166 mea
474 1126 666 1166 mutata
690 1127 769 1166 est
792 1119 945 1166 facies
971 1121 1129 1167 nece?
1167 1121 1387 1184 respice3
1422 1137 1616 1176 nosces,

233 1195 564 1258 Inveniesque
580 1203 664 1242 tuo
680 1212 766 1258 pro
786 1197 997 1258 conjuge
1013 1197 1238 1259 conjugis
1257 1198 1499 1244 umbram.
1520 1201 1616 1245 660

236 1271 322 1318 Nil
347 1272 470 1334 opis,
501 1271 776 1335 Halcyone,
804 1273 948 1319 nobis
970 1280 1056 1320 tua
1080 1281 1195 1320 vota
1218 1275 1465 1321 tulerunt:

237 1347 554 1395 Occidimus:
593 1348 727 1395 falsae
753 1349 843 1395 tibi
869 1365 949 1396 me
973 1350 1258 1412 promittere
1285 1351 1401 1397 noli.

237 1424 451 1470 Nubilus
477 1424 646 1486 AEgaeo
667 1425 932 1488 deprendit
957 1425 1006 1471 in
1032 1441 1230 1487 aequore
1255 1427 1418 1473 navim

238 1500 436 1555 Auster,
464 1507 514 1547 et
537 1501 726 1562 ingenti
746 1502 987 1563 jactatam
1008 1501 1205 1548 fiamine
1232 1502 1402 1549 solvit:

238 1576 440 1640 Oraque
456 1584 638 1633 nostra,
658 1585 796 1624 tuum
813 1577 992 1626 frustra
1007 1579 1273 1626 clamantia
1289 1595 1484 1634 nomen,
1523 1582 1618 1626 665

237 1653 511 1717 Implerunt
534 1655 715 1702 fluctus
738 1673 747 1702 :
777 1672 874 1702 non
900 1657 1004 1703 haec
1031 1656 1118 1703 tibi
1146 1656 1341 1703 nuntiat
1364 1663 1534 1702 auctor

236 1776 308 1806 bere
324 1776 438 1817 capite.
482 1778 552 1806 Alto
574 1776 717 1807 additum
735 1776 897 1818 dignitatis

237 1834 342 1860 causa,
380 1824 454 1865 quia
489 1826 622 1856 Somnus
658 1826 756 1857 Deus.
785 1826 898 1867 Virgil.

238 1874 367 1904 AEneid.
383 1874 415 1903 ii.
431 1875 463 1904 2.

280 1923 354 1953 650.
364 1922 422 1953 Ille
436 1925 524 1961 volat,
536 1923 613 1963 etc.]
627 1924 699 1954 Non
711 1924 801 1954 modo
811 1924 897 1954 Som-

239 1983 305 2007 nus,
322 1972 375 2002 sed
392 1971 485 2002 etiam
501 1972 627 2002 Somnia
643 1974 706 2002 alas
720 1972 898 2010 habebant3

239 2020 379 2061 Euripid.
399 2021 478 2051 Hec.
501 2021 553 2050 71.
582 2021 707 2052 Πότνια
733 2021 824 2061 χθὼν
846 2034 898 2061 με·

240 2069 496 2110 λανοπτερύγων
520 2071 620 2110 μᾶτερ
643 2070 808 2110 Ὀνείρων.
843 2072 898 2100 Se—

241 2117 378 2148 cundum
391 2117 523 2147 Lucian.
540 2117 571 2147 d.
584 2118 605 2148 l.
620 2118 651 2148 in
665 2118 796 2148 Somniis
812 2125 899 2149 erant

241 2166 335 2196 etiam
351 2167 508 2207 πτερωτοί
523 2178 622 2203 τινες.
672 2167 779 2197 Nullos
794 2171 897 2208 strepi-

241 2222 298 2250 tus,
315 2226 353 2245 ne
375 2216 524 2246 excitaret
540 2215 755 2246 dormientem.
802 2216 899 2257 Apud

241 2264 362 2299 Silium,
383 2274 446 2294 ver.
472 2265 546 2294 354.
566 2275 618 2303 per
642 2267 765 2294 tacitum
791 2266 897 2294 allabi-

244 2321 295 2343 tur
310 2324 447 2344 somnus.
486 2313 579 2343 Morte
598 2314 681 2343 breve
702 2320 813 2353 tempus
834 2325 899 2355 pro,

243 2363 345 2392 brevis
374 2361 520 2403 temporis
549 2372 644 2397 mora,
668 2361 699 2392 id
726 2370 783 2397 est,
807 2363 899 2393 breve

244 2417 386 2451 tempus,
412 2410 482 2441 vide
499 2410 539 2441 ad
556 2410 597 2440 ix.
619 2411 688 2441 134.

287 2461 360 2490 653.
381 2460 546 2501 Infaciem
568 2460 698 2501 Ceycis]
726 2461 899 2491 Conf.Vir-

245 2509 348 2548 gilius,
379 2510 456 2539 AEn.
479 2509 510 2538 ii.
534 2510 596 2539 268
625 2520 693 2550 sqq.
723 2509 775 2539 ubi
807 2509 900 2539 etiam

246 2557 361 2587 Hector
376 2565 439 2588 tam
455 2558 540 2588 foedo
556 2557 664 2588 habitu
687 2565 824 2600 apparet,
840 2570 900 2599 quo

247 2617 262 2635 e
293 2605 356 2636 vita
382 2614 576 2643 excesserat,
608 2607 678 2637 vide
709 2608 748 2637 ad
778 2619 808 2637 x.
835 2609 898 2638 49:

248 2653 327 2683 adde
348 2654 520 2690 Tibullum,
538 2655 583 2685 ΙΙ.
599 2654 639 2685 vi.
655 2656 706 2685 39.
753 2658 843 2686 Abire
863 2656 902 2686 de

247 2702 527 2739 transformatione,
545 2711 577 2734 ut
595 2703 617 2734 i.
634 2705 707 2734 ⁸236.

1006 1778 1080 1808 656.
1110 1777 1237 1818 Proprie
1269 1777 1375 1819 capilli
1398 1788 1502 1819 graves
1523 1777 1625 1807 referti

965 1828 1070 1863 undem
1095 1826 1167 1856 hinc
1193 1837 1275 1867 aqua
1298 1827 1366 1868 ipsa
1388 1826 1461 1856 inde
1481 1826 1622 1857 defluens

964 1878 1075 1916 graiis,
1091 1875 1227 1916 copiosa.

1008 1925 1080 1954 662.
1095 1925 1190 1954 fulsae
1212 1924 1390 1954 emendavit
1406 1923 1554 1954 Heinsius
1570 1934 1624 1964 pro

955 1973 1041 2014 falsu
1059 1973 1134 2013 (hoc
1150 1973 1265 2003 habent
1281 1973 1375 2002 nostri
1391 1972 1518 2013 Regii.)
1562 1973 1621 2008 Tu,

966 2032 1035 2062 quae
1052 2022 1167 2052 falleris
1184 2022 1261 2052 votis
1276 2021 1346 2057 tuis,
1362 2021 1423 2051 noli
1437 2032 1559 2062 sperare
1575 2032 1623 2051 me

966 2070 1021 2100 tibi
1049 2070 1230 2100 rediturum.
1285 2070 1477 2109 Deprendere
1504 2069 1626 2110 proprie

966 2118 1004 2149 de
1019 2118 1122 2149 subita
1143 2124 1338 2159 tempestate,
1359 2129 1427 2159 qua¹
1445 2117 1626 2158 navigantes

965 2167 1120 2208 opprimit.
1158 2168 1257 2208 AEgoeo
1283 2170 1312 2197 in
1341 2178 1464 2207 aquare,
1490 2166 1521 2197 in
1548 2167 1625 2197 mari

966 2217 1089 2256 fingam,
1106 2215 1189 2256 quod
1210 2227 1226 2246 e
1246 2216 1317 2246 sinu
1336 2216 1472 2246 Maliaco
1486 2216 1542 2246 sub
1559 2216 1624 2246 He-

965 2265 1080 2301 raclea,
1110 2275 1163 2295 seu
1193 2265 1345 2295 Trachine
1379 2265 1510 2295 solventi
1540 2265 1625 2305 traji-

967 2313 1111 2343 ciendum
1149 2320 1195 2343 est
1231 2313 1261 2344 in
1293 2313 1415 2344 Ioniam
1444 2313 1625 2353 naviganti3

967 2372 1060 2403 supra
1083 2372 1148 2392 ver.
1180 2363 1254 2392 478.
1306 2363 1450 2403 Namque
1480 2363 1625 2402 digaeum

967 2421 1049 2441 mare
1079 2411 1139 2441 duo
1170 2411 1260 2441 alluit
1280 2411 1410 2441 Graeciae
1440 2411 1557 2448 latera;
1585 2410 1624 2440 il-

967 2459 1021 2489 lud
1052 2459 1091 2489 ad
1120 2466 1219 2490 ortum
1249 2460 1341 2498 solis3
1379 2460 1436 2489 hoc
1466 2459 1505 2490 ad
1534 2459 1625 2490 meri-

968 2508 1063 2538 diem.

1011 2557 1083 2586 666.
1097 2560 1209 2587 Auctor
1221 2559 1387 2598 ambiguus,
1398 2556 1533 2586 incertus
1544 2567 1622 2586 nuu-

968 2605 1039 2636 tius.
1065 2607 1201 2647 Propert.
1217 2607 1243 2637 I.
1259 2607 1323 2637 xiii.
1340 2606 1410 2635 Hzfc
1430 2617 1481 2646 ego
1497 2616 1553 2635 non
1571 2616 1622 2635 ru—

970 2667 1047 2685 more
1076 2657 1160 2691 malo,
1193 2668 1247 2686 non
1273 2666 1389 2697 augure
1415 2657 1527 2689 doctus,
1558 2655 1625 2684 Isidi

971 2716 1039 2745 egre:
1057 2716 1108 2741 me,
1120 2717 1220 2745 quasso,
1240 2712 1319 2740 teste,
1341 2716 1447 2746 negare
1459 2704 1559 2743 potes?
