1779 3130
221 175 307 216 208

610 173 659 213 P.
694 171 897 213 OVIDII
930 169 1207 211 NASONIS

222 287 388 335 Vei-rit
412 288 615 333 humum
640 284 791 348 Tyrio
817 291 1038 332 saturata
1061 283 1247 330 murice
1272 282 1431 345 palla:

225 364 627 424 Distinctamque
652 361 799 407 fidem
827 360 1052 422 gemmis,
1081 366 1130 406 et
1154 358 1386 405 dentibus
1413 357 1550 403 Indis

224 440 450 487 Sustinet
475 454 504 484 a
527 438 675 484 laeva:
715 436 876 482 tenuit
899 452 1074 483 manus
1101 435 1254 481 altera
1274 435 1536 497 plectrum.

220 515 438 562 Artificis
465 520 623 561 status
649 512 755 576 ipse
781 512 900 560 fuit:

217 591 408 639 Pollice
433 589 693 637 sollicitat:
734 605 944 651 quorum
969 587 1232 634 dulcedine
1258 592 1434 648 captus

940 519 1046 558 turn
1072 510 1285 557 stamina
1309 510 1455 556 docto

1512 587 1602 631 170

221 669 362 715 Pana
379 668 526 730 jubet
550 666 752 712 Tmolus
777 665 980 711 citharae
1007 663 1299 710 submittere
1325 676 1526 708 cannas.

217 744 247 790 J
253 743 471 790 udicium
491 742 750 804 sanctique
775 742 939 805 placet
963 739 1209 786 sententia
1234 738 1414 784 montis

221 820 494 867 Omnibus:
535 818 756 880 arguitur
780 824 962 872 tamen,
991 823 1143 877 atque
1169 813 1354 877 injusta
1376 819 1579 860 vocatur

218 896 381 942 Unius
407 911 636 942 sermone
662 894 843 941 Midae:
884 909 977 940 nec
1005 892 1178 939 Delius
1205 907 1349 938 aures

216 971 499 1018 Humanam
525 971 729 1018 stolidas
756 970 940 1033 patitur
964 968 1175 1015 retinere
1201 967 1435 1028 figuram3

1509 968 1599 1012 175

218 1048 319 1095 Sed
344 1048 493 1095 trahit
516 1048 565 1094 in
587 1047 818 1111 spatium,
845 1046 1074 1108 villisque
1101 1043 1384 1092 albentibus
1410 1042 1599 1105 implet,

216 1123 586 1187 Instabilesque
607 1123 704 1170 imo
730 1122 863 1179 facit,
891 1129 940 1169 et
963 1122 1049 1168 dat
1074 1137 1221 1185 posse
1242 1118 1442 1166 moveri.

214 1279 369 1308 videbatur
383 1280 451 1308 tulis
467 1279 596 1309 illudere
610 1279 702 1316 palla.
740 1277 801 1308 Sed
817 1288 871 1319 pro

213 1329 307 1357 verrit
323 1327 379 1357 hoc
396 1327 473 1363 loco,
495 1337 572 1357 unus
596 1327 666 1356 MS.
683 1326 872 1357 Basileensis

210 1377 318 1411 sulcat,
334 1376 409 1406 satis
422 1376 592 1416 eleganter.
617 1375 823 1410 Claudianus,
840 1375 871 1405 in

211 1424 340 1465 Eutrop.
362 1424 397 1454 ii.
425 1426 498 1454 300.
523 1435 632 1454 cui-rus
660 1426 759 1454 sulcat
778 1427 873 1464 juga.

212 1472 358 1502 Saturum
382 1473 472 1512 Tyrio
497 1475 619 1508 murice,
650 1473 725 1502 satis
750 1472 871 1503 imbuta

211 1521 311 1551 colore
327 1531 491 1562 purpureo.
529 1522 623 1551 Satur
637 1522 717 1551 color
733 1531 749 1550 e
769 1520 870 1550 Plinio

213 1576 316 1600 notus.
364 1570 462 1606 Fides,
487 1570 631 1606 cithara3
658 1569 816 1604 Horatius,
839 1569 868 1599 Ι.

213 1619 274 1649 Od.
287 1619 361 1650 xvii.
377 1620 505 1660 18.ficles
517 1619 602 1655 Teia,
614 1619 682 1659 lyra
693 1618 869 1649 Anacreon-

211 1667 251 1698 tis
263 1669 342 1699 Teii.
364 1669 556 1699 Glossarium
566 1667 764 1699 Graeco-Lat.
775 1667 868 1704 Fidis,

209 1716 306 1758 λύρα,
322 1717 449 1757 κιθάρα.
498 1718 573 1747 Erat
591 1719 751 1750 instructa,
770 1717 867 1752 culta,

209 1773 328 1797 ornata.
374 1766 455 1797 Vide
479 1766 643 1796 Heinsium
667 1765 707 1796 ad
726 1766 810 1796 Fast.
835 1765 868 1796 ii.

211 1817 297 1853 318;
329 1815 493 1857 Apuleius,
519 1814 633 1846 Florid.
657 1815 677 1845 i.
706 1815 745 1845 de
768 1815 865 1856 Apol-

210 1864 295 1895 line:
321 1869 340 1881 “
355 1864 439 1901 Quid
459 1863 541 1905 quod
564 1870 594 1894 et
615 1863 681 1905 lyra
703 1863 769 1904 ejus
793 1873 867 1894 auro

210 1913 357 1953 fulgurat,
377 1913 468 1943 ebore
489 1912 646 1946 candicat,
668 1911 798 1952 gemmis
814 1922 866 1941 va—

208 1960 376 2001 riegatur.’'
407 1961 436 1990 A
451 1961 575 1990 Tibullo
591 1960 621 1990 d.
635 1960 657 1989 l.
674 1959 700 1989 ei
713 1959 866 1995 tribuitur,

200 2010 331 2051 fulgens
347 2011 494 2039 testudine
511 2015 539 2038 et
554 2020 629 2038 auro
647 2009 737 2047 [μνᾶς
762 2014 793 2038 et
807 2009 869 2038 IV.

208 2057 252 2088 iii.
269 2059 319 2088 22.
337 2059 504 2088 testudinea
526 2057 631 2087 Phfflbe
649 2058 770 2095 superbe
789 2058 867 2096 lyra.

209 2106 270 2137 Sed
297 2107 353 2137 hoc
378 2107 445 2136 loco
471 2105 606 2147 plurimi,
630 2108 867 2144 distinctumque,

210 2155 293 2196 quod
307 2155 420 2185 nollem
432 2155 470 2185 ab
483 2154 610 2184 Heinsio
625 2160 755 2195 quatuor
769 2153 868 2185 Codd.

209 2203 391 2234 auctoritate
411 2209 579 2233 mutatum.
623 2203 696 2232 Non
715 2212 805 2242 nego,
820 2204 867 2232 iiz-

209 2258 356 2282 structum
382 2251 443 2281 dici
467 2261 531 2292 pro,
556 2256 708 2286 ornatum,
731 2250 785 2280 sed
808 2252 867 2281 ‹iis-

209 2303 336 2330 tinctum
353 2299 530 2340 elegantius
549 2300 647 2330 multo
666 2300 794 2329 verbum
811 2305 868 2335 est,

208 2349 289 2390 quod
319 2354 481 2390 usurpatur
510 2348 548 2379 de
570 2349 674 2384 rebus,
703 2359 772 2389 quae
802 2348 866 2378 dis-

209 2398 306 2439 persis
321 2398 509 2428 ornamentis
523 2398 685 2438 variegata
703 2402 785 2427 sunt.
815 2397 866 2427 Sic

209 2448 321 2487 pocula
350 2448 491 2477 distinctu
521 2447 661 2487 genimis,
691 2451 779 2487 prata
806 2447 865 2476 ‹Iis-

211 2497 305 2525 linctu
323 2495 458 2529 floribus,
474 2495 590 2525 coelum
604 2496 778 2524 distinctum
793 2494 866 2524 stel-

208 2543 256 2579 lis,
273 2543 386 2584 passim
403 2550 433 2573 et
449 2543 619 2584 eleganter.

256 2593 325 2621 169.
342 2591 415 2630 Ipse,
432 2591 618 2622 verissimus.
664 2592 766 2622 Status
789 2595 866 2623 arti-

200 2640 283 2679 ficis,
299 2642 347 2669 die
364 2640 504 2681 Seelluug
517 2642 594 2671 eines
613 2642 780 2671 Γίνιιιοεριι.
812 2641 868 2671 Est

211 2688 305 2719 ctiam
325 2688 497 2719 oratoribus
515 2700 590 2720 suus
609 2696 713 2725 status,
731 2689 797 2720 Cic.
813 2690 866 2720 Or.

939 1283 959 1313 i.
988 1283 1039 1313 59.
1078 1292 1171 1323 quem
1201 1280 1349 1312 describit
1377 1278 1600 1317 Quintilianus,

939 1332 1016 1362 Inst.
1033 1332 1088 1361 Or.
1103 1331 1132 1362 Ι.
1146 1330 1189 1361 xi.
1211 1331 1259 1361 16.
1296 1330 1443 1365 Stamina,
1460 1327 1596 1358 chordae.

939 1381 1104 1421 Suprafila
1121 1382 1270 1410 sonantia.
1307 1378 1429 1409 Laudat
1444 1378 1599 1407 Burman-

942 1438 999 1459 nus
1020 1439 1036 1458 e
1058 1428 1212 1458 Cataleet.
1231 1427 1316 1458 Pith.
1331 1427 1372 1457 iv.
1388 1437 1419 1468 p.
1438 1427 1508 1457 157.
1525 1425 1599 1454 Mu-

937 1479 996 1507 sica
1022 1479 1196 1518 contingens
1218 1477 1321 1506 subtili
1343 1478 1470 1506 stamina
1494 1475 1597 1514 pulsu.

939 1526 1100 1561 Sollicitus,
1117 1525 1261 1567 percutit,
1279 1525 1404 1566 pulsat3
1428 1534 1500 1553 nam
1514 1524 1596 1553 solli-

937 1577 1032 1604 citare
1054 1574 1176 1604 omnino
1199 1578 1256 1609 est,
1277 1572 1392 1614 saepius
1412 1581 1547 1607 movere,
1565 1576 1601 1601 ut.

936 1624 1099 1653 sollicitare
1145 1633 1236 1657 mure,
1281 1623 1412 1651 humum.
1477 1620 1600 1650 Pollice.

937 1672 1037 1702 Paulo
1064 1677 1137 1702 ante
1161 1673 1310 1710 plectrum
1333 1675 1599 1701 commemoratur.

937 1720 1058 1761 Nempe
1078 1719 1200 1750 chordae
1217 1719 1315 1761 pulpa
1332 1718 1499 1759 digitorum
1523 1717 1595 1758 pul-

909 1763 913 1766 ’
936 1769 1095 1804 sabantur,
1114 1768 1168 1798 sed
1189 1768 1222 1798 in
1248 1767 1395 1798 clausulis
1415 1765 1454 1796 ad
1478 1765 1598 1807 plenio-

935 1828 998 1848 rem
1015 1817 1204 1848 harmoniam
1224 1817 1339 1858 plectro
1356 1816 1458 1857 plures
1474 1815 1596 1845 chordae

936 1876 996 1895 uno
1012 1865 1077 1896 ictu
1092 1866 1311 1905 tangebantur.
1350 1863 1426 1895 Vid.
1441 1864 1598 1894 Gesnerus

936 1914 974 1944 ad
991 1914 1214 1949 Claudianum,
1231 1913 1336 1943 xxxiv.
1356 1915 1402 1943 15.

981 1963 1052 1992 171.
1075 1963 1263 1997 Submittere,
1289 1968 1483 2003 postponere,
1507 1961 1595 1991 fateri

934 2022 986 2042 eas
1013 2011 1171 2042 inferiores
1206 2021 1272 2041 esse
1307 2011 1381 2050 lyrae
1410 2009 1596 2050 Apollineae.

940 2059 1070 2095 Cannas,
1089 2059 1195 2089 tibiam
1213 2068 1249 2088 ex
1266 2057 1374 2088 cannis
1389 2058 1574 2088 confectam.

982 2109 1052 2138 176.
1078 2108 1133 2138 Sed
1158 2109 1251 2137 tmdzit
1276 2109 1306 2137 iu
1329 2107 1485 2146 spatium]
1513 2105 1595 2136 Dili-

935 2163 1042 2197 genter
1071 2163 1102 2187 et
1132 2156 1289 2197 ingeniose
1327 2154 1484 2190 describit,
1511 2165 1595 2185 more

935 2216 1000 2241 suo,
1038 2212 1180 2236 naturam
1230 2205 1349 2235 aurium
1394 2204 1596 2234 asininarum.

935 2254 1021 2284 Bene
1039 2255 1133 2284 trahit
1150 2257 1179 2284 iu
1198 2255 1339 2293 spatium,
1355 2252 1508 2292 longiores
1523 2252 1593 2282 red-

936 2301 981 2331 dit
997 2314 1004 2339 3
1028 2302 1099 2332 vide
1116 2302 1155 2332 ad
1169 2302 1214 2332 iii.
1232 2303 1283 2331 20.
1333 2301 1476 2340 l'illz'sque
1491 2301 1591 2331 alben-

936 2351 1023 2380 tibus.
1069 2350 1206 2387 Quidam
1232 2351 1368 2389 villisque
1392 2350 1592 2385 ardentibus5

935 2399 1082 2430 Heinsius
1106 2399 1232 2440 conjicit
1252 2400 1450 2433 horrentibus,
1467 2398 1517 2428 De
1531 2397 1595 2428 lec-

934 2448 1016 2478 tione
1028 2447 1121 2489 hujus
1135 2448 1195 2478 loci
1208 2458 1268 2478 non
1281 2447 1414 2478 debebat
1426 2445 1591 2487 disputari,

934 2507 1029 2537 quum
1044 2497 1117 2527 satis
1135 2504 1254 2527 constet
1271 2507 1359 2527 aures
1375 2495 1528 2526 asinorum.
1547 2495 1593 2525 al-

933 2545 1000 2580 bos,
1011 2555 1066 2575 seu
1078 2555 1171 2575 canos
1186 2545 1301 2575 habere
1311 2544 1412 2574 villos.
1438 2544 1502 2572 Dat
1515 2554 1594 2582 posse

934 2596 1062 2630 moveri‚·
1088 2593 1142 2623 dat
1158 2593 1373 2623 mobilitatem.
1399 2592 1484 2622 Posse
1499 2591 1594 2623 habet

936 2642 997 2671 vim
1023 2643 1178 2673 substant.
1214 2652 1298 2672 more
1336 2642 1529 2676 Graecorum,
1556 2640 1592 2671 ii.

937 2691 998 2721 483
1014 2702 1021 2728 3
1042 2701 1121 2730 posse
1137 2692 1226 2731 loqui,
1243 2690 1377 2721 facultas
1390 2688 1550 2730 loquendi.
