1779 3130
386 154 1005 200 METAMORPHOSEON
1037 154 1157 196 LIB.
1191 155 1254 196 X.
1429 154 1516 196 167

139 274 246 330 Illa,
275 274 457 337 quibus
482 273 624 320 nivea
647 272 820 319 velatae
844 285 1052 333 corpora
1074 276 1212 316 veste

138 351 388 398 Primitias
414 350 608 412 frugum
634 349 770 403 dant,
799 348 968 411 spicea
992 353 1138 401 serta,
1168 361 1396 402 suarum;

137 428 334 490 Perque
361 443 531 474 novem
559 434 731 472 noctes
757 425 1019 480 Venerem,
1047 430 1313 485 tactusque
1336 421 1503 468 viriles

138 503 196 550 In
220 503 384 550 vetitis
409 510 699 550 numerant:
739 503 887 549 turba
912 501 1185 548 Cenchreis
1211 500 1260 545 in
1287 499 1370 546 illa
1426 501 1523 545 435

141 580 293 641 Regis
320 580 463 626 abest
486 581 686 642 conjux,
714 594 993 641 arcanaque
1018 591 1159 624 sacra
1182 575 1483 637 frequentat.

139 655 270 717 Ergo
295 656 518 718 legitima
541 672 725 703 vacuus
751 656 870 701 dum
895 655 1109 716 conjuge
1134 653 1314 706 lectuS‚

138 732 301 779 Nacta
325 749 523 794 gravem
547 732 659 779 vino
686 732 924 795 Cinyram
950 731 1078 777 male
1105 729 1280 776 sedula
1304 726 1489 782 nutrix,

140 807 354 855 Nomine
379 809 603 863 mentito,
629 824 770 854 veros
795 807 1002 870 exponit
1027 821 1236 859 amores,

140 883 206 931 Et
229 885 405 931 faciem
430 885 600 932 laudat
621 901 629 931 :
672 884 895 945 quaesitis
920 881 1121 944 virginis
1147 879 1305 935 annis,
1429 881 1527 924 440

141 966 170 984 ‘⁴
195 960 340 1016 Par‚⁷'
369 960 453 1015 ait,
490 965 519 983 “
537 966 614 1006 est
643 958 919 1022 Myrrhae:”
959 973 1110 1020 quam
1139 962 1407 1019 postquam
1439 954 1525 1001 ad-

337 1037 521 1083 ducere
540 1037 683 1098 jussa
707 1042 798 1090 est,

145 1112 315 1174 thue
326 1113 528 1159 domum
543 1112 711 1159 rediit:
741 1118 771 1135 “
791 1110 969 1157 Gaude
988 1108 1147 1163 mea,''
1166 1106 1310 1161 dixit,
1331 1106 1529 1153 “alum-

140 1187 414 1234 Vicimus.'’
475 1187 656 1235 Infelix
682 1203 779 1233 non
805 1192 910 1232 toto
937 1191 1139 1248 pectore
1166 1182 1318 1229 sentit
1413 1183 1526 1243 [na;

143 1264 387 1311 Laetitiam
407 1264 541 1325 virgo
559 1282 569 1320 ;
599 1278 926 1326 praesagaque
948 1267 1154 1324 pectora
1169 1264 1394 1305 moerent.
1431 1261 1529 1304 444

145 1340 245 1388 Sed
272 1348 439 1387 tamen
462 1346 514 1387 et
532 1340 718 1401 gaudet
739 1356 749 1386 :
790 1345 927 1385 tanta
945 1343 1023 1384 est
1046 1335 1294 1382 discordia
1318 1334 1529 1382 mentis!

142 1415 360 1479 Tempus
385 1423 505 1471 erat,
532 1432 632 1478 quo
657 1422 839 1461 cuncta
863 1413 1026 1469 silent,
1054 1413 1281 1475 interque
1306 1410 1515 1458 Triones

913 1567 987 1597 435.
1005 1565 1194 1605 Cenchreis]
1212 1564 1332 1595 Auctor
1342 1564 1531 1605 Argument.

870 1615 1032 1656 Myrrham
1045 1614 1170 1654 Cinyrae
1183 1619 1214 1644 et
1231 1613 1421 1644 Cenchreidis
1435 1613 1532 1643 filiam

142 1567 228 1604 mus)
245 1579 298 1609 per
314 1568 451 1609 quinque
466 1567 544 1599 dies.
569 1568 721 1598 Mulieres
738 1567 800 1598 illae

143 1617 254 1647 velatae
269 1623 356 1647 erant
369 1619 492 1647 vestibus
511 1619 612 1652 niveis,
629 1616 662 1646 in
678 1616 801 1657 signum

144 1665 335 1695 intemeratae
358 1664 546 1700 sanctitatis,
569 1670 600 1695 et
627 1676 723 1706 quum
747 1675 802 1706 per

145 1714 284 1755 quinque
300 1714 370 1743 illas
390 1720 505 1749 noctes,
521 1720 585 1744 tum
601 1724 656 1755 per
670 1719 802 1754 quatuor

144 1762 281 1803 proxime
297 1762 520 1804 praecedentes,
535 1769 566 1792 et
583 1772 601 1792 a
620 1763 730 1792 Venere
745 1763 799 1792 ab·

145 1811 269 1846 stinere,
290 1818 320 1841 et
343 1821 470 1841 summae
495 1810 654 1841 modestiae
678 1821 802 1852 operam

147 1859 220 1890 dare
237 1859 406 1890 debebant.
432 1859 514 1890 Hinc
528 1862 583 1899 piar
599 1866 730 1896 matres,-
750 1861 803 1899 piae

145 1909 238 1943 enim,
255 1918 325 1949 quae
342 1908 478 1938 Deorum
500 1918 588 1938 sacra
604 1908 661 1939 rite
677 1908 800 1939 colunt:

144 1957 216 1988 vide
238 1957 367 1987 'Meursii
391 1958 494 1988 Graec.
514 1957 654 1988 feriatam
678 1958 710 1988 in
727 1958 803 1988 θεσ-

145 2006 294 2047 μοφόρια.
324 2007 524 2036 Burmannus
539 2011 643 2036 tamen
658 2011 758 2048 putat,
773 2006 806 2038 in

146 2054 249 2085 animo
268 2053 412 2085 habuisse
428 2062 550 2096 poetam
572 2054 683 2086 festum
699 2055 805 2086 Cereri

145 2114 279 2139 sacrum,
303 2103 386 2144 quod
411 2103 443 2133 in
466 2103 593 2134 Oriente
615 2104 806 2134 celebratum

145 2151 185 2181 sit
208 2151 258 2191 (at
280 2151 368 2181 istius
390 2151 457 2182 festi
480 2152 566 2182 nulla
586 2157 673 2182 extat
691 2162 806 2183 memo-

148 2199 192 2229 ria
206 2200 230 2237 ;)
242 2209 312 2229 nam
329 2200 359 2229 in
373 2199 620 2241 Thesmophoriis
636 2205 697 2230 tres
713 2200 805 2231 modo

148 2254 253 2277 noctes
280 2258 355 2288 pure
385 2258 417 2277 se
451 2247 596 2278 habuisse
633 2254 802 2284 matronas,

148 2296 247 2336 (quod
273 2302 320 2326 est
347 2296 480 2334 falsum3
514 2296 577 2328 vid.
604 2297 721 2327 Potterz'
745 2297 803 2327 Ar—

148 2345 259 2375 cliaeol.
289 2347 392 2376 Graec.
421 2350 497 2375 tom.
528 2345 551 2376 i.
581 2357 614 2386 p.
650 2347 724 2377 883.
751 2346 804 2377 ed.

149 2394 282 2433 Ramb.)
299 2404 399 2435 neque
418 2405 450 2424 se
470 2394 510 2424 de
531 2395 672 2435 primitiis
693 2395 805 2426 oblatis

148 2443 319 2484 quidquam
335 2443 494 2484 reperisse.
522 2443 638 2482 Negari
654 2454 728 2474 sane
744 2455 805 2474 non

148 2498 259 2533 potest,
281 2491 432 2533 primitias
452 2502 512 2521 non
530 2497 593 2521 tam
611 2491 643 2521 in
658 2491 806 2521 Thesmo—

148 2540 275 2580 phoriis,
286 2550 382 2581 quam
396 2540 427 2569 in
443 2540 610 2576 Θαλυσίοις
625 2539 739 2581 potius,
751 2540 806 2570 ob-

148 2588 228 2619 latas
249 2589 355 2619 Cereri
384 2595 415 2619 et
444 2589 581 2625 Baccho,
610 2588 664 2618 sed
694 2588 807 2618 Noster

151 2647 211 2667 non
223 2637 318 2669 semel
333 2637 474 2668 confudit
486 2637 618 2669 diversa.
645 2637 808 2678 Tac-casque

152 2688 261 2722 viriles,
277 2686 460 2718 concubitus
474 2697 546 2717 cum
560 2686 688 2717 maritis.

869 1664 947 1694 dicit
964 1676 971 1701 3
998 1663 1154 1705 Hyginus,
1178 1662 1240 1692 fab.
1257 1663 1308 1693 68.
1330 1662 1462 1703 Smyrna
1479 1662 1533 1692 Ci-

869 1724 952 1754 nyrae
978 1713 1172 1754 Assyriorum
1190 1711 1270 1753 regis
1289 1716 1320 1742 et
1341 1711 1533 1743 Cenchreidis

869 1761 944 1792 filia.

913 1810 990 1840 437.
1035 1809 1151 1838 Vacuus
1186 1810 1289 1843 lectus,
1320 1819 1416 1849 quum
1454 1808 1534 1839 alter

869 1859 1037 1900 conjugum
1053 1868 1207 1888 sacrorum
1223 1867 1318 1887 causa
1334 1857 1460 1887 seorsim
1481 1868 1530 1888 se-

871 1908 976 1942 cubat,
1001 1911 1048 1936 est
1069 1905 1162 1936 etiam
1184 1905 1294 1935 Amor.
1314 1904 1377 1935 ΙΙΙ.
1396 1916 1428 1935 x.
1450 1907 1483 1935 2.
1502 1911 1534 1936 et

871 1954 1004 1997 Epiced.
1017 1954 1122 1984 Tibul.
1132 1965 1196 1984 ver.
1208 1955 1262 1984 33.
1293 1953 1424 1984 Viduam
1436 1956 1535 1985 cubile

872 2004 979 2033 Amor.
994 2003 1041 2033 Π.
1059 2013 1090 2033 Χ.
1112 2003 1162 2033 17.
1200 2002 1343 2033 Desertus
1358 2003 1451 2032 lectus
1467 2003 1532 2034 He-

873 2052 951 2084 roid.
966 2052 988 2082 i.
1007 2053 1039 2082 7.
1082 2052 1124 2082 Et
1138 2050 1192 2092 qui
1207 2051 1291 2082 solus
1307 2052 1412 2089 cubat,
1428 2053 1535 2082 viduas

873 2103 964 2142 eir-igit
993 2107 1102 2136 noctes,
1133 2099 1209 2131 ibid.
1239 2100 1301 2130 xix.
1331 2101 1383 2131 69.
1431 2101 1533 2132 Nacta

871 2161 1004 2191 gravem.
1048 2149 1144 2190 Apud
1168 2149 1342 2190 Hyginum,
1368 2150 1434 2181 fab.
1461 2152 1533 2182 164.

875 2199 1006 2240 Myrrha
1019 2198 1088 2239 ipsa
1102 2203 1221 2240 patrem
1238 2197 1381 2229 inebriat.

914 2249 988 2278 441.
1014 2246 1199 2286 Adducere]
1227 2247 1368 2277 Lenones
1394 2252 1425 2278 et
1450 2247 1530 2278 lenae

873 2297 947 2327 alibi
962 2303 993 2328 et
1006 2296 1127 2338 proprie
1137 2296 1313 2327 meretrices
1327 2296 1423 2337 stupri
1436 2307 1532 2328 causa.

873 2346 1019 2377 dicuntur
1041 2345 1081 2376 ad
1101 2344 1237 2386 aliquem
1261 2346 1417 2380 deducere,
1439 2345 1528 2386 (Cic.

875 2396 949 2426 Ver.
964 2395 1010 2425 iii.
1028 2393 1100 2432 34.)
1116 2399 1146 2423 et
1158 2395 1332 2432 perducere,
1351 2393 1424 2424 Ver.
1436 2405 1465 2424 v.
1482 2395 1531 2426 12.

872 2445 968 2474 Hinc.
991 2445 1064 2474 Ver.
1081 2443 1101 2472 i.
1120 2444 1169 2472 12.
1188 2444 1377 2481 perductores
1393 2448 1465 2473 sunt
1487 2443 1534 2474 le-

873 2503 986 2529 nones3
1021 2491 1092 2521 vide
1130 2490 1290 2521 Graevium
1327 2490 1366 2520 ad
1402 2491 1531 2522 Sueton.

875 2541 956 2571 Caes.
973 2542 1024 2571 49.
1045 2545 1075 2570 et
1095 2538 1217 2570 Ernesti
1238 2539 1329 2570 Clav.
1345 2538 1415 2570 Cic.
1436 2550 1461 2570 s,
1484 2540 1531 2570 his

874 2589 1012 2620 vocibus.

918 2638 994 2667 443.
1037 2638 1174 2672 Vicimus,
1204 2636 1335 2669 formula
1361 2636 1532 2669 exultantis

874 2692 998 2728 propter
1013 2696 1099 2728 spem
1115 2691 1242 2717 certam.
