1779 3130
371 162 990 205 METAMORPHOSEON
1024 163 1142 204 LIB.
1176 163 1293 204 XII.

1443 165 1528 206 277

141 277 338 324 Primus
366 277 675 341 Ophionides
702 278 925 340 Amycus
947 278 1221 340 penetralia
1247 279 1389 325 donis
1429 282 1525 325 245

143 353 290 400 Haud
317 354 480 400 timuit
505 354 715 417 spoliare
742 354 872 407 suis;
903 361 951 399 et
976 353 1163 416 primus
1189 355 1251 401 ab
1277 355 1382 403 aede

142 429 478 492 Lampadibus
504 429 713 476 densum
740 430 904 492 rapuit
927 429 1091 477 funale
1112 432 1358 479 coruscis:

143 505 446 568 Elatumque
472 506 590 560 alte,
617 506 768 552 veluti
795 507 880 568 qui
900 507 1114 554 candida
1137 508 1261 554 tauri

145 582 403 645 Rumpere
429 582 653 628 sacrifica
676 582 874 629 molitur
899 583 1026 630 colla
1050 584 1230 639 securi,

144 658 291 704 Illisit
315 658 459 704 fronti
488 658 711 721 Lapithae
739 658 1056 714 Celadontis3
1098 667 1148 707 et
1172 675 1286 706 ossa

1432 664 1529 708 250

145 734 258 781 Non
280 735 594 797 agnoscendo
619 734 825 781 confusa
849 734 1050 797 reliquit
1074 735 1123 781 in
1148 751 1247 783 ore.

143 809 376 858 Exiluere
401 812 557 865 oculi;
597 811 922 873 disjectisque
947 811 1142 858 ossibus
1168 812 1282 866 oris,

144 886 274 934 Acta
298 895 428 936 retro
454 888 601 943 naris,
628 887 895 950 medioque
920 888 1075 935 infixa
1099 890 1263 952 palato
1289 896 1380 936 est.

146 962 294 1010 Hunc
321 964 448 1027 pede
469 964 702 1011 convulso
723 980 907 1011 mensae
930 964 1145 1012 Pellaeus
1172 981 1363 1012 acernae
1433 968 1528 1013 254

149 1038 335 1086 Stravit
364 1039 498 1086 humi
526 1039 746 1094 Belates‚
773 1040 983 1102 disjecto
1009 1040 1059 1086 in
1084 1048 1288 1103 pectora
1311 1049 1507 1098 ment03

148 1115 379 1179 Cumque
400 1124 504 1164 atro
529 1117 701 1164 mistos
727 1125 1012 1180 sputantem
1037 1119 1277 1181 sanguine
1303 1119 1497 1175 denteS‚

145 1193 361 1240 Vulnere
387 1201 623 1241 tartareas
650 1194 898 1256 geminato
925 1195 1078 1242 mittit
1103 1196 1164 1242 ad
1186 1197 1402 1243 umbras.

191 1381 264 1411 245.
282 1381 457 1412 Penetralia
478 1383 563 1412 donis
580 1381 675 1412 Haud
697 1383 808 1418 timuit,

149 1430 232 1462 haud
257 1432 405 1462 reveritus
425 1438 483 1468 est,
500 1432 641 1473 religioni
663 1432 722 1463 sibi
748 1443 809 1463 non

148 1480 237 1511 duxit
260 1481 455 1522 sacrilegium
483 1482 688 1512 committere.
722 1483 811 1512 Dona

148 1528 279 1570 proprie,
296 1540 365 1570 quae
391 1530 423 1560 in
445 1530 569 1572 templis
591 1537 622 1560 et
643 1530 810 1571 penetrali-

151 1578 209 1608 bus
230 1578 300 1609 Diis
324 1580 556 1621 suspenduntur
574 1586 606 1610 et
628 1590 811 1610 consecran-

150 1631 210 1657 tur.
255 1628 300 1657 Ab
314 1630 386 1663 cede,
404 1639 422 1658 a
436 1629 649 1670 penetralibus
666 1628 735 1659 Diis
752 1629 809 1659 Pe-

150 1676 275 1707 natibus
310 1676 511 1708 consecratis.
574 1678 601 1707 F
603 1678 692 1707 nnale
729 1687 810 1707 nunc

151 1735 210 1756 non
236 1731 294 1761 est,
317 1731 352 1756 ut
377 1726 463 1762 alibi,
489 1725 571 1756 funis
592 1736 662 1757 cera
681 1725 810 1762 oblitus,

150 1774 220 1805 scil.
247 1775 310 1810 fax,
332 1775 398 1811 sed,
424 1781 458 1806 ut
480 1775 653 1806 Farnabius
680 1775 809 1810 monuit,

150 1823 348 1864 lychnuchus
367 1824 406 1854 de
428 1823 568 1865 laqueari
584 1823 765 1865 dependens
780 1830 812 1854 et

151 1872 348 1914 lampadibus
381 1873 544 1911 stellatus;
582 1872 729 1909 Isidorus,
759 1884 810 1903 ΧΧ.

154 1923 211 1952 1οε
240 1926 262 1939 “
278 1922 411 1952 Funalia
433 1928 506 1952 sunt
528 1922 728 1958 candelabra,
754 1933 807 1953 ex-

151 1977 252 2002 tantes
274 1971 413 2002 stimulos
435 1971 595 2007 habentia,
625 1972 739 2012 quibus
762 1972 808 2002 fu-

153 2019 249 2050 niculi
278 2030 350 2050 cera
379 2020 428 2050 vel
459 2020 634 2062 hujusmodi
663 2020 810 2050 alimento

152 2069 278 2100 luminis
292 2068 380 2099 obliti
395 2069 604 2110 figebantur.”

196 2118 270 2147 249.
296 2117 400 2147 Moliri
428 2118 466 2148 de
493 2119 575 2147 omni
603 2117 728 2159 quidem
759 2129 809 2148 co-

156 2172 242 2201 natu,
271 2165 326 2196 sed
355 2165 388 2195 h.
414 2166 435 2195 l.
466 2166 542 2196 forte
572 2177 643 2197 cum
669 2175 811 2207 respectu

155 2215 266 2245 virium
293 2214 493 2250 intensarum,
518 2225 630 2255 magno
655 2215 811 2246 molimine

155 2274 296 2305 rumpere
318 2269 429 2298 tentat,
447 2270 479 2294 ut
498 2271 545 2294 est
561 2275 624 2294 ver.
646 2265 718 2294 357.
734 2265 810 2295 Bre-

156 2315 224 2344 vius
238 2313 400 2354 Virgilius.
419 2314 533 2354 Georg.
551 2314 590 2343 iv.
604 2314 677 2343 331.
695 2317 725 2343 in
745 2315 813 2344 vites

156 2364 258 2393 molire
272 2363 434 2401 bipennem.
480 2363 555 2391 Mox
577 2368 659 2392 recte
679 2362 813 2403 confusa.

155 2410 230 2452 quia
251 2421 284 2440 os
303 2411 370 2450 jam
392 2421 452 2440 non
472 2410 716 2450 agnoscendum.
763 2411 814 2441 Sic

157 2471 186 2489 v.
208 2460 260 2490 58.
271 2459 389 2500 fractis
412 2459 549 2500 confudit
572 2461 601 2489 in
623 2461 728 2490 ossibus
753 2471 814 2490 ora.

158 2509 226 2538 Hoc
256 2508 323 2538 loco
351 2508 484 2549 plenius,
515 2508 637 2549 novitiis-(1
669 2510 813 2548 reliquit,-

159 2558 288 2590 Seneca.
304 2557 416 2587 Troad.
432 2567 497 2586 ver.
520 2558 609 2587 1112.
629 2558 689 2586 Ora
706 2564 732 2587 et
748 2559 815 2587 illas

160 2607 267 2636 nobiles
298 2608 392 2645 patris
426 2613 509 2635 notas
542 2606 688 2647 Corgs'udit
726 2609 813 2636 imam

159 2657 272 2693 pondus
297 2657 335 2684 ad
363 2662 473 2685 terram
496 2657 611 2690 (latum,
635 2655 673 2685 (le
700 2656 811 2696 Astya-

161 2709 263 2735 nacte.
309 2704 368 2734 Hic
390 2704 520 2745 putabat
542 2705 649 2735 Heius.
670 2711 810 2741 contusa,-

876 1388 907 1413 et
930 1394 983 1424 pro
1007 1383 1077 1414 Non
1101 1384 1284 1424 agnoscendo
1308 1382 1453 1425 permulti
1478 1395 1537 1414 non

876 1435 1094 1473 cogr10scendn5
1110 1432 1203 1468 male,
1220 1442 1292 1462 nam
1308 1443 1466 1474 agnoscere
1481 1440 1538 1468 est,

877 1481 982 1511 videre
1015 1481 1152 1523 aliquem
1178 1491 1246 1512 esse
1275 1481 1420 1516 eundem,
1445 1491 1537 1522 quem

878 1537 970 1561 antea
990 1530 1214 1571 cognovimus:
1241 1530 1408 1572 saepissime
1432 1536 1537 1560 tamen

878 1585 909 1609 et
924 1580 986 1609 fere
1002 1590 1124 1620 semper
1138 1579 1206 1609 haec
1221 1579 1282 1609 duo
1298 1578 1437 1609 confusa.

921 1630 995 1659 254.
1012 1629 1106 1658 Hunc
1120 1639 1266 1669 quorsum
1284 1628 1476 1659 referendum
1499 1628 1538 1658 sit

879 1677 1003 1708 dubitat
1017 1677 1195 1709 Glareanus
1209 1689 1217 1714 ;
1231 1677 1296 1708 sine
1312 1687 1407 1708 causa
1422 1690 1428 1706 :
1446 1678 1537 1714 hunc,

879 1726 1049 1767 Amycum.
1082 1727 1210 1756 Pellaeus
1226 1726 1355 1756 Belates.
1379 1725 1469 1757 Pella
1484 1736 1537 1756 no-

879 1785 950 1805 men
974 1781 1022 1806 est
1045 1775 1212 1805 multarum
1237 1775 1383 1811 urbium;
1410 1785 1481 1805 nam
1507 1781 1538 1806 et

879 1820 911 1853 in
934 1823 1134 1858 Macedonia,
1156 1829 1188 1853 et
1210 1824 1241 1854 in
1262 1823 1435 1859 Thessalia,
1453 1830 1484 1854 et
1506 1823 1538 1854 in

878 1872 1011 1908 Achaia,
1036 1879 1067 1903 et
1093 1873 1125 1902 in
1150 1873 1239 1914 Syria
1263 1878 1308 1903 est
1332 1873 1432 1908 Pella,
1455 1873 1538 1903 unde

878 1919 1004 1951 Pellaeus
1026 1920 1193 1952 derivatur.
1240 1922 1372 1960 Disjecto
1395 1921 1465 1962 plus
1490 1926 1537 1951 est

877 1979 970 2009 quam
986 1970 1146 2010 vulgatum
1169 1972 1291 2010 dejecto,
1309 1969 1391 2011 quod
1411 1981 1536 2001 revoca-

876 2018 921 2047 vit
943 2018 1119 2049 Mitscherl.
1145 2024 1176 2049 et
1201 2019 1284 2060 quod
1306 2019 1422 2050 habent
1444 2020 1536 2060 Regii

878 2066 972 2096 nostri
988 2078 995 2105 ;
1018 2067 1097 2097 illud
1114 2067 1197 2098 enim
1222 2067 1350 2103 indicat,
1367 2068 1537 2099 laceratum

878 2121 1016 2146 mentum
1038 2121 1069 2146 et
1092 2117 1123 2146 in
1144 2123 1253 2157 pectus
1274 2116 1442 2158 dejectum.
1487 2117 1537 2148 Sic

879 2170 910 2194 et
925 2175 988 2195 ver.
1005 2166 1077 2196 566.
1110 2165 1243 2205 Cumque
1258 2173 1336 2200 atro,
1355 2171 1416 2196 ete.
1432 2176 1449 2197 e
1467 2168 1536 2197 Vir-

880 2213 965 2253 gilio,
981 2225 1009 2244 v.
1025 2215 1086 2244 469
1102 2226 1107 2242 t
1126 2225 1313 2254 crassumque
1328 2226 1462 2245 cruorem
1479 2216 1539 2245 Ore

880 2265 1064 2301 qjectantem,
1079 2264 1231 2303 mistasque
1254 2265 1284 2292 in
1306 2265 1451 2303 sanguine
1466 2266 1537 2294 den-

883 2318 933 2341 tes.
970 2312 1037 2342 Hoc
1053 2312 1122 2342 loco
1137 2312 1311 2351 Sputmztem
1326 2311 1364 2341 de
1381 2322 1435 2342 suo
1451 2311 1540 2343 dedit

883 2360 1051 2390 Heinsius:
1077 2360 1168 2390 MSS.
1195 2371 1301 2391 omnes
1329 2360 1446 2391 habent
1469 2372 1537 2399 spu.-

882 2416 1028 2439 mantem:
1061 2410 1115 2440 sed
1145 2416 1176 2440 et
1210 2416 1341 2449 sputare,
1371 2412 1538 2449 (les-putare,

880 2469 1004 2497 ejpzrere
1023 2458 1139 2488 usitata
1160 2458 1190 2487 in
1211 2459 1269 2488 hac
1292 2469 1334 2493 re,
1351 2458 1421 2488 vide
1439 2459 1536 2489 Hein-

880 2508 960 2537 sium
975 2507 1012 2537 ad
1031 2507 1060 2536 h.
1072 2507 1134 2537 l.et
1146 2507 1394 2537 Brouckhusium
1410 2507 1449 2538 ad
1462 2508 1538 2538 Pro-

881 2562 959 2597 pert.
975 2556 1033 2586 IV.
1050 2567 1079 2585 v.
1095 2557 1148 2586 67.
1182 2557 1285 2586 Etiam
1312 2556 1476 2592 Homerus,
1498 2557 1537 2588 Il.

880 2609 922 2636 Ψ.
940 2605 1012 2635 696.
1028 2604 1107 2645 αἷμα
1125 2605 1218 2645 παχὺ
1235 2604 1393 2635 πτύοντα.
1433 2605 1534 2635 Gemi-

883 2661 952 2684 ηιιιο
967 2653 1030 2684 ictu
1046 2664 1123 2695 opus
1139 2660 1215 2689 erat,
1233 2653 1305 2695 quia
1325 2654 1379 2685 ille
1399 2665 1457 2685 non
1477 2655 1533 2685 nisi

881 2703 958 2744 pede
977 2713 1088 2733 inensae
1106 2703 1259 2734 utebatur.
