1779 3130
355 162 976 206 METAMORPHOSEON
1009 162 1128 203 LIB.
1163 163 1226 203 X.

1402 165 1485 206 151

104 279 211 326 Nec
224 280 454 341 genuisse
467 279 620 342 pudet
635 278 849 340 Sparten
864 276 1183 339 Hyacinthon
1201 295 1211 333 ;
1231 279 1486 340 honorque

103 355 263 402 Durat
287 355 335 401 in
360 356 452 401 hoc
479 355 584 408 tevi,
611 354 1010 415 celebrandaque
1037 369 1170 400 more
1196 354 1412 416 priorum

102 433 283 479 Annua
306 433 510 495 praelata
535 431 743 477 redeunt
771 429 1074 493 Hyacinthia
1099 447 1295 493 pompa.

158 508 218 555 V.
232 508 300 554 At
315 508 353 554 si
366 508 490 554 forte
506 523 648 569 roges
664 507 943 554 foecundam
955 508 1263 554 Amathunta
1284 507 1490 563 metalli,-

103 584 182 630 An
209 584 439 645 genuisse
464 583 583 630 velit
607 583 949 646 P1·0poetidas;
991 584 1176 629 abnuat
1201 600 1358 645 aeque,
1394 587 1485 630 221

104 660 273 722 Atque
294 661 419 715 illos,
444 659 639 721 gemino
659 659 912 722 quondam
933 659 1116 721 quibus
1139 675 1315 721 aspera
1339 676 1491 707 cornu

104 734 259 782 Frons
286 744 414 793 erat3
458 736 588 782 unde
614 736 762 782 etiam
788 753 967 783 nomen
992 744 1187 783 traxere
1215 736 1454 783 Cerastae.

104 812 234 859 Ante
259 812 386 859 fores
412 813 584 859 horum
613 813 777 858 stabat
801 812 938 859 Jovis
966 812 1193 875 Hospitis
1219 828 1317 867 ara,

108 888 352 950 Lugubris
374 889 574 936 sceleris
597 906 606 936 :
649 905 801 950 quam
826 889 865 935 si
889 889 999 951 quis
1024 889 1263 950 sanguine
1287 889 1493 936 tinctam

106 965 314 1012 Advena
336 966 556 1021 vidisset,
584 973 826 1013 mactatos
853 966 1078 1013 crederet
1102 965 1199 1011 illic

149 1138 222 1170 217.
239 1140 366 1179 Sparten
384 1140 607 1181 Hyacinthon]
636 1140 766 1171 Fallitur

107 1189 268 1230 Micyllus,
283 1190 335 1231 qui
359 1189 409 1220 hic
431 1189 470 1220 de
488 1191 608 1231 Sparta,
625 1190 765 1231 Hyacin-

107 1239 151 1269 thi
181 1239 263 1275 avia,
294 1239 421 1280 cogitat.
472 1239 575 1270 Etiam
604 1240 706 1274 urbes,
734 1239 766 1270 in

108 1289 221 1329 quibus
237 1288 306 1329 quis
321 1295 413 1319 natus
433 1294 463 1318 et
479 1289 629 1319 educatus
646 1294 702 1325 est,
720 1294 765 1319 at-

108 1347 169 1377 que
195 1337 272 1367 adeo
296 1337 382 1367 fluvii
403 1337 472 1367 illas
497 1338 587 1367 nrbes
608 1337 764 1379 praeterla-

108 1386 229 1421 bentes,
255 1386 399 1416 dicuntur
423 1396 493 1416 eum
513 1385 657 1426 genuisse
678 1392 708 1416 et
732 1396 766 1416 a·

108 1433 215 1464 luisse.
273 1434 369 1476 Apud
410 1434 634 1469 Claudianum,
674 1434 768 1465 cons.

110 1482 206 1523 Olyb.
221 1483 294 1513 236.
311 1483 476 1513 Tiberinus
491 1482 578 1519 dicit,
600 1484 729 1522 Respice,
745 1486 769 1513 si.

111 1533 184 1561 tales
209 1534 314 1571 jactas
348 1533 455 1562 aluisse
473 1533 614 1572 fluentis,
652 1533 769 1563 Eurota

111 1581 270 1620 Spartane,
295 1582 365 1611 tais.
412 1581 450 1611 In
474 1582 525 1611 hac
545 1584 609 1611 a'ri.
634 1582 770 1613 GronOV.

110 1632 143 1660 in
159 1631 211 1660 hoc
231 1642 312 1666 (τινος
337 1630 430 1672 pauci
453 1633 485 1660 in
507 1631 557 1661 hoc
577 1642 692 1667 aevam3
717 1630 771 1661 sed

111 1679 223 1709 melius
244 1682 276 1709 in
298 1680 350 1709 hoc
376 1681 449 1715 avt]
475 1679 641 1709 Lucretius
660 1679 692 1709 ii.
719 1680 768 1710 15.

114 1727 261 1760 Qualibus
282 1729 314 1757 in
337 1729 462 1758 tenebris
481 1729 603 1767 degitur
625 1728 677 1757 hoc
695 1730 770 1764 ‹rvi;

112 1775 243 1811 Plinius,
273 1776 393 1816 Paneg.
417 1777 448 1806 6.
474 1777 559 1805 Solus
579 1778 617 1806 ad
643 1777 694 1806 hoc
719 1778 772 1806 zfvi

110 1826 199 1863 paria
217 1824 337 1865 fecisti,
368 1824 420 1854 ubi
450 1824 521 1854 vide
549 1824 771 1856 Schwarzium.

116 1873 280 1910 Priorum‚·
305 1874 467 1915 majorum.
506 1874 707 1913 Hyacinthia,
723 1885 772 1905 sa-

113 1931 166 1952 cra
181 1922 501 1957 Lacedaemoniorum,
520 1933 590 1963 quae
606 1924 773 1964 quotannis

112 1970 163 2000 vel
190 1981 283 2001 verno
304 1976 454 2012 tempore,
476 1976 510 2001 ut
531 1971 636 2013 placet
659 1972 772 2002 Ponte-

114 2018 195 2049 derae
216 2019 247 2049 in
269 2020 428 2061 Antiquit.
450 2032 479 2062 p.
495 2021 569 2051 270.
584 2020 632 2050 vel
652 2026 772 2057 aestate,

114 2074 149 2097 ut
166 2068 233 2098 vult
252 2068 438 2099 Dodwellus
458 2069 590 2100 Dissert.
607 2070 639 2099 Β.
656 2069 694 2100 de
710 2070 772 2110 Cy-

115 2116 182 2152 clis,
198 2116 229 2147 in
250 2117 429 2148 memoriam
453 2117 624 2158 Hyacinthi
645 2128 698 2159 per
720 2118 772 2148 tri—

116 2164 211 2195 duum
229 2166 475 2196 celebrabantur.
499 2166 574 2197 Vid.
586 2166 728 2206 Heynius
742 2167 775 2197 in

118 2215 370 2254 Antiquarischen
395 2215 588 2256 Aufsaetzen,
616 2215 677 2246 vol.
703 2215 724 2246 i.
744 2227 776 2257 p.

118 2263 159 2292 97
176 2273 247 2304 sqq.

161 2311 343 2341 220—242.
367 2311 555 2342 Amathusia
585 2312 693 2343 Venus
723 2313 778 2343 Ce-

118 2366 226 2395 rastas,
241 2360 316 2401 quia
329 2361 401 2391 Jovi
412 2360 548 2402 hospites
564 2360 778 2397 immolabant,

118 2407 149 2438 in
180 2415 296 2444 tauros,
322 2409 508 2448 Propoetidas
540 2415 645 2440 autem
677 2419 780 2450 asper-

120 2463 210 2488 natas
223 2458 337 2493 Deam,
348 2457 379 2488 in
393 2458 512 2500 lapides
524 2465 634 2489 mutat.
650 2458 778 2489 Initium

121 2505 234 2536 fabulae
253 2506 386 2537 cohaeret
401 2517 471 2537 cum
487 2518 552 2538 ver.
568 2508 642 2538 217.
687 2508 777 2548 Spar-

121 2560 172 2585 ten
193 2565 254 2585 non
273 2555 369 2596 pudet
390 2555 605 2597 Hyacinthum
620 2556 776 2596 genuisse,

121 2609 152 2633 at
180 2603 334 2634 Amathus
358 2604 436 2634 nolit
460 2604 605 2635 Cerastas
625 2604 779 2645 peperisse

123 2656 154 2680 et
184 2652 392 2693 Propoetidas.
437 2654 594 2689 Amathus,
630 2653 780 2694 oppidum

123 2699 230 2741 Cypri,
259 2701 312 2731 ubi
342 2701 462 2732 Adonis
489 2709 519 2732 et
549 2703 657 2732 Venus
689 2701 780 2741 (inde

1396 969 1494 1012 226

832 1140 916 1171 dicta
938 1139 1142 1175 Amathusia)
1168 1138 1317 1180 ternplum
1342 1139 1493 1180 antiquis-

832 1189 944 1219 simum
970 1189 1146 1227 habebant3
1180 1189 1306 1218 Pausan
1336 1189 1442 1218 Boeot.
1463 1199 1496 1228 p.

835 1239 896 1268 796
914 1250 920 1275 3
940 1238 1028 1279 Yirg.
1047 1239 1120 1268 AEn.
1136 1249 1166 1267 x.
1182 1238 1237 1268 57.
1271 1237 1494 1267 Facundum—

832 1289 960 1317 metalli.
1008 1287 1112 1327 Vulgo
1132 1288 1180 1327 (et
1200 1287 1233 1316 in
1254 1286 1364 1316 nostris
1388 1285 1497 1326 Regiis

835 1336 1023 1372 Codicibus)
1043 1336 1188 1365 metallis:
1208 1336 1357 1376 jucunda
1380 1336 1496 1364 metalli

834 1386 873 1415 ob
888 1384 1142 1420 metallifodinas,
1153 1394 1222 1425 quae
1236 1383 1327 1413 hodie
1344 1384 1495 1423 neglectae

831 1434 948 1475 jacent.
964 1433 1051 1463 Infra
1063 1443 1126 1463 ver.
1141 1433 1217 1463 531.
1229 1433 1357 1473 gravida
1368 1434 1494 1462 metalli.

836 1484 887 1513 De
910 1482 1033 1523 syntaxi
1053 1481 1116 1512 vid.
1137 1482 1248 1512 Heins.
1266 1481 1352 1521 Virg.
1368 1480 1496 1512 AElneid.

837 1543 869 1562 x.
891 1532 961 1561 174.
980 1532 1078 1560 insula
1092 1541 1233 1571 generosa
1250 1530 1391 1559 metallis.

881 1582 954 1611 222.
981 1580 1095 1614 Quibus
1111 1591 1213 1619 aspera
1226 1579 1428 1620 cornasrans,
1442 1578 1497 1620 qui

838 1640 953 1660 cornua
968 1630 1000 1659 in
1016 1629 1115 1659 fronte
1132 1629 1295 1668 gerebant.
1342 1629 1498 1667 Asperum,

838 1678 991 1720 quidquid
1006 1677 1191 1708 eminentias
1211 1677 1316 1707 habet.
1361 1677 1389 1707 A
1403 1676 1499 1718 κέρας

839 1727 913 1757 dicti
944 1732 1016 1757 sunt
1045 1727 1209 1767 κερασταὶ,
1239 1725 1372 1756 cornuti.
1426 1727 1500 1768 Ipsa

838 1777 940 1806 insula
965 1776 1050 1807 dicta
1078 1775 1226 1811 Cerastis,
1253 1775 1340 1816 quia,
1371 1781 1498 1807 auctore

840 1826 1017 1865 Xenagora,
1042 1825 1152 1854 πολλὰ
1172 1823 1302 1865 κέρατα,
1324 1824 1408 1855 τοῦτ’
1432 1825 1499 1855 ἔστι

840 1874 968 1911 πολλὰς
1001 1873 1127 1914 ἐξοχὰς,
1161 1874 1236 1914 ἔχει,
1274 1873 1349 1913 quia
1384 1874 1499 1904 multas

839 1922 1037 1958 eminentias,
1063 1921 1094 1951 id
1117 1927 1174 1957 est,
1199 1921 1417 1962 promontoria,
1443 1922 1498 1952 ha-

839 1972 944 2002 bebat.
967 1970 1059 2001 Adde
1071 1970 1221 2011 Stephan.
1235 1971 1267 2000 in
1283 1969 1340 2000 hoc
1356 1971 1499 2001 verbum.

841 2021 924 2051 Hinc
940 2026 1015 2050 nata
1031 2019 1149 2050 fabula.

883 2070 958 2099 224.
984 2069 1105 2108 Hospes,
1125 2067 1298 2109 hospitalis,
1319 2067 1432 2105 Ξένιος,
1446 2079 1500 2100 cu-

837 2118 889 2158 jus
903 2117 935 2148 in
951 2117 1050 2148 tutela
1066 2116 1201 2158 hospites
1217 2122 1324 2154 erant3
1350 2117 1502 2158 Virgilius

844 2168 920 2197 AEn.
937 2167 958 2197 i.
974 2167 1048 2197 731.
1086 2166 1240 2206 Lagubris
1255 2167 1372 2196 sceleris
1388 2166 1502 2207 pleros-

844 2226 904 2256 que
940 2215 1071 2245 offendit
1114 2214 1309 2255 interpretes.
1355 2214 1503 2245 Heinsius

844 2264 1001 2298 emendat,
1028 2265 1146 2294 ilicibus
1172 2264 1313 2299 celebris5
1345 2263 1502 2304 Scheppe⁴

845 2324 907 2349 rus,
923 2314 1048 2343 coedibus
1062 2313 1214 2348 illustris;
1231 2312 1439 2347 Burmannus,
1455 2313 1502 2342 la-

844 2364 948 2404 gabris
984 2362 1101 2397 Veneri,
1129 2361 1204 2402 quia
1231 2360 1288 2391 illa
1312 2360 1456 2391 abhorret
1484 2371 1504 2392 a

847 2411 996 2451 sanguine
1018 2417 1049 2441 et
1071 2410 1166 2441 sacris
1183 2408 1336 2440 nefandis.
1380 2409 1504 2441 Schira-

846 2460 936 2490 chius
951 2466 1055 2490 antem
1068 2459 1228 2499 vulgatam
1243 2462 1358 2492 tuetur,
1371 2467 1505 2499 eamque

846 2508 888 2538 ita
905 2509 1004 2549 capit:
1029 2512 1061 2537 at
1076 2507 1129 2537 illa
1141 2512 1206 2536 erat
1221 2516 1274 2536 ara
1285 2505 1436 2546 lugubris,
1452 2517 1506 2538 ara

845 2556 979 2587 sceleris.
1001 2556 1114 2596 Neque
1131 2555 1221 2585 aliter
1236 2554 1303 2584 haec
1319 2554 1418 2596 accipi
1434 2566 1503 2597 pos-

847 2612 929 2640 sunt,
947 2604 972 2634 si
987 2604 1080 2634 lectio
1094 2613 1180 2633 sana.
1218 2604 1444 2634 Amathusiacas
1459 2605 1504 2635 bi-

848 2656 966 2684 dentes:
996 2653 1129 2694 Cyprias
1151 2662 1247 2689 oves;
1283 2662 1354 2682 nam
1382 2652 1505 2694 Cyprus

849 2701 1037 2732 Amathusia
1053 2701 1146 2731 etiam
1167 2700 1224 2731 fuit
1240 2700 1409 2742 appellata.
