1779 3130
375 157 999 200 METAMORPHOSEON
1031 158 1151 200 LIB.
1185 159 1294 200 XV.

1445 160 1530 201 467

139 272 288 318 Orbis
313 273 517 319 humum
545 272 770 335 Delphos
795 272 997 329 adeunt,
1025 274 1223 320 oracula
1250 272 1453 330 Phoebi;

137 348 307 411 thue
334 348 585 395 salutifera
609 349 800 396 miseris
826 366 1112 397 succurrere
1138 351 1286 396 rebus

137 425 283 472 Sorte
307 425 440 479 velit,
467 432 720 487 tantaeque
746 426 879 472 urbis
907 427 1036 473 mala
1061 427 1215 481 finiat,
1243 434 1399 473 orant.

136 500 203 547 Et
227 501 383 556 locus,
410 508 460 548 et
485 501 666 557 laurus,
695 509 760 558 et,
789 519 913 564 quas
940 504 1090 550 habet
1116 504 1212 557 illa,
1240 503 1499 566 pharetrae,

135 577 443 625 Intremuere
469 577 643 624 simul:
684 579 975 641 cortinaque
1001 580 1217 626 reddidit
1243 580 1339 625 imo

1425 581 1520 625 635

135 653 280 700 Hanc
305 654 458 717 adyto
482 670 670 709 vocem,
697 655 1056 718 pavefactaque
1082 663 1284 719 pectora
1307 655 1487 702 movit:

136 736 167 755 “
195 730 341 784 Quod
389 730 520 793 petis
562 731 694 785 hinc,
730 731 958 794 propiore
995 733 1119 787 loco,
1157 731 1399 787 Romane,
1436 747 1521 794 pe-

332 807 479 854 tisses
497 825 506 861 ;

135 884 201 931 Et
224 891 338 948 pete
365 900 495 930 nunc
521 885 749 947 propiore
774 885 908 932 loco:
949 901 1040 932 nec
1067 885 1299 948 Apolline
1323 884 1477 938 vobiS‚

133 961 231 1015 Qui
256 961 447 1007 minuat
469 962 649 1016 luctus,
677 977 802 1024 opus
829 969 920 1017 est,
947 964 1036 1009 sed
1061 962 1293 1025 Apolline
1319 969 1462 1008 nato:

132 1037 211 1085 Ite
236 1038 378 1084 bonis
401 1037 594 1092 avibus,
622 1039 912 1101 prolemque
939 1039 1173 1086 arcessite
1198 1037 1466 1085 nostram.”

130 1115 283 1162 Jussa
309 1115 403 1163 Dei
428 1115 646 1178 prudens
672 1123 938 1178 postquam
964 1132 1203 1179 accepere
1229 1122 1448 1169 senatus,

132 1193 296 1247 Quam
321 1194 469 1248 colat,
497 1193 774 1255 explorant,
797 1194 994 1254 juvenis
1023 1193 1291 1239 Phoebeius
1318 1192 1506 1245 urbem,

131 1270 332 1333 Quique
357 1277 533 1333 petant
557 1270 718 1316 ventis
746 1269 1018 1333 Epidauria
1042 1271 1184 1316 litora
1208 1268 1428 1314 mittunt.

129 1347 254 1402 Quae
280 1348 426 1394 simul
451 1348 651 1394 incurva
674 1347 811 1393 missi
835 1347 1045 1409 tetigere
1071 1346 1252 1400 carina,

1423 1340 1517 1389 644

131 1420 410 1471 Concilium
439 1423 718 1485 Graiosque
743 1431 908 1486 patres
935 1423 1127 1478 adiere;
1167 1422 1446 1482 darentque

172 1579 246 1608 634.
272 1578 311 1608 Ει
335 1579 426 1613 locus,
443 1583 471 1607 et
490 1579 605 1612 laurus,
621 1578 699 1617 eta]
730 1577 785 1607 Lo-

127 1637 182 1658 cus
193 1626 395 1657 adumbratus
406 1637 422 1656 e
435 1626 578 1666 Virgilio,
593 1627 666 1656 En.
679 1626 722 1656 iii.
733 1627 786 1656 90.

128 1676 201 1711 Illa,
212 1676 330 1711 laurus,
341 1677 426 1705 hahet
440 1676 606 1714 pharetras,
621 1685 658 1705 ea
671 1681 785 1705 ornatae

128 1732 202 1756 sunt
223 1725 395 1767 pharetrae;
420 1725 482 1755 vid.
499 1725 519 1755 i.
536 1726 609 1755 558.
654 1724 787 1754 Lenzius

128 1786 200 1806 vero
223 1774 369 1814 intelligit
393 1774 553 1815 pharetras
573 1784 589 1803 e
612 1773 698 1803 lauro
721 1784 786 1803 sus-

126 1834 257 1867 pensas:
294 1824 474 1864 Apollinem
503 1822 597 1856 enim,
624 1822 676 1851 ubi
707 1828 785 1852 tem—

127 1874 215 1915 plum
238 1872 370 1907 intrarit,
386 1882 402 1902 e
422 1877 525 1901 mente
549 1871 654 1901 Ovidii
676 1870 786 1911 phare-

127 1927 205 1953 tram
221 1922 265 1952 sic
281 1921 489 1962 suspendisse.
520 1920 641 1949 Tremor
654 1920 707 1949 ille
722 1920 785 1960 sig-

126 1982 200 2002 num
230 1970 401 2013 praesentiae
431 1969 558 1999 divinae.
605 1969 697 1999 Conf.
723 1979 787 1998 ver.

126 2021 185 2052 671
203 2031 250 2061 sq.
298 2020 434 2054 Coi-tina,
449 2018 631 2060 operculum
648 2017 787 2058 tripodis,

125 2069 238 2110 ὅλμος.
286 2069 411 2098 Corcina
439 2069 574 2097 reddidit
600 2077 702 2102 vocem,
727 2076 786 2096 vox

125 2119 209 2149 elata
229 2123 276 2148 est
296 2128 351 2159 per
371 2117 533 2151 cortinam,
551 2127 587 2146 ex
608 2118 664 2145 imo
684 2117 785 2155 adyto,

125 2177 163 2197 ex
179 2167 241 2197 imo
255 2177 361 2207 specu,
378 2165 429 2196 cui
445 2166 562 2195 cortina
579 2163 734 2205 imposita.

168 2216 242 2245 637.
269 2216 411 2254 Propiore
437 2213 525 2253 loom]
576 2213 708 2243 Lenzius
732 2213 786 2242 ob-

124 2269 236 2298 servat,
253 2263 432 2304 Epidauron
450 2262 601 2292 Romanis
616 2261 786 2302 propiorem

124 2313 218 2344 fuisse
244 2312 368 2342 oraculo
395 2310 561 2352 Delphico.
608 2309 644 2338 ld
672 2309 782 2338 fanum

123 2371 201 2396 esse,
210 2371 324 2402 mappa
334 2358 542 2401 geographica
553 2358 663 2388 docere
675 2367 782 2397 quem-

124 2420 185 2451 que
209 2414 321 2451 potest.
367 2409 467 2437 lmmo
488 2406 604 2447 Delphi
628 2405 784 2446 propiores

124 2457 275 2489 Romanis
296 2457 463 2498 Epidauro.
508 2456 706 2486 Burmannus
727 2465 783 2495 pu-

122 2512 179 2542 tat,
195 2512 318 2548 poetam
340 2505 516 2535 confudisse
531 2503 723 2545 Epidaurum
740 2503 782 2532 Il-

124 2557 252 2598 lyricam
282 2566 353 2586 cum
384 2553 661 2596 Peloponnesiaca.
712 2553 783 2581 Non

124 2616 213 2646 nego,
225 2609 355 2640 veteres,
365 2604 528 2645 ipsumque
540 2601 702 2635 Ovidium,
714 2611 783 2640 pas-

126 2654 183 2684 sim
207 2654 310 2694 lapsos
331 2663 398 2683 esse
422 2652 452 2682 in
473 2649 705 2691 geographicis:
730 2649 783 2678 sed

127 2713 209 2734 nune
226 2713 281 2744 per
301 2703 465 2741 propiorem
485 2704 577 2729 locum
601 2699 698 2739 ipsam
723 2697 784 2726 Ro-

855 1587 937 1607 mam
953 1577 1118 1611 intellexit,
1135 1575 1186 1606 ubi
1203 1574 1273 1606 libri
1289 1573 1432 1615 Sibyllini
1448 1584 1512 1603 sei·-

855 1627 1017 1657 vabantur.
1065 1626 1150 1659 Quod
1167 1627 1251 1664 pelis,
1267 1624 1344 1654 scire
1364 1623 1453 1664 cupis
1475 1632 1512 1652 ex

854 1686 914 1711 me,
929 1676 1021 1717 quale
1038 1684 1150 1715 nempe
1166 1673 1337 1704 remedium
1352 1670 1450 1701 morbi
1466 1670 1516 1706 sit,

854 1724 885 1754 id
910 1724 1062 1765 potuisses
1086 1723 1194 1752 Romae
1216 1733 1232 1752 e
1252 1721 1337 1752 libris
1355 1719 1516 1761 Sibyllinis

855 1783 1050 1814 cognoscere.
1078 1773 1117 1802 Et
1132 1771 1163 1802 id
1180 1782 1246 1801 esse
1263 1771 1392 1805 factum,
1408 1768 1516 1800 Livius

854 1823 887 1853 d.
916 1824 938 1853 l.
969 1822 1079 1852 docet:
1116 1821 1238 1851 “Libri
1268 1819 1356 1852 aditi,
1387 1818 1513 1859 quinam

853 1873 932 1907 finis,
950 1878 1002 1902 aut
1018 1871 1102 1912 quod
1124 1870 1294 1900 remedium
1315 1867 1381 1908 ejus
1401 1866 1475 1896 mali
1496 1876 1514 1896 a

854 1921 924 1951 Diis
939 1920 1074 1950 daretur.
1098 1920 1263 1949 Inventum
1279 1916 1309 1946 in
1324 1915 1420 1951 libris,
1435 1915 1512 1945 AEs-

853 1969 1009 2009 culapium
1027 1969 1065 1998 ab
1084 1967 1239 2008 Epidauro
1255 1965 1388 1994 Romam
1409 1973 1511 1993 arces-

853 2017 1021 2048 sendum.'’
1056 2017 1111 2046 Sin
1130 2015 1321 2057 Epidaurum
1337 2012 1512 2052 intelligere

854 2067 1016 2101 vellemus,
1036 2065 1176 2105 ineptum
1201 2062 1306 2093 fuisset
1329 2066 1360 2092 et
1382 2060 1511 2091 stultum

853 2114 1026 2144 oraculum⁴
1071 2112 1133 2149 Qui
1171 2111 1252 2142 euim
1289 2115 1397 2150 sponte
1434 2108 1512 2139 scire

855 2162 989 2193 Romani
1019 2166 1170 2203 poterant,
1196 2158 1414 2198 Aisculapium
1445 2167 1511 2187 esse

854 2211 1069 2241 arcessendum
1082 2212 1093 2240 Τ.

896 2262 970 2291 642.
991 2261 1087 2294 Quam>
1102 2259 1203 2288 urbem
1217 2257 1305 2291 colat,
1318 2255 1422 2296 quain
1435 2254 1510 2284 urbe

851 2309 968 2349 templo
990 2313 1022 2338 et
1044 2306 1140 2337 sacris
1163 2305 1299 2340 colatur-3
1324 2303 1394 2333 vide
1417 2302 1455 2332 ad
1480 2313 1511 2332 x.

852 2358 925 2387 529.
976 2357 1146 2395 Epidauria
1179 2355 1279 2383 litora.
1333 2350 1510 2392 Epidaurus

853 2406 934 2435 enim
958 2405 989 2434 in
1004 2403 1107 2444 Argiae
1126 2403 1213 2432 litore
1235 2399 1376 2431 orientali
1393 2399 1451 2429 sita
1470 2398 1510 2428 ad

852 2457 952 2485 sinum
982 2452 1174 2484 Saronicum.
1220 2451 1264 2480 Ex
1295 2449 1402 2479 eadem
1433 2448 1509 2478 urbe

853 2503 1025 2543 xlfisculapii
1046 2502 1149 2532 cultus
1170 2503 1200 2530 in
1225 2499 1302 2529 alias
1325 2506 1420 2528 terras
1440 2508 1508 2538 pro-

852 2558 1003 2593 pagatus;
1028 2551 1162 2579 Pausan.
1179 2548 1212 2578 ii.
1231 2548 1282 2577 26.

895 2603 967 2631 6115.
993 2600 1170 2631 Concilium.
1186 2596 1332 2638 populum
1356 2604 1508 2624 convoca-

854 2655 929 2680 tum.
977 2651 1079 2678 Certus
1097 2654 1197 2677 saites.
1248 2645 1326 2674 Vide
1343 2644 1382 2673 ad
1399 2644 1418 2674 i.
1435 2644 1507 2673 491.

854 2700 948 2728 *Sor-(cs
963 2700 1069 2727 (licum
1085 2704 1115 2726 οι
1133 2696 1206 2725 alibi
1227 2694 1348 2731 legitur,
1364 2699 1507 2721 monente
