1779 3130
239 197 324 238 440
629 193 679 234 Ρ.
715 193 927 234 OVIDII
963 193 1242 235 NASONIS

237 309 367 356 Vere
389 325 513 356 novo
534 315 638 355 est:
665 314 785 354 tunc
802 307 956 354 herba
971 308 1151 364 nitens,
1171 315 1221 355 et
1240 307 1427 354 roboris
1448 323 1626 370 expers

236 384 438 446 Turget,
467 392 518 432 et
540 383 752 430 insolida
775 390 867 439 est,
896 391 946 430 et
971 401 1060 447 spe
1086 385 1304 431 delectat
1329 391 1590 446 agrestem.

239 461 422 508 Omnia
445 468 551 508 tum
577 461 782 516 florent;
824 461 1102 524 florumque
1128 461 1374 507 coloribus
1400 461 1559 507 almus

239 537 392 585 Ridet
410 554 550 599 ager3
572 554 736 600 neque
753 538 913 585 adhuc
924 538 1076 585 virtus
1093 539 1141 589 111
1151 537 1405 584 frondibus
1416 537 1518 582 ulla
1533 542 1623 582 est.

237 613 435 660 Transit
460 614 508 659 in
534 621 759 660 aestatem
784 622 897 677 post
920 630 1019 670 ver,
1047 614 1291 660 robustior
1316 628 1490 668 annus,
1530 614 1626 658 206

237 690 417 753 Fitque
442 691 612 737 valens
633 690 858 753 juvenis:
899 707 1062 753 neque
1083 691 1213 736 6111111
1239 689 1483 736 robustior
1508 695 1626 734 aetas

237 766 369 823 Ulla,
397 783 489 814 nec
516 767 728 821 uberior,
756 782 847 812 nec
872 783 982 828 quae
1009 767 1166 828 magis
1192 772 1386 821 eestuet,
1409 765 1508 811 ulla
1532 771 1623 810 est.

237 844 444 907 Excipit
468 852 752 898 autumnus,
780 844 942 906 posito
968 844 1154 890 fervore
1175 845 1393 905 juventae

235 920 481 976 Maturus,
511 920 763 983 mitisque,
791 921 919 966 inter
937 921 1273 982 juvenemque
1304 934 1574 980 senemque

234 997 496 1060 Temperie
521 997 730 1052 medius,
760 997 945 1060 sparsis
972 1013 1059 1060 per
1083 1004 1308 1059 tempora
1332 995 1486 1041 canis.
1527 997 1618 1040 211

235 1074 360 1121 Inde
386 1075 553 1121 senilis
579 1074 737 1121 hiems
764 1074 975 1121 tremulo
1000 1075 1134 1120 venit
1157 1074 1355 1120 horrida
1381 1088 1547 1135 passu,

235 1151 337 1198 Aut
361 1152 572 1213 spoliata
597 1168 728 1206 81108,
756 1159 856 1206 aut,
881 1167 1007 1214 quos
1033 1151 1199 1207 habet,
1227 1151 1338 1197 alba
1363 1148 1586 1211 capillos.

235 1226 421 1273 Nostra
437 1243 637 1289 quoque
658 1227 877 1290 ipsorum
899 1243 1112 1290 semper,
1127 1227 1398 1289 requieque
1409 1225 1514 1271 81116
1524 1224 1623 1270 ulla

237 1303 458 1367 Corpora
474 1311 758 1351 vertuntur:
789 1320 897 1359 1160,
926 1305 1059 1367 quod
1084 1304 1343 1358 fuimusve,
1372 1316 1619 1355 sumusve,

234 1501 349 1542 Georg.
365 1501 385 1531 i.
405 1502 478 1532 315.
499 1502 664 1532 Frumenra
685 1504 716 1532 in
738 1504 826 1532 siricii
841 1505 893 1532 sti·

230 1551 305 1589 pala
325 1551 468 1580 lactentia
490 1557 625 1590 turgent.
671 1550 816 1586 Insolicla,
832 1561 892 1580 non

233 1598 342 1634 solida,
366 1599 508 1635 infirma3
544 1610 623 1629 unus
653 1599 818 1629 Mediceus
844 1601 891 1628 in-

233 1649 346 1678 valida.
392 1649 448 1687 Spe
463 1649 602 1684 delectat,
618 1647 701 1678 unde
721 1659 809 1689 seges
827 1648 893 1689 ipsa

232 1707 292 1735 spes
315 1698 390 1726 anm*
416 1697 506 1727 toties
530 1703 669 1732 vocatur,
691 1697 892 1737 quemadmo-

233 1745 306 1775 dum
323 1745 410 1785 pueri
425 1757 486 1785 spes
500 1747 642 1776 cicadis.

275 1795 348 1825 207.
377 1795 494 1831 Valens,
517 1795 639 1825 scilicet
661 1793 796 1832 viribus;
820 1804 892 1834 ergo

231 1843 313 1874 idem
340 1844 421 1885 quod
454 1845 600 1879 robustus,
635 1844 718 1884 quod
748 1849 779 1873 et
813 1854 891 1884 prae-

231 1893 324 1923 cessit
339 1899 369 1924 et
387 1894 536 1934 sequitur.
583 1893 731 1923 Similiter
753 1904 804 1923 nec
825 1894 892 1922 ulla

232 1948 285 1977 est,
305 1941 388 1982 quod
409 1942 501 1973 modo
522 1947 736 1984 praecesserat,
753 1951 823 1971 mox
845 1941 892 1971 bis

232 1990 382 2031 repetitur
409 2001 471 2021 uno
499 2001 601 2021 versu.
645 1990 773 2021 Defecit
798 1990 891 2030 igitur

230 2037 281 2068 1110
298 2038 447 2069 Ovidium
463 2038 638 2069 fecunditas
653 2038 780 2079 ingenii.
815 2038 889 2068 Ube-

231 2089 305 2123 rior,
323 2087 397 2128 quia
416 2093 507 2118 aestas
527 2087 676 2128 plurimas
695 2087 801 2127 fruges
819 2097 890 2128 sup-

229 2135 361 2177 peditat,
387 2136 511 2178 juveuis
540 2141 645 2166 autem
674 2136 809 2177 plurima
838 2146 891 2166 ne-

230 2183 314 2224 gotia
327 2190 449 2215 strenue
465 2184 605 2226 suscipit.
641 2185 762 2214 ἆῖεῖιιαι
780 2195 890 2221 annus,

230 2232 356 2273 quando
389 2243 441 2264 aer
481 2233 640 2264 vicinitate
673 2233 746 2264 solis
782 2233 887 2264 incan-

229 2281 338 2312 descit.

272 2330 346 2360 209.
383 2331 483 2361 Posito
507 2330 632 2372 fervore
652 2333 789 2370 jurentae
820 2330 890 2361 Elsa-

230 2383 338 2415 tur1155
384 2379 543 2414 Horatius,
581 2379 651 2409 Art.
682 2380 772 2409 Poet.
808 2380 887 2410 115:

229 2430 248 2443 ‘¹
265 2427 449 2458 Maturusne
464 2438 569 2463 senex,
587 2438 625 2458 an
645 2427 746 2458 adhuc
764 2428 891 2458 florente

225 2476 357 2516 juventa
372 2476 553 2507 Fervidus.”
591 2477 738 2518 Namque
755 2483 890 2507 multans

229 2524 393 2555 honestum
428 2524 561 2555 virorum
604 2532 697 2566 atque
733 2525 888 2556 seniorum

229 2572 397 2613 epitheton,
413 2574 495 2614 quod
511 2574 695 2614 gravitatem
714 2585 818 2604 eorum
835 2585 888 2604 ex-

229 2620 356 2661 primit;
388 2622 451 2652 viii.
478 2624 549 2653 617.
576 2625 673 2652 animo
700 2629 835 2652 maturus
861 2631 887 2653 et

228 2680 309 2706 ατο,-
333 2670 404 2701 vide
428 2671 532 2701 Bentl.
558 2671 597 2701 ad
620 2672 796 2706 Horatium,
818 2672 886 2702 Art.

229 2719 316 2749 Poet.
336 2720 406 2751 157.
437 2721 513 2751 Mile
529 2726 559 2751 et
574 2720 612 2751 de
629 2721 752 2761 ingenio
768 2721 840 2757 leni,
856 2727 886 2752 et

961 1502 1000 1532 de
1018 1503 1098 1533 coelo
1115 1508 1284 1543 temperato
1301 1506 1475 1542 usurpatur,
1492 1498 1621 1540 opponi-

962 1558 1073 1592 turque
1100 1552 1220 1582 fervori.
1267 1551 1317 1581 Sic
1349 1550 1441 1580 etiam
1472 1549 1622 1588 temperies

961 1602 1064 1632 animo
1081 1601 1186 1631 sedato
1204 1606 1235 1631 et
1252 1599 1338 1640 gravi
1354 1600 1509 1629 tribuitur.
1538 1598 1619 1628 Con-

961 1650 1006 1680 fer
1021 1661 1092 1681 cum
1107 1650 1165 1680 hoc
1180 1651 1248 1680 loco
1263 1649 1316 1680 xii.
1333 1650 1406 1679 464.

1003 1701 1076 1730 212.
1102 1700 1178 1730 Inde
1193 1701 1294 1730 senilis
1317 1700 1414 1733 hiems,
1435 1696 1517 1737 etc.]
1548 1696 1620 1726 Pic-

960 1755 1029 1779 tura
1054 1748 1316 1779 excellentissima
1349 1747 1469 1780 hiemis,
1499 1746 1531 1775 in
1559 1754 1622 1786 qua

959 1798 1081 1839 singula
1104 1799 1198 1829 verba
1220 1797 1355 1832 delecta,
1377 1795 1619 1835 suavissimeque

959 1847 998 1876 ab
1015 1847 1137 1877 homine
1155 1857 1227 1877 sene
1243 1846 1351 1887 petita.

1001 1897 1075 1926 214.
1110 1896 1223 1925 Nostra
1262 1895 1393 1932 Corpora
1430 1891 1618 1931 vertuntur]

958 1944 1009 1974 De
1031 1944 1202 1975 mutatione
1229 1942 1363 1984 corporis
1388 1941 1495 1977 nostri,
1517 1941 1619 1971 fluxu-

958 2003 1019 2033 que
1043 1999 1192 2034 perpetuo
1216 1991 1348 2034 partium
1372 1991 1449 2032 ejus,
1469 1995 1500 2020 et
1525 1989 1620 2020 veris-

957 2041 1034 2072 sime
1060 2048 1090 2072 et
1111 2041 1316 2082 pulcherrime
1339 2040 1487 2080 disputat.
1531 2039 1618 2070 Bene

957 2101 1018 2129 spes
1047 2091 1193 2120 hominum
1224 2091 1336 2129 primae,
1375 2088 1505 2123 semina,
1534 2088 1618 2118 unde

957 2149 1079 2180 sperare
1095 2138 1168 2169 licet
1183 2138 1332 2168 oriturum
1352 2136 1521 2167 hominem.
1567 2136 1617 2166 Sic

958 2188 1046 2218 flores
1073 2188 1216 2218 arborum
1254 2193 1326 2217 sunt
1353 2197 1414 2225 spes
1444 2187 1615 2215 baccarum.

958 2236 1057 2267 Recte
1083 2237 1175 2267 etiam
1191 2237 1398 2270 habitat-imus,
1421 2234 1496 2275 quia
1517 2235 1615 2269 alvus,

957 2285 988 2316 id
1014 2291 1060 2316 est
1089 2291 1193 2315 uterus
1217 2284 1333 2319 matris,
1358 2289 1403 2314 est
1427 2285 1528 2313 domus
1553 2294 1617 2313 ver.

957 2336 1029 2365 220.
1054 2335 1193 2374 Artifices
1203 2345 1316 2369 manus,
1327 2339 1361 2362 ut
1373 2332 1455 2373 apud
1465 2331 1614 2368 Gellium,

956 2384 1011 2414 xii.
1030 2385 1040 2413 l
1058 2396 1063 2412 :
1083 2388 1102 2400 “
1116 2384 1153 2413 In
1169 2383 1243 2424 ipsis
1258 2381 1414 2411 hominem
1430 2380 1614 2422 primordiis,

956 2432 1028 2462 dum
1051 2431 1176 2472 fingitur
1200 2437 1230 2461 et
1252 2430 1415 2465 animatur,
1431 2429 1511 2459 inter
1531 2429 1615 2470 ipsas

955 2480 1080 2510 artificis
1117 2485 1235 2509 naturae
1271 2489 1381 2508 manus
1410 2477 1613 2508 interficere.''

955 2528 1066 2559 Noluit
1091 2534 1200 2558 natura
1237 2528 1354 2557 diutius
1390 2527 1433 2557 ibi
1470 2526 1611 2556 habitare

955 2587 1092 2618 corpora,
1115 2576 1188 2617 quia
1206 2576 1248 2606 ibi
1271 2578 1404 2611 condita,
1429 2575 1494 2605 siue
1519 2585 1611 2605 sensu

955 2632 986 2657 et
1010 2633 1094 2657 motu
1114 2627 1233 2667 jacent,
1260 2627 1332 2666 quia
1359 2631 1458 2655 mater
1483 2627 1610 2655 distenta

954 2675 1039 2715 gravi
1064 2685 1156 2705 onere
1177 2674 1337 2716 premitur,
1359 2681 1389 2705 et
1411 2672 1484 2715 quia
1508 2673 1610 2704 infans

954 2730 1084 2764 angusto
1098 2724 1166 2754 loco
1180 2726 1318 2763 angitur.
