1779 3130
384 160 1003 202 METAMORPHOSEON
1037 162 1155 204 LIB.
1189 163 1299 205 XII.

1445 167 1529 207 283

143 270 286 318 Ultor
302 274 443 319 adest
462 274 736 336 Aphareus,
756 290 1034 338 saxumque
1051 293 1077 323 e
1093 286 1259 324 monte
1277 280 1520 326 revulsum

142 346 342 395 Mittere
367 357 594 396 conatur:
635 358 898 396 conantem
925 352 1093 414 stipite
1119 370 1308 414 querno

139 422 368 486 Occupat
394 425 613 486 AEgides‚
641 425 897 487 cubitique
924 427 1144 488 ingentia
1170 429 1349 491 frangit

141 498 301 546 Ossa:
342 517 431 547 nec
459 501 663 547 ulterius
690 502 806 548 dare
833 519 1012 566 corpus
1040 504 1213 551 inutile
1238 507 1336 553 leto

138 575 240 621 Aut
265 584 421 631 vacat,
449 584 533 623 aut
558 584 724 623 curat:
765 585 1003 641 tergoque
1032 579 1258 627 Bianoris
1285 583 1370 628 alti
1426 586 1521 630 345

136 649 313 705 Insilit,
332 652 462 699 haud
489 653 631 699 solito
652 668 956 715 quemquam
982 662 1194 717 portare,
1213 657 1307 703 nisi
1331 659 1517 720 ipsum3

135 726 485 791 Opposuitque
511 745 640 790 genu
667 730 846 785 costis;
889 746 1221 794 prensamque
1249 733 1448 780 sinistra

134 803 401 851 Caesariem
428 805 660 860 retinens,
689 806 896 860 vultum,
925 806 1304 870 minitantiaque
1331 825 1417 856 ora

137 880 334 928 Robore
360 882 564 936 nodoso,
591 882 919 944 praeduraque
944 889 1183 945 tempora,
1212 884 1371 945 fregit.

137 957 336 1005 Robore
365 959 701 1022 Nedymnum,
719 959 1149 1022 jaculatoremque
1173 960 1397 1023 Lycotan
1423 966 1520 1009 350

136 1035 340 1091 Sternit,
368 1044 418 1082 et
442 1036 662 1082 immissa
687 1043 964 1098 protectum
990 1044 1193 1099 pectora
1218 1038 1372 1084 barba

131 1111 408 1174 Hippason,
437 1119 487 1159 et
511 1113 715 1158 summis
742 1120 997 1160 extantem
1026 1114 1223 1176 Riphea
1247 1115 1397 1170 silvis,

129 1187 405 1250 Tereaque,
438 1188 707 1234 Haemoniis
734 1189 819 1251 qui
846 1205 1051 1252 prensos
1078 1191 1328 1236 montibus
1354 1207 1494 1238 ursos

130 1263 275 1311 Ferre
301 1265 501 1311 domum
526 1265 677 1321 vivos,
706 1265 1125 1328 indignantesque
1151 1267 1360 1313 solebat.

129 1340 275 1387 Haud
303 1342 416 1388 tulit
440 1349 661 1389 utentem
688 1359 866 1405 pugnae
893 1343 1209 1390 successibus
1234 1344 1364 1390 ultra
1417 1347 1514 1391 355

126 1417 322 1464 Thesea
349 1418 652 1475 Demole0n3
694 1419 953 1481 solidoque
980 1420 1214 1466 revellere
1240 1420 1390 1466 dumo

126 1493 379 1540 Annosam
406 1494 577 1557 pinum
604 1510 782 1556 niagno
808 1495 1057 1542 molimine
1084 1503 1269 1543 tentat:

128 1569 273 1624 Quod
290 1570 407 1633 quia
422 1587 518 1616 non
535 1571 713 1634 potuit,
734 1571 1043 1634 praefractam
1064 1571 1198 1618 misit
1216 1572 1265 1618 in
1285 1573 1477 1619 hostem
1497 1591 1507 1629 3

167 1760 240 1788 343.
267 1759 410 1797 Occupat,
427 1757 593 1798 praevertit,
610 1763 642 1787 ut
660 1757 743 1787 Fast.
762 1759 782 1788 i.

126 1809 199 1838 575.
224 1808 357 1846 Occupat
379 1808 509 1836 Alcides.
558 1807 684 1842 Inutile,
713 1808 781 1837 scil.

124 1856 227 1892 armis,
241 1855 323 1897 quod
335 1855 488 1885 interdum
500 1855 634 1886 additur.
650 1856 779 1886 Heroid.

123 1906 144 1935 i.
163 1907 232 1936 105.
248 1907 297 1945 qui
312 1907 349 1934 sit
366 1906 485 1935 inutilis
504 1907 614 1941 armis,·
640 1905 721 1935 Fast.
737 1905 780 1935 iii.

129 1955 198 1985 173.
217 1956 296 1984 Deus
311 1956 396 1984 utilis
410 1956 514 1984 armis.

145 2005 218 2035 345.
229 2005 515 2044 Tergaque-dmum.
531 2003 780 2045 Frigidusjocus.

124 2053 198 2083 Pars
214 2052 328 2093 equina
348 2053 495 2084 Centauri
511 2053 654 2094 portabat
671 2053 777 2082 huma-

123 2113 206 2132 nam.
225 2103 379 2140 Opposuit,
392 2102 504 2143 pressit
515 2102 656 2142 genubus
665 2108 777 2137 costas,

122 2162 183 2192 quo
199 2151 306 2181 fortius
320 2151 460 2181 haereret.
487 2152 644 2186 Retinens,
662 2156 776 2181 retrac-

121 2206 184 2231 tam
210 2206 330 2230 tenens.
379 2200 535 2230 Minantia
565 2205 618 2230 aut
648 2202 777 2229 minacia

121 2260 172 2279 ora
190 2248 282 2279 tribui
298 2248 399 2279 solent
413 2247 540 2278 fortibus
554 2248 777 2286 bellatoribus3

121 2297 191 2328 vide
208 2297 319 2327 Horat.
336 2297 379 2327 II.
396 2297 457 2328 Od.
474 2297 526 2327 vii.
546 2298 593 2326 ll.

163 2348 236 2378 352.
261 2347 387 2376 Summis
410 2353 556 2376 errantem
584 2346 698 2384 Riphea
725 2347 775 2375 sil-

119 2395 193 2436 vis.]
231 2396 347 2425 Heroes
362 2401 393 2425 et
406 2395 553 2425 Centauri
570 2401 633 2425 tam
650 2394 776 2424 immani

120 2445 236 2479 robore,
253 2454 347 2484 quam
364 2444 476 2484 insigni
493 2443 706 2484 magnitudine
722 2454 775 2473 ex-

120 2493 287 2523 cellebant.
332 2493 462 2523 Roboris
479 2492 566 2533 signa
583 2493 679 2522 habes
696 2502 774 2522 vers.

121 2542 197 2571 281.
225 2542 298 2572 327.
321 2542 393 2571 341.
417 2543 492 2571 432.
539 2542 633 2571 Nunc
655 2540 776 2580 magni-

120 2590 271 2625 tudinem,
283 2601 375 2631 quam
388 2591 450 2631 jam
466 2601 529 2620 ver.
546 2591 621 2620 343.
639 2592 775 2629 ingentia

119 2650 179 2668 ussa
194 2638 438 2675 declaraverunt,
454 2638 573 2668 definit.
608 2638 774 2673 Homerus,

122 2687 203 2717 unde
233 2687 370 2728 pendent
398 2687 513 2721 caeteri.
538 2686 645 2728 prist-:e
673 2687 774 2717 aetatis

851 1757 990 1788 homines
1011 1764 1170 1800 comparat
1187 1758 1232 1788 vel
1251 1769 1321 1788 cum
1340 1759 1507 1793 montibus,

850 1813 883 1837 ut
900 1807 1138 1848 Polyphemum,
1156 1808 1218 1839 od.
1234 1812 1261 1838 1.
1282 1809 1351 1838 191.
1373 1808 1421 1838 vel
1437 1819 1509 1838 cum

849 1856 1020 1891 arboribus,
1038 1856 1077 1886 11.
1095 1861 1132 1887 E.
1148 1858 1220 1887 560.
1267 1858 1385 1887 Ornate
1402 1856 1508 1898 hujus-

848 1904 929 1934 modi
951 1910 1087 1934 monstra
1102 1904 1316 1935 describuntur
1333 1916 1350 1935 a
1366 1904 1510 1945 Virgilio,

850 1955 922 1984 [En.
938 1953 980 1983 ix.
997 1954 1059 1984 675
1076 1965 1145 1995 sqq.
1200 1954 1283 1984 Hinc
1298 1955 1379 1984 altus
1394 1954 1508 1984 Bianor

848 2002 1068 2043 intelligendus
1106 2014 1169 2034 ver.
1199 2004 1273 2034 345.
1307 2009 1338 2034 et
1368 2005 1509 2033 immunia

847 2054 985 2088 membra,
1001 2063 1064 2083 ver.
1080 2054 1154 2083 501.
1195 2053 1346 2083 Prehendi
1361 2052 1508 2083 dicuntur

847 2102 918 2131 ferae
935 2107 1096 2142 vaganteS,
1112 2112 1208 2142 quum
1230 2101 1309 2131 vivae
1326 2100 1504 2142 capiuntur.

844 2150 895 2180 Sic
910 2152 1010 2188 prensi
1028 2152 1108 2180 boves
1120 2150 1233 2190 virgil.
1246 2150 1361 2190 Georg.
1375 2149 1398 2179 i.
1415 2150 1493 2180 285.

888 2199 960 2228 356.
988 2199 1086 2227 Dumo
1110 2197 1228 2228 dictum
1247 2198 1354 2228 volunt
1374 2208 1428 2239 pro
1448 2200 1504 2228 ‹lu-

845 2254 931 2276 meto.
960 2246 1020 2277 Sed
1036 2246 1111 2287 quid
1129 2252 1176 2276 est
1190 2248 1315 2277 solidum
1331 2248 1506 2276 dumetum?

845 2301 876 2326 et
898 2306 971 2326 1111111
995 2301 1079 2326 recte
1100 2295 1214 2325 dicitur
1234 2295 1339 2336 pinum
1363 2296 1505 2325 revellere

845 2346 985 2374 dionem?
1008 2344 1100 2374 MSS.
1125 2343 1215 2374 valde
1238 2343 1367 2374 variant.
1412 2344 1502 2374 Forte

844 2398 971 2434 praestat
995 2403 1064 2423 curn
1093 2392 1354 2433 Cantabrigiensi,
1382 2393 1503 2424 Grono-

847 2441 935 2472 viano
948 2447 979 2472 et
994 2441 1095 2481 Regio
1112 2441 1202 2472 tertio
1223 2441 1337 2481 legere,
1352 2443 1503 2482 solidaque

842 2492 982 2520 rerellere
1000 2498 1092 2525 terra,
1109 2496 1161 2520 aut
1178 2500 1248 2519 cum
1262 2490 1501 2531 uno,fundnque

843 2542 966 2570 mellei-e
980 2542 1016 2569 ab
1032 2542 1098 2570 imo.
1145 2538 1314 2569 Radit-itus
1332 2549 1398 2568 earn
1415 2537 1500 2568 evel-

843 2590 907 2619 lere
925 2589 1089 2626 tentabat3
1115 2588 1197 2628 quod
1214 2588 1286 2628 quia
1308 2598 1367 2617 non
1389 2586 1498 2628 potuit,

843 2638 1035 2679 praefractam
1051 2637 1144 2667 misit.
1189 2638 1239 2666 Sic
1256 2647 1319 2666 ver.
1333 2636 1408 2666 327.
1422 2636 1497 2666 euel—

843 2689 901 2717 [erc
918 2694 997 2717 terra
1012 2686 1222 2727 Glundil'ernm
1240 2697 1390 2725 quercum.
