1779 3130
233 180 318 221 230

235 294 374 342 Neve
399 300 539 339 tuum
563 288 715 336 fallax
740 287 959 334 animum
983 287 1166 336 fiducia
1188 296 1374 351 tangat,

607 176 658 216 P.
694 172 907 214 OVIDII
941 172 1223 215 NASONIS

1522 294 1620 337 430

234 370 381 425 Quod
406 383 546 415 socer
571 364 885 429 Hippotades
910 364 1000 411 tibi
1025 365 1106 420 sit,
1135 366 1221 428 qui
1247 382 1444 414 carcere
1466 367 1618 414 fortes

235 446 504 494 Contineat
527 450 717 498 ventOS,
745 449 809 496 et,
839 457 994 503 quum
1018 443 1151 500 velit,
1179 459 1380 506 aequora
1402 444 1584 507 placet.

234 523 402 578 Quum
428 520 583 567 semel
608 518 775 566 emissi
799 525 1066 566 tenuerunt
1091 535 1291 582 aequora
1313 521 1474 577 venti;

233 600 318 646 Nil
342 598 437 645 illis
460 597 671 644 vetitum
696 602 788 650 est,
816 595 1318 659 incommendataque
1344 598 1492 644 tellus

234 675 426 730 Omnis,
441 681 490 721 et
505 689 652 720 omne
667 672 871 719 fretum:
886 673 997 719 coeli
1014 689 1215 735 quoque
1231 673 1400 720 nubila
1417 679 1616 728 vexant,

233 752 610 814 Excutiuntque
634 750 749 797 feris
775 749 948 796 rutilos
974 750 1296 796 concursibus
1323 750 1479 811 ignes.
1519 752 1616 796 436

233 829 345 883 Quo
370 828 528 889 magis
554 827 643 873 hos
669 826 796 881 novi,
825 842 938 872 nam
964 826 1092 880 novi,
1120 833 1171 872 et
1196 842 1328 889 saepe
1353 833 1565 889 paterna

232 905 394 951 Parva
417 905 564 951 domo
588 902 703 957 vidi,
731 902 888 964 magis
914 902 1003 948 hos
1028 918 1136 948 reor
1161 918 1270 949 esse
1297 902 1560 949 timendos.

232 981 380 1036 Quod
404 989 490 1027 tua
516 980 556 1026 si
581 979 715 1026 flecti
742 979 972 1042 precibus
1000 979 1247 1025 sententia
1271 979 1436 1034 nullis,

235 1059 380 1114 Care,
407 1063 589 1120 potest,
617 1057 818 1117 conjux,
846 1054 1155 1117 nimiumque
1181 1072 1235 1102 es
1261 1063 1425 1102 certus
1451 1055 1617 1111 eundi,

236 1134 323 1182 Me
343 1149 545 1197 quoque
562 1133 680 1180 tolle
700 1133 870 1178 simul:
899 1138 1032 1178 certe
1052 1132 1353 1193 jactabimur
1371 1148 1490 1189 una3
1520 1134 1611 1178 441

235 1299 311 1330 dum
348 1297 431 1329 tituli
468 1297 717 1329 inscribebantur
753 1296 894 1328 tumulis.

236 1348 363 1379 Centies
376 1348 492 1379 Noster
509 1347 671 1378 confundit
687 1352 836 1389 tempora.

279 1399 353 1428 430.
380 1398 462 1428 Xer-e
485 1406 571 1428 tuum
585 1397 702 1438 fallar,
721 1396 801 1436 etc.]
832 1396 896 1426 Ac-

235 1446 430 1477 commodate
456 1446 524 1476 haec
546 1446 585 1476 de
606 1445 707 1476 ventis
731 1445 770 1475 ad
792 1455 895 1484 perso-

237 1505 348 1525 narum
375 1495 525 1525 rationem
553 1493 648 1524 dicta.
693 1495 840 1534 Namque
867 1499 897 1524 et

225 1545 347 1583 fiducia
364 1543 419 1573 illa
434 1542 527 1573 facile
543 1548 671 1583 tangere
683 1548 805 1583 poterat
818 1542 896 1580 Hip-

232 1595 347 1632 pozadae
370 1592 438 1623 scil.
463 1592 547 1622 AEoli
570 1602 730 1632 generum,
750 1601 807 1621 nec
833 1601 897 1621 me-

234 1642 296 1673 lius
325 1642 493 1683 quisquam
524 1652 593 1672 eam
622 1641 774 1676 refellere,
804 1651 898 1682 quam

235 1690 375 1732 ejusdem
395 1690 457 1721 Dei
477 1690 552 1721 filia.
597 1689 727 1720 Fiducia
749 1688 803 1719 illa
818 1689 898 1720 virili

237 1740 341 1770 animo
364 1740 518 1775 convenit,
535 1739 714 1770 sollicitudo
738 1739 805 1768 haec
830 1749 898 1769 mu-

235 1788 336 1819 liebri.
382 1789 431 1818 De
456 1799 574 1819 carcere
597 1788 775 1827 Hippotadae
794 1787 899 1818 confer

234 1838 277 1869 iv.
303 1839 380 1868 662.
427 1837 541 1872 Fortes,
565 1836 665 1878 rapidi
689 1842 743 1866 aut
769 1837 897 1866 feroces.

235 1886 323 1922 Irati,
361 1886 547 1927 quibuscum
585 1891 780 1925 comparatur
814 1895 898 1915 mare

236 1934 406 1970 turbidum,
429 1940 461 1965 et
482 1935 600 1972 placari
623 1932 769 1963 dicuntur
792 1939 822 1964 et
845 1945 898 1972 pa-

237 1986 312 2015 cari.
356 1984 468 2024 Itaque
494 1983 560 2012 haec
586 1982 646 2012 duo
665 1982 759 2012 verba
782 1982 898 2023 ubique

236 2033 310 2068 fere,
326 2032 419 2062 etiam
441 2031 499 2061 hoc
521 2031 588 2060 loco
611 2030 643 2060 in
664 2030 757 2059 MSS.
773 2041 898 2071 permu-

237 2086 343 2111 tantur
357 2092 363 2109 :
390 2079 451 2110 vid.
468 2078 630 2109 Bentleius
647 2078 686 2108 ad
702 2079 812 2109 Horat.
824 2078 894 2108 Art.

239 2130 329 2160 Poet.
347 2130 418 2160 197.

281 2180 356 2210 433.
372 2178 559 2213 Tenum-unt,
574 2176 792 2207 incubuerunt.
816 2175 899 2212 Quia

238 2229 319 2259 venti
351 2233 383 2257 et
411 2237 527 2266 aquom
564 2225 756 2267 praecedunt,
784 2224 896 2255 Heins-

238 2276 350 2308 suadet
365 2281 527 2306 tenuerunt
549 2275 657 2305 coerula
675 2280 729 2304 aut
744 2274 899 2314 nemsi-a-

239 2334 308 2362 tres,
332 2332 366 2356 ut
389 2325 520 2355 alterum
546 2335 561 2354 e
587 2324 688 2364 glossa
711 2330 816 2354 natum
844 2323 896 2354 sit.

241 2376 297 2405 Nil
328 2376 389 2404 illis
415 2376 540 2404 vetitum
574 2379 625 2407 est,
648 2372 690 2402 nil
720 2383 774 2413 pro
803 2373 898 2402 vetito

238 2424 365 2454 habent.
410 2422 554 2453 Graviter
571 2431 622 2452 eos
637 2421 695 2451 hoc
712 2421 835 2451 nomine
851 2421 897 2451 in-

240 2478 347 2514 crepat
362 2471 474 2502 :Eolus
502 2471 585 2512 apud
601 2470 769 2510 Virgilium
783 2471 860 2500 AEn.
877 2470 897 2501 i.

242 2522 315 2551 132.
362 2520 617 2550 Incommenslata.
657 2521 736 2555 Quae
756 2530 897 2550 commen—

240 2571 312 2600 data
335 2569 498 2603 habemus,
523 2578 629 2598 eorum
657 2578 763 2598 curam
787 2568 897 2609 praeci-

241 2628 336 2660 puam
360 2628 464 2658 gerere
484 2618 644 2648 debemus.
691 2617 773 2647 Hinc
789 2619 898 2648 incom-

241 2668 408 2701 metuimus,
439 2667 491 2697 cui
519 2677 581 2696 non
610 2666 774 2707 parcimus,
806 2677 897 2707 quem

241 2715 367 2757 impune
395 2713 509 2746 violare
539 2714 634 2753 licet;
663 2725 740 2745 nove.
765 2715 894 2746 dictum.

968 1298 1092 1333 Veram,
1109 1302 1322 1339 contorquent.
1347 1298 1502 1338 Respexit
1517 1302 1622 1328 autem

963 1346 995 1377 h.
1016 1346 1037 1378 l.
1071 1348 1195 1378 Lucret.
1224 1349 1244 1378 i.
1271 1349 1353 1378 279:
1389 1347 1474 1377 Venti
1501 1357 1623 1386 corpora

964 1407 1049 1431 σασα,
1070 1397 1142 1430 Quae
1159 1408 1248 1433 mare,
1264 1408 1326 1436 quoe
1342 1403 1447 1431 terras,
1463 1407 1525 1435 quoe
1541 1397 1624 1426 deni-

964 1456 1019 1485 que
1048 1447 1151 1476 nubila
1182 1447 1247 1476 carli
1288 1445 1433 1479 Verrunt,
1462 1457 1497 1475 ac
1529 1446 1624 1474 subito

964 1496 1103 1524 venantia
1121 1496 1240 1525 turbine
1264 1501 1399 1534 raptant.
1444 1494 1582 1534 Fulgura
1595 1498 1627 1523 et

965 1543 1100 1574 tonitrua
1115 1543 1305 1579 excitabant,
1316 1554 1332 1574 e
1348 1543 1531 1578 Democriti,
1544 1542 1625 1573 Stoi-

965 1602 1071 1622 corum
1109 1592 1302 1633 aliorumque
1339 1591 1505 1627 sententia,
1540 1590 1625 1621 venti

966 1651 1037 1671 cum
1062 1642 1196 1671 nubibus
1216 1648 1443 1672 concurrentes:
1471 1640 1536 1670 vid.
1564 1640 1625 1671 Lu-

966 1690 1080 1720 cretius
1097 1690 1139 1720 vi.
1154 1691 1194 1720 95
1211 1701 1267 1731 sqq
1282 1701 1291 1727 3
1318 1691 1376 1720 172
1401 1700 1471 1730 sqq.
1508 1688 1625 1719 Confer

966 1749 1058 1781 supra
1075 1739 1115 1769 vi.
1132 1740 1193 1770 693
1209 1750 1277 1780 sqq.

1011 1789 1084 1819 438.
1110 1789 1210 1830 Magis
1224 1790 1272 1818 hos
1286 1787 1378 1827 remu]
1406 1786 1515 1817 Plures
1535 1788 1628 1828 magis

966 1838 1029 1872 hoc,
1062 1837 1144 1878 quod
1173 1838 1284 1878 probat
1313 1837 1524 1871 Burmannus,
1554 1835 1628 1876 quia

962 1886 1028 1927 jam
1045 1885 1122 1916 dixit
1137 1887 1195 1915 hos.
1241 1885 1334 1926 Regii
1352 1884 1446 1915 nostri
1462 1884 1525 1919 hoc,
1544 1883 1627 1924 quod

966 1940 1048 1964 recte
1064 1934 1206 1975 probavit
1222 1935 1332 1964 Burm.
1378 1932 1416 1962 Id
1432 1938 1489 1968 est,
1502 1934 1541 1963 ob
1557 1932 1627 1968 hoc,

966 1993 1003 2013 ex
1020 1983 1090 2018 hoc,
1108 1989 1170 2013 etc.
1186 1984 1234 2012 hus
1249 1982 1351 2022 glossa
1366 1987 1422 2012 est.

1010 2032 1084 2061 441.
1111 2031 1202 2066 Tolle,
1215 2031 1369 2061 scil.nave
1386 2029 1484 2060 autin
1501 2039 1626 2065 navem,

967 2079 1039 2110 navi
1064 2079 1241 2120 impositam
1263 2079 1311 2109 sac
1334 2078 1479 2108 comitem
1500 2076 1629 2108 itineris.

965 2129 1033 2159 Cic.
1049 2129 1090 2159 ad
1104 2130 1143 2165 Q.
1158 2128 1297 2158 Fratrem
1318 2128 1350 2157 ii.
1364 2128 1414 2157 10.
1429 2133 1464 2156 ut
1488 2133 1515 2156 te
1535 2126 1627 2165 prcfi-

965 2181 1074 2208 ciscens
1090 2189 1145 2207 71011
1165 2178 1295 2207 tollerem
1317 2176 1349 2206 in
1368 2175 1507 2206 rhedam.
1552 2175 1627 2205 Ple-

965 2227 1034 2257 nius
1060 2226 1220 2262 Horatius,
1236 2226 1283 2256 II.
1303 2226 1401 2256 Serm.
1416 2224 1457 2256 vi.
1473 2225 1526 2256 42.
1544 2235 1627 2264 quem

967 2277 1069 2306 tollere
1090 2276 1179 2306 rheda
1199 2276 1298 2310 fellet,
1314 2274 1509 2314 iterfaciens.
1554 2273 1625 2302 Jac-

966 2327 1026 2354 1ari
1050 2325 1170 2365 proprie
1192 2329 1223 2353 et
1246 2323 1284 2353 de
1309 2322 1455 2364 periculis
1478 2320 1629 2362 navigan-

966 2373 1054 2407 tium,
1067 2379 1097 2403 et
1113 2373 1151 2402 tle
1167 2372 1343 2413 corporibus
1356 2381 1473 2406 eorum,
1485 2369 1537 2411 qui
1550 2379 1627 2399 nau-

965 2421 1062 2462 fragio
1073 2421 1239 2462 perierunt.
1287 2420 1362 2455 Nec,
1375 2421 1430 2449 nisi
1439 2430 1501 2458 quw
1512 2420 1626 2458 patiar,

966 2477 1027 2502 etc.
1055 2471 1176 2511 Nempe
1189 2476 1288 2500 metus
1301 2469 1399 2499 multa
1415 2468 1499 2498 mala
1513 2474 1627 2498 temere

966 2519 1064 2560 fingit.
1088 2520 1207 2548 Seneca
1219 2518 1319 2559 Epist.
1333 2519 1381 2548 13.
1391 2522 1410 2533 “
1421 2516 1537 2547 Nescio
1550 2527 1625 2556 quo-

965 2568 1056 2598 modo
1085 2577 1164 2597 vana
1192 2566 1290 2606 magis
1315 2566 1507 2607 perturbant.
1547 2565 1629 2595 Vera

965 2616 1046 2647 enim
1060 2615 1186 2646 modum
1203 2615 1337 2652 habent3
1360 2613 1513 2655 quidquid
1529 2623 1566 2644 ex
1582 2612 1629 2642 in-

966 2672 1048 2696 certo
1065 2665 1158 2699 venit,
1171 2664 1356 2705 conjecturae
1375 2669 1405 2693 et
1420 2662 1556 2693 licentiae
1572 2671 1626 2704 pa-

966 2714 1067 2745 rentis
1083 2713 1179 2744 animi
1196 2712 1358 2743 traditur.’'
