1779 3130
215 171 298 211 154

607 167 659 206 Ρ.
693 163 906 206 OVIDII
941 162 1221 204 NASONIS

223 284 303 339 Et,
328 283 368 330 si
393 298 490 330 non
516 282 680 328 obstet
705 278 996 332 reverentia,
1023 276 1148 324 velle
1174 275 1387 322 moveri:

220 360 314 407 Ars
341 360 465 407 adeo
489 359 611 405 latet
635 364 743 404 arte
770 355 885 402 sual
924 354 1144 408 miratur,
1171 359 1222 399 et
1244 350 1408 397 haurit

222 437 435 484 Pectore
461 433 761 498 Pygmalion
787 430 1003 478 simulati
1028 429 1246 492 corporis
1272 428 1429 489 ignes.

224 513 371 576 Saepe
398 528 574 559 manus
600 510 737 574 operi
762 516 1013 556 tentantes
1039 508 1287 560 admovet,
1315 521 1377 552 an
1399 503 1462 549 sit
1519 505 1615 548 254

226 589 438 653 Corpus,
461 604 523 635 an
542 588 664 634 illud
682 588 805 634 ebur
823 605 833 641 ;
857 602 949 633 nec
966 586 1088 632 ebur
1102 590 1269 630 tamen
1287 598 1396 629 esse
1415 580 1614 627 fatetur.

226 666 414 713 Oscula
428 666 530 721 dat,
550 664 791 726 reddique
808 670 951 727 putat
969 681 978 720 3
1009 661 1329 724 loquiturque
1346 665 1585 719 tenetque
1603 673 1613 711 ;

227 742 292 790 Et
316 743 492 798 credit,
520 742 666 789 tactis
693 741 878 803 digitos
905 739 1121 786 insidere
1147 736 1382 784 membris
1405 753 1415 791 3

227 819 293 866 Et
318 819 510 874 metuit,
539 835 738 882 pressos
763 818 928 865 veniat
952 833 1014 863 ne
1038 816 1160 862 livor
1183 815 1231 861 in
1258 822 1392 860 artus
1415 830 1424 860 ε

228 896 294 943 Et
318 897 465 943 modo
490 895 756 942 blanditias
779 895 1012 951 adhibet3
1053 893 1201 940 modo
1228 899 1367 954 grata
1391 890 1571 954 puellis

228 972 442 1020 Munera
466 972 561 1019 fert
585 972 657 1018 illi
683 972 917 1027 conchas,
944 977 1229 1032 teretesque
1253 968 1467 1031 lapillos,
1524 968 1622 1012 260

229 1048 296 1096 Et
319 1066 495 1113 parvas
517 1050 760 1105 volucres,
789 1056 841 1096 et
864 1049 1012 1095 flores
1038 1048 1174 1094 mille
1199 1047 1434 1101 colorum,

229 1126 472 1189 Liliaque,
500 1126 764 1189 pictasque
790 1126 933 1189 pilaS,
961 1132 1012 1172 et
1036 1125 1097 1171 ab
1125 1125 1297 1171 arbore
1322 1123 1489 1186 lapsas

233 1202 499 1250 Heliadum
522 1202 751 1250 lacrimas
770 1221 779 1259 ;
822 1208 965 1249 ornat
986 1217 1188 1264 quoque
1208 1200 1431 1247 vestibus
1451 1204 1585 1246 artus
1609 1215 1618 1245 ε

274 1338 349 1368 252.
373 1338 432 1367 Ars
452 1338 523 1367 latet
544 1337 638 1377 arta]
667 1337 704 1366 In
724 1336 773 1366 his
795 1335 896 1366 verbis

233 1395 364 1417 acumen
379 1386 471 1417 inest.
504 1386 595 1416 Adeo
611 1386 774 1416 artificiose
791 1385 895 1416 elabo-

233 1441 334 1466 ratum
350 1442 416 1465 erat
425 1435 559 1476 signum,
571 1441 605 1465 ut
618 1445 667 1465 ars
683 1445 744 1465 non
757 1433 897 1465 animad-

235 1490 414 1520 verteretur,
444 1485 498 1515 sed
524 1494 596 1515 vera
624 1484 711 1525 virgo
735 1494 803 1515 esse
830 1494 896 1513 cre-

234 1533 369 1564 deretur.
418 1533 546 1563 Summa
579 1533 658 1564 laus.
710 1532 899 1570 Quintilian.

236 1582 317 1612 Inst.
335 1582 390 1612 Or.
403 1583 429 1612 Ι.
445 1582 489 1612 xi.
508 1583 538 1612 3.
553 1584 650 1622 prima
667 1592 716 1612 ars
731 1589 783 1617 est,
801 1593 835 1612 ne
851 1592 900 1611 ars

237 1641 294 1661 esse
306 1633 457 1662 videatur.

280 1681 353 1710 254.
380 1680 460 1719 Sape
484 1691 589 1710 manus
613 1683 706 1719 operi,
734 1681 813 1721 etc.]
846 1682 899 1711 In-

237 1729 362 1770 geniose
378 1734 409 1759 et
423 1729 635 1770 praestantiam
648 1729 761 1771 operis,
777 1735 808 1759 et
823 1728 899 1759 ima-

239 1778 428 1819 ginationem
450 1777 577 1808 artificis
595 1777 729 1809 amantis
751 1789 828 1820 opus
847 1789 900 1809 no-

238 1833 297 1858 tat.
352 1827 491 1862 Tentare,
529 1832 615 1857 tactu
653 1828 826 1869 explorare,
869 1834 901 1859 ut

239 1886 310 1906 mox
327 1886 390 1906 ver.
406 1877 482 1906 282.
501 1878 635 1906 manibus
655 1883 773 1916 pectora
792 1884 901 1908 tentat.

241 1924 375 1961 Quintil.
398 1925 420 1955 i.
446 1925 592 1956 Declam.
616 1926 646 1955 9.
673 1926 810 1956 Teutanis
835 1938 904 1967 erga

240 1975 343 2004 vultus
366 1981 393 2004 et
415 1981 520 2013 pectas
545 1975 710 2013 aljar-tunm
741 1975 805 2005 viii.
831 1977 904 2007 610.

240 2023 284 2052 sic
299 2028 346 2052 est
361 2030 556 2053 contrectare.
583 2022 717 2053 Insidere
728 2023 881 2065 exquisite
896 2038 901 2054 z

244 2071 383 2101 insidunt
418 2071 519 2112 digiti,
550 2082 644 2112 quum
684 2082 755 2113 pars
793 2073 904 2109 carnis,

243 2130 338 2160 quam
359 2125 491 2160 tangunt
514 2125 544 2150 et
564 2127 720 2161 premunt,
744 2121 782 2152 iis
807 2122 904 2152 cedit.

244 2169 321 2199 Mox
350 2179 416 2198 ver.
445 2170 519 2199 284.
550 2170 626 2199 ebur
650 2171 773 2200 subsidit
802 2173 906 2211 digitis

244 2219 387 2257 ceditque.
427 2218 474 2248 Ne
490 2220 589 2248 veniat
608 2219 682 2248 livor
698 2221 729 2248 in
741 2225 827 2249 artus
842 2220 905 2250 ele-

244 2265 382 2306 gantius,
399 2276 504 2307 quam,
521 2277 560 2296 ne
576 2266 739 2297 livescant.

288 2316 362 2346 259.
386 2316 536 2346 Adhibere
555 2317 719 2346 blanditias
738 2327 754 2347 e
776 2317 908 2348 formula

246 2364 378 2395 solenni.
422 2365 526 2395 Tibul.
555 2365 619 2396 III.
641 2366 683 2396 iv.
709 2366 760 2397 75.
784 2367 908 2398 blandas

247 2414 384 2443 adhibere
412 2415 557 2453 querelas.
609 2415 724 2445 Noster
749 2426 842 2456 supra
863 2416 908 2447 iii.

250 2461 325 2491 376.
349 2463 449 2493 molles
469 2464 606 2493 adhibere
626 2474 737 2502 preces.
786 2465 908 2495 Conchae

249 2516 280 2539 et
300 2516 413 2546 teretes,
434 2510 465 2541 id
488 2517 545 2547 est,
569 2512 663 2542 laeves
687 2518 718 2542 et
740 2513 910 2548 rotunduli,

251 2559 352 2596 lapilli
375 2559 407 2589 in
425 2560 546 2591 deliciis
563 2561 752 2602 puellarum.
799 2562 908 2593 Amor.

250 2606 298 2636 ΙΙ.
316 2607 358 2638 xi.
378 2609 427 2638 13.
444 2609 507 2639 Nec
526 2612 638 2640 medius
657 2617 757 2641 tenues
777 2613 910 2647 conchas,

249 2657 397 2695 pictosque
414 2657 530 2696 lapillos
554 2658 669 2688 Pontus
689 2659 794 2689 habet:
819 2661 911 2691 bibuli

253 2704 349 2734 litoris
365 2705 418 2734 illu
438 2717 516 2736 mara
533 2713 585 2736 est.
616 2707 706 2737 Conf.
722 2708 910 2744 Lucretium,

964 1336 996 1366 ii.
1015 1335 1077 1366 374
1101 1345 1171 1375 sqq.
1191 1339 1222 1364 et
1246 1332 1453 1375 Propertium,
1474 1332 1500 1362 I.
1514 1331 1557 1362 xi.
1575 1332 1624 1362 13.

964 1383 1144 1414 Istiusmodi
1172 1382 1290 1424 lapillis
1326 1381 1434 1412 ludere
1464 1381 1626 1418 solebant3

965 1433 1029 1464 vid.
1050 1433 1254 1464 Casaubonus
1273 1431 1312 1462 ad
1329 1430 1524 1466 Suetonium,
1542 1430 1629 1470 Aug.

967 1483 1018 1513 83.
1044 1482 1161 1512 Burin.
1209 1480 1324 1522 Lapilli
1353 1480 1415 1515 isti,
1437 1490 1533 1521 quum
1557 1490 1626 1509 um-

966 1531 1051 1561 bilici
1068 1531 1131 1561 fere
1150 1530 1281 1571 figuram
1305 1529 1468 1564 haberent,
1486 1528 1626 1559 umbilici

967 1580 1042 1611 dicti
1059 1586 1141 1611 sunt.
1187 1579 1256 1610 Cic.
1271 1580 1361 1610 Orat.
1377 1578 1411 1608 ii.
1429 1579 1461 1609 6.
1478 1578 1517 1608 de
1533 1577 1629 1608 Laelio

969 1635 999 1660 et
1014 1629 1159 1670 Scipione
1175 1641 1181 1659 ι
1207 1633 1227 1645 “
1240 1628 1386 1659 conchas
1404 1638 1456 1658 eos
1475 1634 1506 1658 et
1528 1627 1628 1658 umbi-

967 1678 1045 1709 licos
1070 1678 1108 1709 ad
1136 1678 1279 1709 Caietam
1310 1684 1342 1708 et
1367 1677 1407 1708 ad
1437 1678 1627 1708 Laurentum

969 1729 1071 1769 legere
1088 1728 1264 1764 consuesse,
1281 1734 1311 1758 et
1331 1727 1372 1758 ad
1391 1738 1513 1758 omnem
1533 1727 1629 1757 animi

969 1777 1181 1807 remissionem
1197 1776 1426 1807 descendere.''

1013 1826 1088 1856 261.
1116 1826 1232 1856 Parrus
1248 1825 1406 1865 volucres]
1439 1824 1541 1855 Etiam
1558 1825 1633 1855 Pro-

971 1881 1052 1916 pert.
1079 1875 1142 1905 ΙΙΙ.
1167 1874 1208 1905 xi.
1232 1876 1272 1905 27
1296 1885 1365 1916 sqq.
1389 1874 1468 1905 inter
1492 1884 1632 1910 munera,

972 1934 1041 1964 quae
1071 1923 1143 1953 olim
1182 1924 1293 1965 puellis
1321 1924 1509 1959 ferebantur,
1540 1923 1634 1954 refert

973 1974 1086 2002 variam
1106 1973 1215 2011 plumae
1232 1974 1414 2003 versicoloris
1425 1983 1517 2008 arem,
1530 1973 1633 2008 violas,

974 2023 1051 2057 lilia,
1077 2028 1106 2051 et
1130 2023 1191 2052 suis
1220 2025 1340 2052 vestitas
1355 2022 1522 2063 frondibus
1545 2033 1631 2052 uvas.

976 2071 1049 2101 Pila
1068 2074 1162 2110 picta,
1185 2071 1217 2101 id
1241 2077 1300 2106 est,
1322 2071 1517 2108 versicolore,
1541 2071 1631 2102 lude-

973 2121 1049 2151 bant
1065 2120 1198 2162 virgines
1214 2121 1407 2156 Graecorum,
1425 2127 1458 2151 ut
1474 2122 1634 2152 Nausicaa

974 2169 1057 2210 apud
1078 2171 1260 2205 Homerum,
1279 2170 1378 2211 Odys.
1401 2174 1437 2201 Z.
1464 2171 1536 2201 100.
1584 2171 1634 2201 De

976 2219 1140 2249 Heliadum
1158 2220 1288 2249 lacrimis
1301 2219 1370 2250 vide
1384 2220 1423 2250 ad
1439 2219 1474 2250 ii.
1490 2221 1552 2250 364
1565 2231 1635 2262 sqq.

1018 2269 1091 2298 264.
1128 2268 1266 2310 Longum
1296 2270 1405 2299 collum
1434 2270 1466 2301 in
1495 2270 1635 2312 partibus

975 2317 1236 2358 pulchritudinis;
1265 2318 1331 2349 vid.
1357 2318 1470 2349 Junius
1496 2319 1534 2350 de
1562 2320 1634 2351 Pic-

977 2372 1056 2401 tura,
1073 2366 1126 2396 lib.
1141 2366 1183 2396 iii.
1199 2377 1258 2408 cap
1273 2368 1305 2397 9.
1334 2367 1384 2398 De
1401 2369 1496 2398 baccis
1510 2368 1581 2399 vide
1596 2368 1635 2399 ad

978 2426 1043 2446 ver.
1073 2416 1143 2446 116.
1189 2416 1393 2452 Redimicula,
1410 2416 1539 2447 fimbriae
1559 2428 1635 2459 pen-

977 2463 1059 2494 dulae
1085 2470 1173 2494 erant
1191 2464 1222 2494 in
1247 2465 1435 2495 ornamentis
1458 2465 1634 2502 mulierum,

976 2518 1007 2543 et
1030 2514 1146 2554 passim
1164 2519 1329 2543 occurrunt
1348 2514 1379 2543 in
1400 2515 1637 2553 Monumentis;

977 2561 1047 2591 vide
1066 2562 1296 2593 Winkelmann.
1334 2563 1439 2593 Gesclz.
1455 2565 1509 2593 der
1524 2564 1635 2600 Kunst,

977 2620 1009 2651 p.
1036 2611 1110 2641 308.
1154 2611 1398 2651 Subligabantur
1434 2618 1550 2649 mento,
1582 2621 1636 2644 aut

979 2661 1132 2690 ornabant
1154 2660 1284 2690 frontem
1306 2661 1499 2701 (Juvenalis,
1516 2663 1581 2693 Sat.
1606 2663 1636 2693 ii.

981 2709 1050 2744 853.)
1068 2715 1119 2739 aut
1136 2709 1174 2739 de
1190 2715 1314 2751 pectore
1329 2711 1519 2751 pendebant.
