1779 3130
266 209 322 250 30
652 205 702 245 Ρ.
736 202 949 246 OVIDII
983 201 1264 244 NASONIS

266 320 512 384 Imposuit
537 335 701 373 nervo,
730 318 1028 379 sinuatoque
1053 316 1249 379 expulit
1273 331 1405 362 arcu.

1557 316 1648 360 381

267 398 391 444 Fixa
417 397 509 443 sub
536 411 652 442 aure
677 394 765 440 feri
792 410 1040 440 summum
1066 391 1332 454 destringit
1363 390 1554 437 arundo

268 475 479 534 CoerS,
507 479 557 517 et
582 471 762 532 exiguo
782 469 1022 516 rubefecit
1046 469 1287 530 sanguine
1313 474 1462 514 setas.

268 549 375 595 Nec
401 555 567 594 tamen
593 547 676 592 illa
701 546 776 592 sui
803 561 1039 592 successu
1061 546 1217 591 laetior
1242 545 1386 599 ictus,

268 624 429 678 Quam
451 623 732 684 Meleagros
753 631 884 669 erat:
914 622 1100 685 primus
1116 621 1298 667 vidisse
1324 626 1540 683 putatur,
1558 621 1654 665 385

267 700 333 747 Et
358 699 543 763 primus
571 698 716 745 sociis
742 699 901 744 visum
927 697 1208 744 ostendisse
1234 712 1475 751 cruorem,

267 776 348 831 Et,
376 776 620 829 meritum,
649 775 852 829 dixisse,
880 774 1006 820 feres
1031 773 1225 819 virtutis
1249 773 1502 819 honorem.

266 851 522 899 Erubuere
548 851 650 906 viri,
679 866 833 912 seque
859 850 1196 904 exhortantur,
1225 856 1274 896 et
1299 849 1490 895 addunt

269 928 397 974 Cum
424 928 639 973 clamore
665 926 872 980 animos,
884 925 1178 987 jaciuntque
1205 925 1309 971 sine
1331 923 1502 970 ordine
1522 923 1650 969 tela:

265 1003 433 1049 Turba
457 1011 604 1049 nocet.
621 1003 786 1065 jactis,
815 1009 880 1056 et,
909 1018 1032 1063 quos
1059 1002 1199 1063 petit,
1223 1001 1434 1064 impedit
1458 1000 1604 1046 ictus.

266 1079 399 1126 Ecce
425 1079 590 1125 furens
616 1087 790 1126 contra
815 1095 904 1125 sua
928 1079 1028 1124 fata
1054 1078 1331 1140 bipennifer
1347 1079 1520 1131 Arcas,
1556 1078 1647 1122 391

265 1162 297 1179 “
326 1155 534 1211 Discite,
563 1155 786 1202 femineis
814 1157 933 1218 quid
959 1155 1060 1202 tela
1082 1156 1239 1202 virilia
1263 1161 1517 1218 praestent,

268 1232 310 1277 O
333 1233 558 1293 juvenes,
585 1232 823 1294 operique
849 1248 959 1278 meo
985 1231 1293 1288 concedite,⁷'
1319 1231 1460 1278 dixit.

267 1312 298 1330 ‘⁶
326 1306 445 1369 Ipsa
470 1307 571 1353 suis
596 1307 714 1355 licet
739 1308 870 1354 hunc
898 1308 1105 1356 Latonia
1129 1315 1357 1372 protegat
1382 1307 1558 1364 armis3

265 1382 413 1430 Hunc
438 1390 604 1430 tamen
629 1385 784 1431 invita
808 1385 1020 1448 perimet
1044 1401 1155 1432 mea
1179 1385 1357 1431 dextra
1382 1382 1595 1430 Diana.'’

265 1459 404 1506 Talia
426 1460 745 1522 magniloquo
771 1462 990 1508 tumidus
1012 1468 1370 1509 memoraverat
1395 1477 1507 1516 ore3
1553 1461 1648 1505 396

261 1534 648 1598 Ancipitemque
674 1552 821 1583 manu
844 1538 1022 1584 tollens
1049 1546 1261 1600 utraque
1286 1536 1514 1592 securim,

264 1703 347 1733 vitus
373 1702 543 1743 Eurytiona
567 1703 739 1741 interficit;
776 1706 925 1736 Atalanta

264 1763 336 1782 vero
358 1751 457 1793 prima
484 1763 593 1794 aprum
619 1753 661 1790 εἰς
685 1754 725 1784 τὰ
748 1757 837 1785 νῶτα
859 1754 925 1785 ἐτό-

263 1802 361 1836 ξευσε·
382 1799 526 1842 δεύτερος
543 1800 574 1831 δὲ
589 1801 785 1843 Ἀμφιάραος
807 1803 851 1840 εἰς
865 1804 925 1834 τὸν

264 1851 444 1891 ὀφθαλμόν.

307 1899 381 1929 385.
400 1898 521 1927 Primus
538 1898 640 1928 vidisse
656 1900 814 1939 paratura]
843 1899 922 1930 Con-

262 1946 422 1977 venienter
438 1944 544 1981 amori,
566 1956 627 1986 quo
651 1947 781 1977 ardebat
801 1949 923 1979 Melea-

262 2006 326 2036 ger.
373 1995 534 2029 Honorem,
564 1995 739 2034 praemium.
784 1998 827 2027 Τὸ
854 1996 922 2037 ἀρι-

264 2045 371 2074 στεῖον
394 2043 575 2084 promiserat
596 2044 725 2080 OEneus,
750 2045 921 2076 secundum

262 2092 501 2133 Apollodorum.

307 2142 381 2172 388.
411 2140 567 2170 Erubuere
599 2144 679 2178 Μή,-
703 2141 815 2182 puduit
842 2142 922 2173 viros

263 2190 356 2219 sortes
372 2199 480 2230 aprum
496 2200 514 2220 a
530 2189 648 2231 virgine
669 2190 803 2232 primum
828 2191 921 2222 fuisse

263 2248 457 2279 percussum.

306 2288 380 2316 391.
404 2286 586 2327 Bipenmfer
612 2288 729 2324 Arcas5
756 2288 921 2329 Euripides

263 2345 301 2365 ex
325 2335 541 2366 emendatione
568 2335 744 2371 Schraderi,
764 2336 920 2374 πελέκεως

265 2383 295 2414 fe
325 2383 479 2424 ἵίστομον
510 2383 610 2415 Γένυν
638 2383 667 2425 γ’
697 2384 815 2415 ἕπ(ιλλ’
844 2385 919 2426 Ἀγ-

262 2435 365 2469 καῖος.
412 2433 515 2462 Etiam
530 2433 562 2463 in
579 2439 778 2464 monumento
792 2434 920 2474 Tegeat.

261 2492 423 2522 expressus
449 2488 515 2511 erat
545 2492 615 2512 curn
643 2484 762 2521 bipenni
786 2482 919 2512 demissa

258 2530 324 2571 jam
339 2529 482 2559 saucius:
507 2540 578 2560 eum
595 2531 633 2560 ab
651 2541 725 2572 apro
741 2541 919 2571 percussum

261 2589 338 2613 esse,
355 2578 552 2618 Pherecydes
575 2590 699 2620 quoque
723 2585 920 2617 narraverat3

261 2627 451 2658 Scholiastes
473 2627 644 2668 Apollonii,
668 2628 690 2658 i.
714 2629 796 2666 188,
819 2629 916 2669 Apol-

260 2675 385 2705 lodorus
420 2675 507 2705 addit
533 2675 681 2716 IIyleum.
735 2677 796 2707 Hic
833 2677 919 2707 locus

263 2723 453 2766 proponitur,
470 2729 504 2754 ut
524 2723 693 2765 impietatis
716 2730 748 2755 et
771 2735 916 2766 arrogan-

991 1705 1042 1736 tiae
1072 1705 1239 1736 ridiculum
1277 1704 1467 1746 exemplum,
1497 1702 1536 1734 ad
1567 1701 1650 1743 quod

991 1755 1197 1796 spectandum
1227 1755 1325 1785 lector
1351 1754 1417 1795 jam
1439 1754 1472 1783 in
1498 1752 1652 1794 principio

992 1814 1068 1833 voce
1098 1804 1174 1833 Ecce
1203 1803 1385 1833 advertitur.
1427 1802 1519 1832 Furit
1545 1808 1650 1831 contra

992 1864 1045 1882 sua
1057 1852 1132 1892 fata
1149 1853 1202 1893 qui
1219 1851 1394 1882 temeritate
1410 1861 1465 1881 sua
1480 1857 1551 1881 ante
1567 1850 1650 1881 diem

993 1908 1121 1931 mortem
1135 1900 1267 1941 oppetit.
1305 1901 1398 1935 Quid,
1415 1906 1577 1941 quantum,
1589 1910 1651 1930 non

991 1950 1066 1979 satis
1095 1950 1240 1979 Latinum
1267 1949 1390 1990 judicat
1419 1948 1568 1979 Heinsius
1595 1948 1649 1989 qui

990 1998 1100 2028 mallet
1119 2009 1191 2028 cum
1215 1998 1312 2028 tribus
1337 1998 1429 2028 MSS.
1445 2009 1545 2037 quam.
1584 1998 1650 2028 Re-

990 2046 1033 2086 gii
1058 2046 1163 2081 nostri,
1187 2048 1268 2086 quid.
1318 2046 1476 2076 Concedite
1499 2056 1553 2087 pro
1576 2046 1650 2076 sim-

989 2094 1064 2135 plici
1078 2097 1183 2125 cedite.

1033 2144 1107 2174 397.
1132 2144 1251 2173 Securis
1271 2149 1302 2173 et
1325 2145 1458 2182 bipennis
1476 2142 1650 2183 promiscue

987 2197 1145 2233 ponuntur
1175 2202 1193 2221 a
1221 2191 1332 2232 poetis,
1360 2202 1456 2232 quum
1494 2191 1650 2232 praecipue

987 2241 1079 2282 hujus
1109 2251 1183 2271 usus
1212 2246 1292 2271 esset
1318 2240 1351 2270 in
1378 2240 1483 2275 bellis,
1509 2240 1593 2270 illius
1617 2240 1650 2270 in

987 2288 1137 2320 victimis.
1182 2289 1263 2320 Vide
1286 2290 1448 2319 Drakenb.
1464 2288 1505 2319 ad
1527 2289 1649 2325 Silium,

988 2338 1050 2368 xvi.
1066 2339 1141 2368 264.
1180 2338 1339 2368 Institerat
1355 2340 1472 2378 digitis,
1484 2344 1545 2367 etc.
1568 2337 1648 2367 Bur·

988 2396 1118 2416 mannus
1133 2393 1248 2421 monet,
1263 2388 1371 2426 primos
1392 2393 1480 2416 artus
1497 2396 1563 2416 esse
1586 2384 1647 2426 pri-

987 2445 1053 2465 mas
1075 2435 1240 2475 juncturas
1262 2435 1429 2476 digitorum
1445 2435 1477 2464 in
1493 2433 1626 2476 pedibus
1640 2446 1649 2472 3

987 2483 1045 2513 hoc
1069 2483 1151 2513 enim
1172 2483 1297 2514 nomine
1320 2483 1487 2523 significari
1513 2492 1561 2517 ea,
1577 2482 1646 2523 qui-

987 2531 1045 2561 bus
1081 2533 1220 2562 membra
1254 2532 1506 2562 committantur:
1538 2541 1646 2561 verum

983 2580 1138 2620 juncturis
1169 2581 1231 2611 illis
1258 2582 1331 2611 solis
1360 2592 1420 2611 non
1448 2579 1644 2610 insistimus:

986 2629 1110 2659 omnino
1126 2635 1270 2660 extremae
1287 2630 1453 2670 digitorum
1472 2634 1575 2670 partes
1595 2628 1643 2658 in-

987 2677 1195 2717 telliguntur3
1233 2678 1286 2719 qui
1315 2678 1359 2708 ita
1387 2684 1461 2713 stat,
1490 2688 1646 2717 suspensus

985 2725 1113 2757 dicitur.
1160 2726 1262 2758 Aliter
1279 2726 1408 2758 AEneid.
1424 2726 1469 2757 ix.
1485 2727 1560 2757 749.
1576 2727 1642 2757 sub-
