1779 3130
266 180 351 221 454
649 179 698 218 Ρ.
733 177 948 219 OVIDII
982 177 1261 220 NASONIS

265 294 523 340 Alternare
548 292 699 347 viceS,
727 300 778 340 et
804 308 915 355 quae
942 292 1089 339 modo
1114 291 1297 339 femina
1320 299 1460 354 tergo
1503 293 1654 353 [nam.

265 369 424 415 Passa
448 385 634 416 marem
654 375 748 424 est,
770 385 901 415 nunc
924 385 1034 415 esse
1059 385 1245 415 marem
1271 369 1504 415 miremur
1522 369 1656 432 hyae-

264 444 322 491 Id
349 460 568 506 quoque,
596 445 732 507 quod
756 445 915 492 ventis
942 445 1124 492 animal
1150 444 1363 491 nutritur
1388 452 1439 491 et
1463 461 1597 499 aura,

262 521 498 569 Protinus
527 521 787 568 assimulat
810 528 947 568 tactu
974 537 1305 584 quoscunque
1331 521 1538 568 colores.

261 597 411 644 Victa
435 598 724 646 racemifero
750 599 925 662 lyncas
951 599 1090 645 dedit
1116 598 1262 645 India
1289 598 1518 646 Baccho:

263 673 305 720 E
331 675 529 737 quibus,
559 682 613 721 ut
637 682 929 730 memorant,
958 674 1206 737 quidquid
1231 675 1396 722 vesica
1421 674 1626 730 remisit,

262 750 484 798 Vertitur
509 752 558 797 in
584 752 792 815 lapides,
821 759 872 799 et
896 753 1126 814 congelat
1150 753 1259 798 a'ere
1284 758 1436 798 tacto.
1558 753 1656 797 415

264 827 348 874 Sic
375 835 425 874 et
450 829 707 884 curalium,
736 845 835 891 quo
861 829 1075 892 primum
1100 828 1309 890 contigit
1333 844 1478 875 auras

260 903 525 967 Tempore,
552 905 800 953 durescit:
841 907 1003 953 mollis
1029 906 1121 953 fuit
1145 906 1300 953 herba
1324 897 1416 952 sub
1442 905 1604 953 undis.

264 980 477 1028 Deseret
502 989 617 1028 ante
643 983 767 1037 dies,
795 990 845 1029 et
870 982 920 1029 in
946 984 1046 1029 alto
1074 982 1297 1029 Phoebus
1324 982 1527 1029 anhelos

261 1057 480 1120 AEquore
503 1059 664 1119 tinget
689 1074 862 1121 equos,
885 1075 1036 1122 quam
1062 1075 1342 1121 consequar
1365 1059 1531 1105 omnia
1554 1058 1657 1105 dic-

262 1133 321 1179 In
347 1135 541 1197 species
566 1137 809 1182 translata
834 1152 1013 1183 novas:
1056 1137 1126 1183 sic
1152 1143 1376 1199 tempore
1402 1136 1524 1183 verti
1551 1136 1654 1197 [tis‚

263 1211 544 1267 Cernimus,
573 1220 724 1275 atque
750 1213 858 1260 illas
884 1229 1137 1261 assumere
1163 1214 1340 1260 robora
1363 1220 1565 1276 gentes3

262 1288 542 1336 Concidere
568 1291 686 1337 has:
721 1291 792 1337 sic
818 1307 998 1352 magna
1021 1290 1114 1337 fuit
1139 1306 1395 1352 censuque
1420 1289 1654 1352 virisque,

261 1363 461 1428 Perque
482 1366 657 1413 decem
673 1368 836 1429 potuit
857 1374 1049 1414 tantum
1069 1367 1187 1414 dare
1208 1365 1461 1428 sanguinis
1482 1382 1654 1420 annos,

262 1440 407 1488 Nunc
435 1443 632 1488 humilis
659 1450 850 1490 veteres
876 1444 1223 1490 tantummodo
1249 1442 1397 1505 Troja
1422 1443 1603 1498 ruinas,

264 1516 328 1564 Et
353 1534 439 1581 pro
465 1519 649 1565 divitiis
675 1520 894 1566 tumulos
920 1520 1140 1567 ostendit
1165 1536 1382 1566 avorum.
1560 1522 1656 1565 425

260 1692 371 1723 turam,
383 1693 415 1717 et
429 1687 555 1718 alternis
571 1688 660 1718 annis
675 1699 785 1724 mares,
800 1690 926 1721 alternis

260 1737 390 1767 feminas
406 1737 482 1771 fieri,
497 1747 604 1778 parere
621 1737 687 1768 sine
704 1748 799 1773 mare,
812 1739 926 1780 vulgus

260 1786 395 1817 eredit.”
441 1787 494 1817 Cf.
512 1786 640 1817 Aristot.
658 1788 741 1818 Hist.
758 1788 864 1819 Anini.
882 1789 924 1819 vi.

260 1836 301 1865 33
317 1847 324 1871 3
351 1835 470 1866 AElian.
488 1835 508 1865 i.
525 1837 578 1866 25.

304 1885 377 1915 411.
396 1885 481 1919 Quod
499 1887 591 1915 ventis
606 1887 730 1922 animal,
742 1887 820 1927 etc.]
841 1887 922 1918 Cha-

260 1934 403 1970 maeleon‚
423 1945 439 1965 e
464 1945 578 1975 genere
604 1935 802 1972 lacertarum,
828 1948 924 1978 quum

260 1983 444 2025 plerumque
460 1994 510 2014 ore
531 1990 637 2024 aperto
656 1985 775 2020 sedeat,
791 1991 825 2015 ut
841 1997 925 2017 inus-

261 2043 314 2062 cas
337 2037 454 2073 captet,
472 2036 567 2063 veritis
582 2040 609 2062 et
625 2045 702 2063 ιιιινιι
723 2036 838 2064 nutriri
854 2045 922 2066 cre-

260 2081 344 2111 ditus
358 2086 415 2110 est.
442 2081 551 2111 Tuctu.
574 2081 654 2112 Plin.
672 2082 736 2112 viii.
753 2084 808 2113 33.
826 2085 925 2113 reddit

260 2141 371 2169 semper
386 2141 588 2170 quemcunque
604 2131 775 2171 (colorem)
794 2135 924 2170 pro-rime

260 2181 521 2220 attingit,pr1cter
546 2182 669 2210 rubrum
692 2183 923 2221 candidumque.

262 2229 312 2259 Cf.
343 2227 492 2268 Antigon.
524 2229 576 2259 33.
628 2229 677 2259 De
709 2240 804 2259 causa
834 2230 925 2271 hujus

262 2277 441 2308 mutationis
457 2277 619 2319 disputant
635 2278 726 2308 hodie
743 2285 862 2309 naturae,
879 2280 924 2310 in-

261 2327 436 2367 dagatore&
455 2337 532 2366 quos
549 2326 630 2357 vide.

304 2377 377 2405 413.
402 2375 522 2415 Lyncus
547 2382 634 2405 terrie
659 2377 926 2416 septemtrionales

262 2426 361 2458 alunt,
384 2435 443 2454 non
472 2424 576 2454 India.
623 2425 741 2455 Verum
767 2432 865 2466 poetae
896 2433 926 2457 et

261 2474 394 2515 pictores
418 2473 538 2503 Bacchi
565 2474 667 2503 currui
688 2474 827 2515 jungunt
853 2486 924 2506 mox

262 2523 368 2563 tigres,
393 2533 464 2551 mox
495 2522 674 2563 pantheras,
707 2534 775 2553 mox
806 2523 926 2564 lyncaS.

262 2572 445 2611 Huc-emis'er,
476 2571 637 2601 redimitus
668 2578 807 2612 tempora
840 2583 925 2603 race-

261 2619 333 2656 mis;
361 2620 443 2649 Fast.
461 2619 501 2648 vi.
518 2621 590 2650 483.
626 2620 675 2649 De
692 2620 780 2650 urina
798 2621 922 2661 lyncum

263 2668 367 2699 confer
397 2667 546 2703 Plinium,
574 2668 636 2698 viii.
663 2670 715 2699 38.
736 2669 788 2709 qui
818 2670 922 2705 tradit,

264 2728 331 2748 eam
351 2716 477 2757 glaciari
499 2723 552 2747 aut
576 2728 713 2748 arescere
731 2717 762 2747 in
782 2728 922 2756 geminas

994 1690 1195 1721 carbunculis
1228 1689 1345 1720 similes
1373 1695 1404 1719 et
1433 1689 1524 1730 igneo
1553 1689 1654 1721 colore

995 1739 1159 1779 fulgentes,
1175 1738 1352 1779 lyncurium
1369 1744 1505 1769 vocatas.

1037 1789 1112 1818 416.
1138 1788 1187 1818 De
1204 1789 1321 1818 curalio
1337 1787 1377 1818 cf.
1392 1787 1434 1818 iv.
1451 1788 1513 1818 743
1529 1798 1599 1828 sqq.

1036 1839 1112 1868 418.
1140 1838 1260 1867 Deseret
1289 1845 1359 1867 ante
1385 1837 1478 1877 dies]
1518 1837 1657 1878 Vulgare

994 1886 1120 1917 fuisset:
1153 1886 1220 1917 dies
1254 1896 1302 1917 me
1331 1886 1465 1923 deficiet,
1494 1886 1520 1917 si
1553 1886 1657 1917 omnia

993 1936 1136 1977 persequi
1175 1935 1279 1966 velim.
1338 1936 1480 1966 Deserere
1517 1935 1561 1967 ita
1596 1941 1656 1972 est,

992 1984 1086 2014 etiam
1116 1984 1228 2015 omisso
1256 1986 1305 2025 τῷ
1334 1996 1387 2021 me,
1416 1985 1501 2026 apud
1532 1985 1659 2016 Sallust.

991 2034 1065 2074 Jug.
1081 2035 1133 2064 42.
1159 2034 1315 2073 szsequi,
1332 2033 1517 2075 exprimere,
1534 2040 1568 2064 ut
1584 2034 1655 2065 Cic.

992 2083 1107 2124 Philip.
1124 2095 1152 2113 v.
1172 2084 1220 2113 13.
1236 2084 1329 2113 verbis
1347 2085 1450 2113 Laudes
1463 2087 1612 2123 consequi.

1036 2133 1109 2163 421.
1128 2133 1239 2163 Gentes
1261 2140 1439 2168 verruntur,
1459 2133 1582 2163 fortuna
1605 2143 1656 2163 ea-

992 2191 1059 2210 rum
1093 2188 1242 2212 mutatur.
1303 2182 1445 2217 Constat,
1477 2189 1590 2221 tempus
1624 2187 1656 2213 et

993 2236 1122 2268 tempora
1145 2230 1317 2270 eleganter,
1344 2240 1427 2271 saepe
1450 2230 1543 2260 etiam
1571 2230 1654 2271 apud

992 2278 1153 2314 Nostrum,
1170 2279 1208 2309 de
1230 2285 1312 2309 statu
1334 2290 1435 2309 rerum
1458 2279 1520 2309 dici
1537 2284 1567 2309 et
1582 2290 1655 2310 con-

992 2326 1119 2362 ditione,
1136 2333 1167 2357 et
1182 2326 1213 2357 in
1230 2333 1394 2368 utramque
1411 2334 1541 2368 partein.

1035 2377 1108 2407 425.
1133 2376 1298 2416 Tumulus]
1325 2376 1514 2406 oxoniensis
1529 2383 1560 2406 et
1577 2387 1655 2407 unus

992 2425 1120 2455 Strozzae
1145 2427 1257 2456 titulos.
1304 2426 1421 2456 Versus
1445 2425 1583 2466 quinque
1608 2437 1655 2456 se-

994 2480 1137 2514 quentes,
1149 2474 1217 2503 scil.
1226 2475 1408 2505 426—430.
1419 2473 1569 2504 delendos
1582 2485 1655 2505 cen-

993 2528 1040 2552 set
1058 2522 1203 2552 Heinsius
1219 2523 1317 2552 tribus
1331 2522 1370 2552 de
1387 2522 1507 2552 causis:
1536 2523 1568 2551 1ο
1581 2522 1656 2563 quia

993 2570 1062 2600 libii
1086 2577 1206 2601 veteres
1229 2581 1266 2601 ex
1290 2570 1337 2600 his
1361 2570 1499 2611 quinque
1517 2571 1656 2600 versibus

993 2619 1084 2650 modo
1111 2619 1206 2654 hunc,
1234 2619 1326 2649 modo
1350 2618 1439 2648 illum
1470 2629 1531 2649 non
1556 2629 1651 2658 agno-

991 2676 1094 2699 scunt.
1120 2670 1155 2698 2⁰
1183 2668 1268 2705 Quia
1292 2674 1385 2709 poeta
1406 2668 1437 2698 id
1459 2668 1535 2709 agit,
1557 2674 1592 2698 ut
1614 2679 1652 2698 ex

991 2716 1087 2747 ruinis
1097 2717 1196 2757 Trojae
1214 2717 1349 2747 Romam
1365 2716 1513 2757 prodiisse
1525 2717 1651 2748 demon-
