1779 3130
426 389 489 446 P.
529 387 793 442 OVIDII
833 388 1182 442 NASONIS

237 552 1369 615 METAMORPHOSEON

440 715 665 757 LIBER
709 715 1167 757 UNDECIMUS.

671 873 933 906 -4-

726 1012 835 1043 FAB.
858 1012 888 1043 Ι.

116 1109 460 1168 CARMINE
486 1122 606 1169 dum
631 1123 716 1170 tali
742 1123 907 1179 silvas,
935 1122 1229 1184 animosque
1252 1120 1464 1168 ferarum

115 1197 374 1245 Threicius
399 1206 555 1255 vates„
583 1206 633 1247 et
657 1215 780 1246 saxa
804 1199 1068 1263 sequentia
1091 1198 1257 1254 ducit3

163 1378 279 1409 1—66.
303 1377 428 1409 Confer.
446 1377 622 1408 Phanocles
637 1377 676 1409 de
692 1389 776 1409 amo—

116 1426 202 1457 ribus
218 1426 335 1468 Orphei
351 1439 358 1464 ;
383 1427 570 1464 Pausanias,
586 1428 690 1459 Boeot.
707 1439 780 1470 pag.

119 1475 180 1506 768
203 1486 238 1517 sq
254 1488 262 1514 ;
285 1475 437 1518 Apollod.
456 1476 485 1506 Ι.
505 1476 551 1507 iii.
568 1477 604 1514 23
623 1477 780 1508 Eratosth.

118 1528 268 1556 Karaor.
292 1535 363 1567 cap.
388 1527 452 1563 243
484 1526 638 1567 Antigon.
664 1527 780 1558 Mirab.

119 1583 190 1615 cap.
210 1576 229 1604 5
246 1586 253 1611 ;
280 1574 368 1615 Virg.
391 1574 506 1615 Georg.
528 1575 568 1605 iv.
585 1575 778 1613 520—527;

120 1622 276 1664 Hyginus,
301 1624 337 1654 P.
360 1624 401 1654 A.
427 1623 458 1653 ii.
481 1624 520 1661 73
543 1624 674 1659 Seneca,
692 1624 782 1654 Med.

120 1682 183 1703 ver.
213 1673 275 1703 625
304 1682 374 1713 sqq.
431 1673 634 1703 Tractaverat
671 1672 781 1703 eadem

121 1721 303 1762 AEsehylus,
330 1727 364 1752 ut
392 1732 430 1752 ex
457 1721 613 1752 Eratosth.
643 1728 782 1763 apparet.

123 1771 149 1800 E
178 1770 336 1800 Pausania
360 1776 392 1801 et
410 1770 549 1811 Hygino,
573 1770 604 1801 d.
620 1771 642 1800 l.
666 1770 782 1801 intelli-

122 1819 214 1859 gitur,
231 1829 325 1859 quam
353 1819 456 1854 variae,
481 1829 637 1860 quamque
662 1818 781 1849 dissen-

121 1868 235 1900 tientes
265 1868 380 1899 fuerint
410 1869 560 1900 Veterum
594 1869 632 1899 de
664 1869 782 1910 Orphei

121 1923 218 1948 morte
240 1917 432 1948 traditiones.
477 1918 631 1948 Nonnulli
652 1918 782 1949 fulmine

121 1977 194 1997 eum
214 1966 310 1997 ictum
325 1967 452 2008 periisse
467 1967 693 2003 memorabant,
709 1967 784 2008 quia

122 2015 261 2057 profanis
285 2016 461 2047 hominibus
486 2016 644 2047 initiorum
671 2027 784 2048 arcana

121 2065 310 2096 tradidisset.
355 2065 533 2097 Secundum
554 2065 630 2096 alios
645 2067 711 2108 ipse
725 2066 784 2097 sibi

121 2120 251 2145 mortem
272 2115 476 2151 consciverat,
497 2114 638 2156 conjugis
661 2115 784 2145 deside-

122 2162 179 2193 rio.
232 2163 363 2194 Plurimi
398 2169 503 2194 tamen
531 2163 563 2194 in
591 2174 628 2194 eo
656 2174 785 2194 consen-

123 2212 217 2248 tiunt,
243 2222 262 2242 a
289 2212 471 2243 mulieribus
496 2223 569 2244 eum
595 2213 786 2254 discerptum

124 2271 205 2297 esse,
231 2271 413 2302 quanquam
447 2261 479 2292 id
509 2272 634 2303 quoque
672 2271 786 2302 magna

124 2320 228 2340 rursus
251 2320 322 2340 cum
341 2310 488 2341 varietate
503 2317 656 2345 narratur,
675 2315 709 2340 ut
724 2310 787 2341 suis

125 2358 201 2389 locis
228 2358 415 2390 videbimus.

124 2408 226 2444 silvas,
242 2413 304 2438 etc.
350 2407 400 2438 Sic
417 2408 501 2449 apud
517 2408 631 2438 multos
645 2413 787 2438 auctores

126 2456 172 2486 vis
197 2456 370 2487 carminum
399 2456 517 2498 Orphei
538 2467 683 2499 expressa
710 2456 786 2497 legi-

126 2509 187 2535 tur.
234 2505 337 2535 Etiam
365 2504 398 2535 in
423 2505 633 2536 monumentis
655 2506 788 2546 stipatus

127 2554 311 2585 cernebatur
341 2554 432 2592 feris3
467 2554 654 2590 Pausanias,
684 2555 789 2585 Boeot.

128 2613 162 2643 p.
180 2603 254 2633 768.
298 2604 420 2634 Animos
433 2604 591 2645 serarum,
609 2603 701 2638 feras,
717 2602 787 2644 qui-

130 2650 189 2681 bus
217 2651 343 2692 passim,
373 2663 403 2684 v.
432 2663 462 2683 c.
495 2652 578 2694 apud
604 2651 786 2693 Virgilium,

131 2699 247 2740 Georg.
277 2700 320 2732 iv.
346 2701 513 2743 aliquoties
542 2701 664 2744 apibus,
694 2702 789 2732 animi

463 2360 604 2390 Carmine
629 2361 701 2390 dum
731 2360 787 2389 tali

848 1379 1036 1410 tribuuntur.
1094 1378 1135 1408 Et
1160 1387 1235 1408 usus
1263 1386 1347 1407 nunc
1373 1380 1420 1407 est
1446 1375 1506 1407 hac

847 1427 1030 1470 periphrasi,
1049 1427 1124 1468 quia
1148 1428 1243 1457 animi
1266 1425 1414 1456 dicuntur
1437 1427 1509 1456 duci

848 1483 880 1508 et
903 1476 1112 1514 commoveri3
1136 1475 1270 1512 Quintil.
1288 1476 1366 1505 Inst.
1385 1473 1439 1504 xii.
1457 1475 1508 1505 10.

848 1528 1064 1558 commovendos
1090 1536 1146 1556 esse
1168 1526 1372 1564 ducendosque
1396 1525 1511 1554 animos

848 1577 1065 1615 imperitat-imi.
1112 1575 1199 1604 Male
1216 1573 1310 1615 igitur
1326 1572 1446 1613 Regius
1459 1571 1510 1602 vel

849 1626 961 1654 animos
981 1624 1243 1665 interpretabatur
1258 1632 1377 1657 sensus,
1392 1621 1443 1651 vel
1454 1622 1510 1661 fe-

849 1685 898 1703 ras
926 1673 1066 1704 homines
1102 1672 1192 1708 feros,
1222 1681 1353 1712 quorum
1390 1669 1510 1701 animos

849 1733 923 1753 sane
938 1722 1075 1753 excoluit
1087 1721 1251 1762 Orpheus;
1267 1719 1427 1756 Horatius,
1439 1720 1511 1751 Art.

850 1771 971 1802 Poetic.
989 1772 1048 1801 391
1067 1781 1156 1811 sqq.:
1182 1775 1214 1800 at
1236 1770 1362 1805 Noster,
1386 1774 1420 1799 ut
1440 1779 1510 1810 pos-

850 1821 972 1851 tulabat
998 1820 1090 1861 hujus
1115 1818 1216 1860 operis
1241 1819 1331 1853 ratio,
1352 1828 1414 1848 non
1438 1829 1509 1849 sen-

849 1880 918 1900 sum
948 1868 1124 1899 fabularum
1144 1866 1277 1902 curavit,
1304 1866 1359 1897 sed
1389 1867 1512 1898 fabulas

849 1918 931 1960 ipsas
946 1917 1080 1948 fideliter
1094 1915 1209 1946 retulit.
1242 1916 1399 1955 Sequentia
1414 1918 1512 1953 ducit,

851 1967 951 2003 duxit,
968 1973 1003 1997 ut
1017 1970 1229 2007 sequerentur.
1266 1965 1379 2006 virgil.
1396 1966 1512 2007 Georg-

850 2016 874 2046 i.
893 2017 964 2047 106.
978 2016 1097 2046 inducit
1112 2016 1190 2045 rivos
1204 2021 1366 2054 sequentes.
1402 2015 1515 2051 Quan-

852 2075 946 2106 quam
975 2071 1006 2095 et
1034 2066 1114 2104 sequi
1146 2063 1292 2094 dicuntur
1319 2073 1389 2104 quae
1420 2063 1512 2094 facile

851 2114 968 2144 cedunt
989 2113 1069 2144 aliis.
1114 2112 1197 2143 Vide
1224 2112 1264 2142 ad
1286 2111 1436 2148 Plinium,
1458 2112 1514 2142 lib.

853 2163 931 2194 VII.
948 2163 1007 2204 Ep.
1025 2162 1068 2192 ix·
1091 2162 1143 2192 ll.
1188 2160 1250 2191 Sed
1275 2160 1438 2201 disputant
1459 2161 1513 2190 In-

852 2217 1002 2253 terpretes
1022 2211 1156 2253 primum
1178 2217 1280 2241 utrum
1301 2213 1397 2245 ducit,
1414 2220 1453 2240 an
1474 2220 1513 2240 ex

854 2261 923 2291 aliis
948 2261 1042 2291 MSS.
1060 2261 1155 2290 trahit
1175 2259 1342 2300 legendum
1362 2259 1423 2289 siti
1446 2259 1512 2289 De-

852 2309 926 2340 inde
949 2316 1051 2341 utrum
1075 2308 1219 2350 Orpheus
1242 2308 1415 2339 oblectasse
1437 2318 1514 2338 saxa

854 2364 885 2389 et
913 2358 1009 2389 silvas
1035 2358 1169 2393 dicatur,
1195 2367 1235 2387 an
1262 2357 1331 2387 loco
1360 2356 1514 2387 movisset

854 2409 1055 2438 Burmannus
1090 2411 1173 2437 recte
1210 2406 1312 2441 docet,
1349 2410 1514 2446 utramque

855 2456 1010 2486 notionem
1035 2461 1066 2486 et
1088 2454 1211 2495 utrique
1233 2455 1327 2484 verbo
1349 2453 1462 2489 inesse,
1484 2459 1516 2484 et

855 2504 928 2535 huic
958 2505 1027 2534 loco
1054 2503 1231 2535 convenire.
1277 2502 1381 2533 Etiam
1410 2503 1515 2533 caeteri

856 2558 1009 2588 auctores,
1025 2552 1078 2593 qui
1094 2551 1186 2592 hujus
1200 2551 1244 2581 rei
1263 2551 1451 2582 mentionem
1469 2551 1514 2581 fa-

856 2602 954 2637 ciunt,
975 2606 1106 2642 utroque
1130 2600 1268 2636 trahunt,
1285 2611 1420 2641 eumque
1443 2611 1514 2630 mox

855 2652 1000 2686 mulsisse,
1025 2660 1096 2680 mox
1126 2650 1253 2684 duxisse,
1274 2651 1403 2685 movisse,
1434 2656 1516 2679 trax-

855 2701 909 2730 isse
919 2711 990 2731 saza
1004 2698 1145 2730 tradunt.
1188 2698 1352 2741 Optimum
1367 2708 1439 2740 ergo
1453 2702 1515 2734 est,
