1779 3130
233 167 319 208 ‘200

622 164 672 204 P.
706 163 919 204 OVIDII
953 162 1231 204 NASONIS

225 280 456 340 Cumque
482 277 631 324 choro
657 277 874 331 meliore,
903 277 978 323 sui
1001 276 1169 322 vineta
1192 274 1405 338 Tymoli,

225 354 570 415 Pactolonque
595 352 750 415 petit;
792 353 1017 414 quamvis
1043 367 1141 397 non
1167 365 1344 397 aureus
1371 349 1454 394 illo

223 431 485 492 Tempore,
513 444 604 475 nec
630 428 756 475 caris
782 435 887 474 erat
910 428 1180 474 invidiosus
1207 425 1384 472 areniS.

1453 424 1582 484 [tant
1600 439 1610 469 :

225 506 373 553 Hunc
401 513 598 552 assueta
623 505 800 551 cohors
829 504 1013 567 Satyri,
1040 503 1357 563 Bacchaeque
1383 500 1612 562 frequen-

223 583 292 630 At
315 582 510 628 Silenus
531 583 694 638 abest3
720 581 1017 628 titubantem
1038 580 1280 640 annisque
1298 592 1534 638 meroque
1551 579 1614 623 90

226 658 474 704 Ruricolae
500 673 676 720 cepere
702 657 947 720 Phryges,
973 657 1295 716 vinctumque
1320 652 1512 699 coronis

223 734 304 780 Ad
329 749 495 795 regem
520 740 718 779 traxere
746 732 950 789 Midam
980 732 1061 778 eui
1086 730 1327 776 Thracius
1355 728 1587 790 Orpheus

228 809 382 871 Orgia
405 808 674 856 tradiderat
697 825 811 856 cum
839 808 1084 871 Cecropio
1112 805 1373 868 Eumolpo.

224 994 287 1014 uno
317 983 481 1026 supplicio.
529 984 643 1014 Chorus
672 983 790 1015 Bacchi
816 994 884 1014 voc.

226 1033 346 1074 proprio
363 1033 475 1063 thiasus
490 1032 674 1070 dicebatur;
698 1033 768 1063 vide
785 1032 825 1063 ad
842 1032 886 1062 iii.

227 1082 301 1112 529.
325 1081 374 1111 De
389 1083 496 1111 vinetis
511 1081 625 1122 Tymoli
643 1081 712 1111 vide
729 1081 767 1111 ad
782 1081 821 1112 vi.
836 1082 886 1112 15.

227 1130 281 1160 Sui
305 1137 429 1171 propter
453 1129 571 1160 vineta.
618 1130 736 1160 Maluit
765 1141 885 1166 aureus,

225 1189 318 1219 quam
343 1179 469 1213 aurifer,
495 1178 570 1219 quia.
593 1189 630 1209 ex
656 1185 758 1209 mente
785 1184 885 1219 poetae

225 1227 317 1257 etiam
343 1237 425 1267 aqua
449 1227 571 1257 Pactoli
595 1237 687 1257 aurea.
710 1227 785 1257 fuit:
816 1227 885 1257 vide

226 1286 289 1306 ver.
307 1276 377 1305 142.
424 1275 487 1306 Nec
503 1278 591 1311 caris,
607 1275 638 1305 id
655 1283 711 1311 est,
725 1275 884 1316 pretiosis;

225 1323 399 1364 nec—sititis.
444 1323 537 1364 Regii
559 1323 654 1354 nostri
670 1327 768 1360 curis,-
784 1324 886 1365 fulris

226 1383 280 1413 pro
296 1371 397 1412 glossa
413 1378 468 1403 est.
493 1372 665 1403 Invidiosus
680 1375 789 1408 areni&
806 1384 883 1413 prae-

227 1420 319 1455 clare,
345 1420 434 1461 eujus
462 1431 570 1451 arenas
595 1431 667 1451 cum
690 1420 808 1451 invidia
832 1431 884 1451 ex-

226 1469 374 1510 petebant
389 1468 541 1499 homines.
588 1468 638 1498 Sic
654 1479 757 1510 supra,
773 1469 816 1498 ix.
837 1469 884 1498 10.

226 1519 369 1547 invidiosa
384 1528 455 1556 spes.

269 1566 321 1595 90.
359 1565 487 1600 Silenus,
518 1571 689 1606 praeeeptor
722 1570 753 1595 et
782 1576 886 1596 comes

226 1614 356 1650 Bacchi,
381 1614 524 1655 princeps
553 1613 640 1644 istius
670 1613 765 1649 chori,
793 1625 885 1655 quem

228 1662 305 1694 adeo
320 1663 424 1693 statim
440 1663 610 1698 desiderat,
626 1668 656 1692 et
672 1662 710 1692 de
727 1663 815 1704 cujus
831 1664 885 1693 ab-

227 1711 327 1742 sentia
352 1711 502 1742 sollicitus
526 1717 572 1741 est
596 1711 753 1741 Bacchus.
798 1713 885 1742 Bene

227 1770 299 1800 ergo
314 1759 371 1790 hoc
387 1758 590 1794 admonitum,
602 1760 643 1789 At
659 1760 781 1789 Silenus
795 1761 885 1791 abest.

227 1808 383 1849 Hyginus,
409 1808 493 1838 dieto
518 1807 605 1838 loco:
638 1813 656 1824 “
672 1808 717 1838 Eo
748 1814 885 1849 tempore

228 1857 320 1887 Liber
331 1863 417 1898 pater
430 1867 523 1897 quum
539 1855 708 1886 exercitum
721 1855 751 1885 in
763 1855 886 1885 Indiam

229 1905 367 1940 duceret,
383 1904 505 1934 Silenus
524 1904 689 1939 aberravit,
707 1914 797 1944 quem
823 1904 886 1933 Mi-

227 1954 283 1984 das
306 1961 471 1994 exceptum
492 1951 626 1992 hospitio
647 1952 817 1982 liberaliter
836 1963 887 1982 ac-

227 2003 320 2044 eepit.
337 2008 429 2042 atque
447 2001 559 2031 ducem
580 2001 677 2034 dedit,
695 2001 748 2042 qui
768 2012 838 2032 eum
856 2001 886 2031 in

228 2052 408 2082 comitatum
447 2050 550 2080 Liberi
588 2050 792 2080 deduceret.⁷'
848 2051 886 2080 1n

227 2100 396 2140 Phrygiam
413 2099 575 2139 aufugerat
588 2104 712 2128 auctore
724 2098 887 2128 Lactantio

228 2148 260 2178 in
287 2149 472 2188 Argument.
522 2147 644 2178 Silenus
673 2152 703 2177 et
733 2157 825 2178 senex
856 2153 887 2178 et

229 2208 349 2238 semper
374 2197 487 2232 ebrius,
510 2196 594 2231 hinc,
620 2198 809 2232 titubantem,
828 2203 887 2228 etc.

230 2246 315 2276 Ebrii
339 2245 576 2286 descriptionem
601 2245 774 2286 elegantem
792 2245 887 2276 habes

231 2296 314 2325 fast.
331 2294 371 2325 vi.
388 2295 449 2324 677
467 2305 538 2335 sqq.
555 2296 681 2324 convivae
697 2296 795 2324 valido
810 2297 885 2324 titu-

231 2346 333 2374 bantia
345 2346 409 2373 vino
421 2344 554 2373 Membra
565 2344 782 2379 711‹›vent,rlubii
791 2350 886 2374 sttuit-

231 2404 284 2432 (με
301 2394 457 2432 labantque
471 2394 567 2431 pedes.
591 2392 708 2422 Vinum
723 2392 755 2422 in
772 2392 886 2423 fontem

230 2441 378 2471 infudisse
388 2440 494 2471 Midas
505 2440 646 2477 traditur,
657 2446 691 2471 ut
702 2440 886 2471 inebriatum

230 2490 368 2520 Silenum
380 2495 524 2531 caperet3
539 2490 627 2531 isque
639 2490 706 2520 fons
718 2490 888 2531 Midaefons

229 2538 404 2579 appellatus
429 2537 590 2568 serioribus
613 2538 716 2568 adhuc
738 2538 884 2579 tempori-

229 2587 288 2616 bus
303 2585 534 2616 ostendebatur.
570 2586 742 2627 Xenophon
758 2586 796 2616 de
813 2586 887 2628 Cyri

232 2634 352 2675 Exped.
372 2636 398 2664 1.
418 2634 509 2672 init.;
533 2634 706 2665 Pausanias
730 2635 829 2666 Attio.
852 2646 885 2676 p.

234 2684 292 2719 1·2;
316 2682 475 2713 Maximus
494 2683 606 2723 Tyrius
624 2684 722 2714 Serm.
738 2684 790 2714 30.
835 2684 886 2714 Ab

954 983 1011 1013 hoc
1026 982 1132 1012 Sileno
1148 981 1233 1011 varia
1252 980 1382 1011 edoctus
1404 984 1461 1010 est.
1506 978 1612 1009 Unum

954 1043 990 1062 ex
1006 1042 1041 1061 eo
1052 1041 1166 1071 genere
1176 1040 1349 1061 sermonem
1360 1028 1455 1058 habet
1467 1027 1614 1058 ffllianus

954 1081 1030 1111 Yar.
1046 1079 1128 1109 Hist.
1144 1079 1187 1108 iii.
1207 1079 1255 1108 18.
1274 1077 1327 1108 ubi
1352 1077 1492 1107 Perizon.
1508 1076 1612 1106 obser-

954 1135 1016 1162 vat,
1031 1128 1156 1157 finxisse
1171 1126 1294 1156 Midam
1308 1126 1386 1161 haec,
1399 1131 1433 1155 ut
1449 1130 1533 1154 tanto
1549 1134 1614 1154 ma-

949 1177 1047 1218 jorem
1058 1175 1181 1215 legibus
1192 1175 1254 1204 suis
1264 1173 1461 1204 sanctitatem
1474 1172 1615 1203 adderet.

996 1227 1050 1256 91.
1081 1225 1219 1254 Vinctum
1236 1225 1349 1254 coronis
1364 1223 1489 1253 Gruter.
1507 1221 1545 1251 ad
1563 1221 1613 1251 Li-

953 1274 1038 1305 vium
1062 1273 1170 1303 xxxiii.
1191 1274 1244 1303 46.
1269 1271 1457 1313 explicabat,
1481 1270 1612 1300 circum-

953 1323 1090 1353 cinctum
1127 1322 1253 1352 orbibus
1291 1320 1504 1360 agricolarum.
1549 1319 1611 1348 Sed

952 1371 1026 1400 satis
1047 1381 1115 1400 eam
1133 1371 1172 1400 ob
1195 1379 1323 1399 causam
1342 1367 1515 1407 castigatus
1533 1372 1579 1397 est
1596 1377 1614 1397 a

953 1420 1132 1449 Burmanno
1153 1419 1207 1459 qui
1228 1429 1348 1448 coranus
1368 1416 1516 1457 intelligit
1536 1426 1613 1457 quas

952 1468 1074 1498 Silenus
1096 1467 1262 1507 indulgens
1277 1467 1348 1496 vino
1373 1466 1493 1496 solebat
1516 1464 1612 1506 capiti

952 1517 1119 1557 imponere,
1130 1517 1244 1556 quibus
1257 1515 1397 1555 Phryges
1412 1525 1466 1556 pro
1481 1513 1615 1544 vinculis

952 1566 999 1595 usi
1015 1566 1087 1600 sint,
1099 1571 1134 1595 ut
1147 1564 1230 1605 apud
1243 1564 1422 1605 Virgilium,
1435 1564 1502 1594 Ecl.
1513 1563 1614 1594 vi.l9.

954 1615 1105 1653 Injicinnt
1120 1614 1223 1644 Sileno
1241 1615 1307 1652 ipsis
1323 1624 1356 1643 er
1372 1614 1494 1643 'vincula
1514 1616 1611 1643 sertis.

956 1664 1090 1703 Orpheus
1113 1663 1208 1704 Orgia
1233 1664 1412 1692 tradiderat.
1456 1662 1611 1696 Justinus,

954 1712 996 1742 xi.
1013 1712 1049 1741 7:
1077 1716 1098 1728 “
1113 1712 1187 1741 Post
1211 1710 1293 1741 hunc
1319 1709 1507 1750 (Gordium)
1531 1709 1613 1740 filius

953 1760 1044 1791 Mida
1064 1759 1216 1801 regnavit,
1233 1759 1286 1800 qui
1306 1760 1343 1789 ab
1366 1759 1493 1800 Orpheo
1511 1769 1613 1789 sacro-

953 1819 1020 1839 rum
1051 1808 1229 1839 solennibus
1264 1807 1415 1841 initiatus,
1444 1807 1614 1848 Phrygiam

953 1856 1154 1897 religionibus
1191 1856 1343 1897 implevit,
1372 1854 1485 1896 quibus
1521 1856 1615 1886 tutior

953 1905 1036 1934 omui
1060 1905 1124 1934 vita
1148 1915 1243 1945 quam
1270 1904 1361 1934 armis
1384 1903 1474 1933 fuit.’'
1520 1904 1613 1935 Adde

955 1953 1076 1984 Conon.
1093 1953 1175 1994 apud
1191 1953 1282 1983 Phot.
1298 1953 1318 1982 i.
1334 1963 1365 1993 p.
1381 1953 1455 1983 424.
1492 1952 1614 1983 Eumol-

951 2014 1002 2041 pos
1028 2009 1088 2032 tres
1117 2001 1226 2032 habuit
1255 2001 1437 2042 antiquitas.
1492 2001 1615 2032 Primus

955 2050 1013 2081 fuit
1026 2051 1141 2086 Thrax,
1156 2051 1297 2091 Neptuni
1319 2057 1350 2080 et
1365 2050 1501 2081 Chiones
1517 2050 1611 2087 filius,

955 2098 1009 2139 qui
1036 2098 1114 2129 vixit
1139 2105 1275 2139 tempore
1303 2099 1481 2134 Erechthei,
1508 2105 1615 2130 contra

956 2158 1047 2188 quem
1067 2147 1240 2178 Eleusinios
1258 2147 1410 2178 incitavit.
1455 2148 1541 2178 Inter
1560 2148 1615 2179 hos

954 2197 1100 2238 mysteria
1123 2196 1267 2226 instituit.
1313 2196 1388 2226 vid.
1409 2196 1551 2237 Heynius
1574 2197 1614 2228 ad

954 2244 1100 2285 Apollod.
1116 2245 1181 2274 111.
1198 2256 1249 2274 xv.
1265 2245 1294 2275 4.
1341 2245 1417 2285 Ejus
1435 2245 1547 2286 posteri
1566 2255 1611 2276 se-

954 2291 1025 2322 dem
1046 2293 1147 2323 fixisse
1164 2291 1310 2323 Eleusine
1326 2292 1480 2329 videntur,
1494 2299 1524 2324 et
1540 2303 1611 2324 cum

954 2342 1198 2372 Atheniensibus
1207 2341 1614 2373 matrimoniainiisse.Hinc

953 2390 1086 2420 Athenis
1106 2398 1196 2420 natus
1218 2396 1318 2421 noster
1334 2391 1517 2432 Eumolpus,
1536 2392 1610 2422 Mu-

953 2440 1006 2468 saei
1023 2439 1114 2473 filius,
1127 2439 1244 2480 Orphei
1257 2439 1440 2480 discipulus,
1450 2439 1503 2480 qui
1515 2439 1610 2471 etiam

954 2488 1120 2518 Herculem
1135 2488 1172 2518 ab
1186 2488 1290 2518 inferis
1301 2488 1447 2518 reducem
1461 2488 1609 2520 initiavit.

953 2537 1014 2567 Sed
1044 2537 1162 2567 confusi
1190 2537 1252 2567 fere
1281 2542 1353 2567 sunt
1381 2547 1398 2567 a
1430 2537 1609 2574 Veteribus,

954 2585 1046 2616 etiam
1068 2597 1085 2615 a
1106 2586 1220 2615 Nonio
1240 2586 1302 2615 HI.
1318 2586 1408 2616 Pont.
1426 2585 1468 2615 iii.
1484 2587 1535 2616 41.
1551 2587 1611 2628 pri-

954 2644 1022 2665 mus
1051 2640 1083 2663 et
1111 2633 1159 2663 hic
1191 2633 1300 2664 tertius
1325 2634 1516 2675 Eumolpus,
1548 2635 1612 2666 vid.

954 2682 1105 2723 Micyllus
1121 2688 1150 2712 et
1166 2683 1372 2713 Burmannus.
