1779 3130
236 184 292 224 12
622 181 672 220 Ρ.
711 177 923 219 OVIDII
956 175 1236 218 NASONIS

241 294 678 356 Consequiturque
704 299 851 346 rates,
877 291 1090 337 faciente
1117 287 1366 351 Cupidine
1390 286 1534 341 vires,

240 370 603 431 Gnosiacaeque
628 367 781 414 haeret
805 383 970 414 comes
995 365 1237 411 invidiosa
1260 363 1455 410 carinae.

242 446 403 499 Quam
428 452 567 508 pater
591 451 646 490 ut
666 443 801 498 vidit,
821 458 932 488 nam
952 443 1056 504 jam
1082 440 1332 503 pendebat
1355 439 1403 484 in
1429 453 1573 484 auras

243 522 308 568 Et
327 522 471 568 modo
496 520 656 568 factus
682 527 787 567 erat
809 519 954 565 fulvis
980 518 1234 564 haliaeetos
1260 516 1367 570 alis,

1532 515 1622 559 146

244 597 371 653 Ibat,
401 605 453 644 ut
476 598 744 643 haerentem
769 602 924 641 rostro
949 594 1157 640 laniaret
1180 593 1389 638 adunco.

244 673 336 720 Illa
360 680 494 720 metu
520 673 727 736 puppim
752 671 983 718 dimittit:
1025 678 1075 717 at
1099 685 1218 716 aura
1242 669 1504 715 cadentem

246 749 553 797 Sustinuisse
578 750 715 802 leviS,
743 764 805 794 ne
829 753 1055 808 tangeret
1078 761 1293 807 aequora,
1316 744 1420 790 visa
1443 750 1536 790 est.

245 825 424 872 Pluma
446 825 562 872 fuit:
603 825 783 887 plumis
809 825 858 870 in
884 840 1023 871 avem
1049 830 1238 869 mutata
1261 828 1464 868 vocatur

1535 821 1626 865 150

246 902 374 948 Ciris
397 920 406 959 3
436 909 487 948 et
510 918 538 948 a
561 910 703 948 tonso
729 908 806 948 est
830 902 921 947 hoc
949 915 1129 947 nomen
1151 899 1334 961 adepta
1359 897 1555 960 capillo.

310 978 380 1024 ΙΙ.
416 978 545 1025 Vota
568 978 597 1024 J
603 979 679 1024 ovi
707 978 870 1024 Minos
895 985 1146 1024 taurorum
1171 990 1379 1038 corpora
1403 979 1606 1020 centum

293 1091 365 1120 145.
385 1090 478 1124 Quum
493 1097 580 1128 paler
597 1096 629 1119 nt
647 1092 732 1125 cidit,
748 1090 824 1129 eun]
843 1089 899 1119 M-

248 1139 305 1170 mis
325 1139 470 1176 festinat;
495 1150 555 1169 non
580 1139 661 1169 enim
687 1139 831 1174 ostendit,
847 1149 902 1168 cur

248 1187 344 1217 Nisus
366 1186 405 1217 sit
431 1192 579 1217 mutatus.
626 1187 748 1228 Nempe
769 1187 903 1228 Jupiter,

247 1241 417 1266 commotus
445 1236 512 1277 ejus
541 1236 666 1277 pietate,
694 1241 839 1266 necatum
871 1236 901 1266 in

250 1283 346 1314 vitam
374 1284 541 1319 revocavit,
569 1291 749 1325 mutatoque
780 1294 904 1326 corpore

251 1342 340 1362 avem
368 1342 434 1363 esse
468 1332 571 1374 jussit,
602 1342 712 1373 nempe
742 1333 904 1368 haliaeelon,

249 1380 281 1411 id
297 1386 356 1416 est,
373 1382 509 1421 aquilam
523 1381 685 1411 marinam.
710 1381 905 1417 Aristoteles,

251 1429 334 1460 Hist.
353 1429 440 1459 Anu.
464 1430 516 1467 ix,
540 1429 672 1464 Plinius,
699 1441 730 1459 x.
754 1430 783 1459 3.
824 1430 902 1460 Pen-

251 1480 337 1509 debat
358 1480 388 1508 in
411 1489 513 1513 ‹rw-as,
531 1478 596 1508 avis
611 1484 687 1508 erat.
705 1477 744 1508 vi.
761 1479 840 1515 667,
864 1478 905 1508 xi.

251 1528 324 1557 341.
371 1526 409 1556 Ιη
430 1538 520 1557 σιω-αδ
544 1526 738 1567 exquisitius,
754 1538 858 1567 quam,
874 1527 905 1556 in

251 1574 355 1612 auris;
378 1575 464 1605 deest
484 1575 567 1605 enim
592 1577 726 1605 samatus
750 1575 782 1604 in
805 1586 907 1611 auraS,

252 1624 334 1664 quod
355 1624 489 1660 additur,
506 1624 557 1654 vii.
574 1625 648 1654 354.
695 1624 746 1653 Ire
765 1634 848 1665 saepe
868 1624 906 1654 de

252 1673 355 1703 hostili
370 1673 486 1714 impetu
507 1679 538 1703 et
554 1673 692 1703 incursu.

298 1722 366 1751 148.
383 1722 469 1751 Aura
483 1721 680 1761 sustinuisse]
699 1720 780 1751 Vide
805 1721 844 1750 ad
867 1721 907 1751 xi.

254 1771 327 1800 341.
365 1771 486 1806 Pluma,
503 1770 568 1801 avis
580 1770 694 1811 plumis
710 1770 823 1800 velata.

298 1820 370 1850 151.
389 1819 466 1850 Ciris
482 1830 550 1860 quse
563 1819 614 1854 sit,
628 1819 815 1859 disputatur.
839 1820 907 1859 Hy-

253 1866 325 1908 gino
340 1869 410 1898 ciris
425 1875 470 1898 est
485 1867 590 1908 piscis.
614 1868 718 1907 Etym.
734 1868 780 1897 M.
798 1866 910 1908 Κίῤῥις

255 1916 270 1947 ὁ
292 1915 396 1957 ἰχθύς.
433 1915 516 1947 Vide
536 1917 726 1946 Munkerum
750 1916 789 1946 ad
812 1916 910 1957 Hygi-

256 1975 343 1995 num.
389 1964 450 1994 Sed
468 1964 589 2004 Virgilii
605 1964 668 1995 Cir.
684 1975 747 1994 ver.
764 1966 836 1995 439.
858 1965 909 1994 ubi

256 2014 310 2043 illa
325 2013 580 2055 metamorphosis
595 2013 754 2053 eleganter
769 2014 843 2043 satis
857 2013 907 2044 de—

255 2061 407 2096 scribitur,
436 2067 483 2091 est
518 2061 583 2091 avis
612 2060 784 2096 versicolor,
818 2062 911 2092 crista

255 2120 408 2151 purpurea
439 2109 470 2139 in
499 2109 613 2150 capite,
635 2115 667 2140 et
692 2110 833 2140 cruribus
860 2121 909 2140 ru-

255 2159 402 2189 bentibus
417 2158 555 2198 insignis,
569 2159 726 2199 vitamque
743 2158 909 2189 solitariam

257 2207 288 2237 in
313 2206 389 2236 locis
410 2206 540 2236 desertis
564 2217 668 2246 agens.
715 2210 739 2238 A
764 2214 843 2237 tonso
861 2219 908 2237 cn-

254 2257 339 2295 pillo,
359 2255 427 2286 ἀπὸ
447 2257 502 2285 τοῦ
526 2255 640 2296 κείρειν
658 2255 742 2286 dicta
765 2262 809 2286 est
831 2259 911 2287 ciris.

258 2304 336 2340 Qaae
353 2310 456 2333 autem
478 2303 542 2333 avis
561 2303 764 2343 intelligenda
781 2304 833 2339 sit,
851 2316 910 2335 non

258 2352 366 2392 liquet.
411 2350 502 2381 Alius
525 2351 681 2382 intellexit
705 2363 802 2394 genus
829 2354 910 2383 acci-

258 2400 355 2442 pitris,
371 2400 449 2430 alius
472 2400 599 2436 circum,
617 2401 696 2431 alius
720 2413 822 2432 rursus
844 2413 911 2443 per-

258 2449 370 2484 dicem,
401 2449 559 2484 alaudam,
590 2456 651 2480 etc.
712 2451 823 2481 Noster
859 2451 912 2480 de-

257 2497 454 2538 scriptionem
480 2498 546 2538 ejus
574 2498 690 2529 nullam
724 2499 821 2535 dedit,
857 2510 912 2530 nec

259 2546 458 2577 mutationem
482 2547 581 2586 ipsam
606 2558 687 2578 more
709 2559 763 2578 suo
778 2548 910 2589 diligen-

259 2601 305 2626 ter
322 2594 505 2636 designavit‚
520 2595 601 2625 haud
626 2597 718 2628 dubie
739 2603 913 2638 propterea,

261 2642 333 2684 quia
359 2650 465 2672 auctor
485 2653 524 2673 ca
539 2643 629 2675 rrinis
647 2645 727 2675 Ciris
749 2645 802 2675 illa
827 2656 912 2686 egre*

260 2691 308 2730 gie
324 2698 542 2732 occupaverat.

1014 1089 1193 1119 152—182.
1205 1089 1355 1118 Ariadnes
1371 1098 1479 1117 corona
1496 1089 1576 1117 inter
1589 1087 1628 1116 si-

968 1138 1069 1177 dera]
1103 1137 1310 1167 Athenienses
1334 1135 1434 1166 Minoi
1464 1134 1631 1176 quotannis

970 1192 1113 1227 septenos
1139 1195 1249 1226 pueros
1278 1184 1470 1225 totidemque
1493 1182 1630 1223 virgines

971 1235 1078 1265 tn'buti
1099 1235 1166 1265 loco
1190 1234 1311 1264 mittere
1329 1235 1521 1274 cogebantur
1536 1232 1632 1262 devo-

972 1283 1084 1314 randos
1109 1284 1294 1318 Minotauro,
1318 1283 1371 1324 qui
1397 1282 1579 1312 servabatur
1599 1280 1631 1311 in

973 1333 1153 1373 labyrintho,
1175 1342 1193 1362 a
1209 1332 1343 1362 Daedalo
1366 1337 1519 1362 extructo.
1556 1330 1631 1360 Ter-

973 1381 1016 1411 tia
1039 1392 1102 1412 sors
1118 1391 1214 1422 quum
1237 1381 1420 1415 mitteretur,
1439 1378 1584 1409 comitem
1599 1389 1632 1408 se

972 1430 1086 1460 obtulit
1108 1430 1174 1472 ipse
1198 1430 1331 1460 Theseus.
1375 1428 1545 1459 Interfecto
1568 1427 1632 1458 Mi-

974 1483 1111 1514 notauro,
1141 1489 1198 1519 ope
1228 1478 1282 1514 fili,
1305 1477 1387 1518 quod
1417 1477 1456 1507 ab
1482 1478 1632 1513 Ariadna,

973 1527 1090 1557 Minois
1121 1527 1194 1562 filia,
1218 1532 1394 1567 acceperat,
1420 1536 1452 1556 se
1479 1536 1516 1556 ex
1543 1525 1632 1566 laby-

975 1574 1067 1604 rinthi
1098 1575 1283 1615 ambagibus
1305 1576 1434 1605 evolvit.
1472 1574 1634 1605 Ariadnen

974 1629 1079 1654 autem
1092 1625 1123 1654 in
1141 1624 1243 1654 insula
1260 1624 1319 1653 Diu
1337 1623 1473 1665 reliquit.
1518 1624 1631 1660 Casus,

975 1683 1052 1712 quos
1077 1673 1120 1703 ibi
1148 1683 1239 1714 passa
1268 1673 1318 1709 sit,
1348 1673 1430 1703 varie
1460 1678 1633 1704 narrantur.

977 1720 1050 1752 Vid.
1074 1721 1200 1751 Homer.
1222 1721 1286 1752 Od.
1310 1726 1349 1752 A.
1367 1723 1450 1759 3203
1474 1721 1634 1753 Plutarch.

976 1769 1067 1801 Thes.
1084 1781 1153 1812 cap.
1172 1772 1230 1808 153
1254 1771 1374 1812 Hygin.
1390 1771 1454 1801 sab.
1471 1772 1510 1800 42
1527 1776 1558 1801 et
1573 1772 1633 1809 43;

977 1818 1125 1859 Apollod.
1141 1819 1204 1849 ΙΙΙ.
1220 1819 1242 1849 1.
1260 1823 1292 1849 4.
1337 1821 1555 1850 Hecatomben
1571 1820 1634 1850 Mi-

978 1877 1034 1897 nos
1045 1867 1117 1898 Jovi
1133 1868 1234 1904 offert,
1251 1868 1301 1898 cui
1318 1869 1356 1898 ob
1372 1868 1532 1899 victoriam
1549 1874 1580 1899 et
1592 1869 1636 1899 se-

978 1915 1069 1945 licem
1097 1916 1231 1946 reditum
1269 1927 1357 1947 sacra
1390 1917 1455 1947 fieri
1485 1917 1636 1948 solebant.

982 1965 1055 1994 l'ota
1080 1971 1181 2006 potest
1206 1971 1238 1995 ut
1266 1966 1455 2007 adjectivum
1481 1967 1582 2008 accipi
1605 1973 1637 1997 et

978 2023 1047 2044 cum
1069 2025 1191 2053 corpora
1218 2014 1376 2056 conjungi.
1421 2015 1471 2045 Ita
1487 2026 1549 2045 ver.
1563 2016 1637 2046 265.

978 2069 1060 2093 votus
1079 2065 1223 2104 sanguis,
1250 2064 1301 2094 vii.
1323 2065 1396 2094 162.
1414 2066 1535 2094 victima
1557 2071 1635 2095 vota.

977 2111 1027 2142 Sic
1058 2119 1124 2142 voln-
1152 2124 1272 2152 corpora
1302 2114 1389 2144 solvit
1416 2113 1636 2156 βραχυλόγως

978 2159 1107 2196 dictum,
1132 2172 1259 2202 corpora
1279 2169 1350 2192 vota
1376 2168 1504 2198 mactat,
1532 2168 1566 2192 ut
1581 2173 1634 2193 vo-

978 2214 1043 2239 tum
1068 2211 1180 2240 solvat.
1224 2212 1329 2242 Possis
1359 2218 1463 2242 autem
1489 2217 1520 2242 et
1547 2212 1636 2242 aliter

977 2258 1171 2300 interpretari
1186 2271 1195 2297 3
1220 2267 1289 2290 vota
1305 2260 1406 2297 solvit,
1423 2272 1492 2302 quae
1509 2261 1636 2302 quidem

977 2314 1064 2337 erant
1095 2315 1220 2338 centum
1251 2321 1372 2349 corpora
1408 2317 1574 2347 taurorum,
1604 2310 1638 2340 id

978 2362 1037 2390 est,
1057 2356 1149 2392 tauri,
1167 2368 1183 2387 e
1201 2357 1322 2388 solenni
1346 2358 1526 2400 periphrasi.
1564 2359 1636 2389 Cor-

976 2416 1047 2444 pora
1086 2405 1202 2437 habent
1241 2408 1491 2448 praestantiores3
1521 2413 1637 2444 caeteri,

978 2457 1135 2495 sangnine,
1149 2455 1231 2496 quod
1243 2456 1316 2486 olim
1332 2457 1493 2487 edebatur.
1541 2457 1636 2488 Cure-

980 2505 1017 2532 tis
1040 2511 1119 2533 terra
1144 2505 1316 2545 antiquitus
1336 2506 1421 2536 dicta
1443 2512 1490 2536 est
1505 2506 1598 2537 Creta
1618 2517 1637 2537 a

979 2551 1156 2583 Curetibus.
1192 2553 1323 2590 Plinius,
1348 2554 1388 2584 iv.
1420 2556 1482 2593 123
1504 2554 1635 2586 AEneid.

980 2599 1024 2629 iii.
1055 2601 1123 2631 131.
1168 2602 1280 2640 Spolia,
1307 2603 1364 2633 hoc
1393 2608 1451 2639 est,
1475 2609 1576 2634 vestes
1605 2609 1637 2634 et

980 2658 1065 2678 arma
1101 2649 1240 2680 hostibus
1277 2652 1388 2682 occisis
1422 2652 1574 2688 detracta,
1604 2652 1636 2683 in

980 2698 1112 2737 templis,
1130 2702 1220 2739 regiis
1245 2706 1295 2730 aut
1320 2700 1388 2730 aliis
1415 2701 1489 2732 locis
1513 2700 1635 2743 conspi-
