1779 3130
251 180 305 219 72
639 180 687 219 P.
723 179 935 220 OVIDII
969 178 1250 220 NASONIS

251 292 537 355 Elaborque
563 293 680 350 viro,
707 294 908 355 longum
935 294 1174 340 formatus
1199 294 1248 339 in
1275 307 1504 353 anguem.

249 368 348 422 Qui
371 376 635 432 postquam
662 370 821 417 flexos
847 371 1038 418 sinuavi
1063 386 1244 433 eorpus
1270 369 1320 416 in
1344 369 1505 422 orbes,

251 444 483 506 Cumque
507 444 610 491 fero
635 445 764 492 movi
786 445 1006 508 linguam
1033 447 1240 493 stridore
1265 445 1525 498 bisuleam‚
1577 445 1640 490 65

252 519 400 575 Risit,
429 527 478 566 et
501 519 716 568 illudens
742 529 936 568 nostras
962 522 1252 585 Tirynthius
1279 528 1439 577 artes3

250 602 280 619 ‘⁶
305 595 559 643 Cunarum
583 597 721 644 labor
747 605 823 645 est
847 614 1034 659 angues
1061 613 1296 660 superare
1321 593 1591 650 mearum‚”

251 671 420 729 Dixit3
464 678 494 696 “
515 680 580 727 et,
608 680 662 719 ut
684 673 855 720 vincas
882 674 1020 728 alios,
1049 673 1286 729 Acheloe,
1314 673 1572 724 draconeS,

251 747 375 795 Pars
402 756 556 812 quota
581 750 797 796 Lernaeae
823 766 1028 812 serpens
1051 749 1146 796 eris
1172 765 1299 795 unus
1327 746 1601 794 Echidnae?

251 823 553 872 Vulneribus
579 825 811 872 foecunda
835 826 937 872 suis
964 826 1056 872 erit
1081 825 1191 872 illa:
1233 840 1324 872 nec
1351 825 1505 870 ullum
1577 826 1640 869 70

253 901 331 948 De
356 909 557 948 centum
583 919 786 950 numero
812 911 964 966 eaput
989 911 1065 950 est
1089 903 1292 966 impune
1318 902 1548 956 recisum,

251 977 384 1031 Quin
409 979 607 1040 gemino
632 980 798 1026 cervix
823 980 1019 1027 haerede
1043 979 1284 1026 valentior
1309 985 1458 1025 esset.

251 1053 395 1101 Hanc
421 1070 514 1116 ego
539 1071 784 1103 ramosam
810 1056 937 1103 natis
964 1073 990 1103 e
1016 1054 1153 1103 caede
1175 1055 1407 1110 colubris,

251 1189 377 1218 medicas
400 1194 496 1218 artes:
526 1188 580 1218 sed
606 1188 740 1219 Reined.
763 1190 840 1219 287.
864 1201 909 1220 as-

252 1242 349 1266 suetas
364 1239 523 1267 decurrere
535 1238 573 1266 ad
590 1244 690 1274 ‹trtes;
715 1237 786 1268 Art.
804 1237 911 1269 Amat.

250 1284 282 1315 ii.
305 1286 358 1316 99.
385 1286 554 1316 Haemonias
578 1288 738 1317 decurrere
760 1289 799 1318 ad
823 1294 911 1318 artes.

251 1333 313 1364 Illa
324 1335 561 1371 transformatio,
574 1335 613 1366 de
629 1346 692 1377 qua
702 1336 911 1377 Apollodorus

253 1382 331 1412 nihil
347 1383 452 1420 habet,
464 1383 536 1414 inde
548 1390 608 1419 est,
623 1385 698 1426 quia
709 1385 808 1421 fluvii,
818 1396 911 1426 prop—

251 1439 297 1462 ter
313 1438 483 1463 tortuosum
500 1434 679 1469 decursum,
697 1445 768 1465 cum
784 1445 910 1475 serpen-

251 1481 335 1512 tibus
373 1483 545 1524 comparari
574 1483 685 1514 solent.
739 1484 909 1520 Formams,

250 1529 498 1561 transformatus.

296 1580 349 1609 64.
376 1579 479 1610 FleJos
501 1585 623 1611 tantum
647 1585 745 1611 ornat.
761 1581 911 1612 Claudia—

253 1638 310 1658 nus
334 1628 433 1659 Laud.
448 1628 547 1659 Stilie.
563 1629 583 1660 i.
598 1630 774 1670 223.fleros
793 1632 823 1660 z'n
835 1631 908 1671 ful·

251 1688 311 1707 cem
334 1684 458 1708 curvent
479 1679 607 1719 gladios.
653 1679 780 1708 Sinuari
799 1679 911 1711 melius

252 1736 360 1766 quam,
386 1727 523 1758 curvavi.
576 1728 730 1769 Linguam
758 1730 910 1760 bisulcum.

251 1775 310 1805 Sex
336 1775 417 1811 libri,
439 1777 604 1807 trisulcam.
628 1776 721 1817 Regii
746 1777 852 1813 nostri,
868 1779 911 1807 bi-

251 1825 377 1855 sulcum.
400 1825 486 1854 Alibi
503 1826 565 1856 fere
582 1827 707 1856 trisulca
725 1827 830 1867 lingua
847 1837 911 1857 ser-

252 1874 397 1914 pentibus
413 1874 568 1910 tribuitur,
586 1874 640 1904 sed
660 1874 718 1904 hoc
733 1875 802 1905 loco
818 1876 910 1906 bisul—

253 1935 310 1960 ca,·
335 1923 477 1958 Plautus,
494 1924 588 1954 Poen.
605 1935 636 1954 v.
656 1925 705 1954 11.
723 1925 773 1953 74.
791 1925 910 1954 bisulci-

252 1974 369 2014 lingua,
397 1975 479 2012 quasi
506 1984 677 2012 proserpens
702 1975 801 2004 bestia.
828 1973 909 2004 Vide

253 2021 464 2056 Aristotelem,
488 2021 527 2051 de
551 2022 637 2052 Part.
656 2021 761 2052 Anim.
780 2022 824 2053 iii.
841 2033 910 2063 cap.

253 2070 309 2100 ult.
327 2077 358 2100 et
373 2080 428 2099 nos
449 2069 486 2099 ad
507 2069 550 2100 iii.
566 2071 617 2100 34.
664 2070 757 2105 Mori,
774 2070 909 2101 vibravi.

253 2119 328 2149 Fero
364 2121 503 2149 stridore.
543 2118 710 2149 Claudian.
740 2120 782 2149 R.
812 2121 850 2150 P.
877 2120 910 2150 ii.

250 2168 449 2209 praef.ferum
467 2179 494 2198 os
507 2174 695 2208 serpentum.

296 2218 346 2247 67.
371 2217 470 2247 Labor
484 2228 634 2247 cunarum
649 2228 791 2252 mearum,
806 2217 837 2246 in
853 2227 908 2248 cu-

252 2265 371 2306 nisjam
383 2276 457 2296 ame
468 2272 641 2306 susceptus.
657 2265 738 2295 Satis
749 2272 908 2307 contemp-

250 2315 317 2351 tim,
344 2320 375 2345 et
399 2325 481 2345 more
510 2315 670 2345 hominum
699 2314 909 2355 gloriantium.

250 2363 365 2393 Aliena
393 2368 498 2393 tamen
531 2373 549 2393 a
578 2364 715 2393 vanitate
747 2369 812 2393 erat
841 2363 908 2394 haec

251 2412 398 2443 Herculis
414 2412 575 2453 gloriati03
598 2412 699 2442 infans
714 2412 796 2442 enim
813 2423 909 2454 quum

250 2461 282 2491 in
306 2462 394 2492 cunis
414 2463 542 2503 jaceret,
559 2462 707 2492 dracones
728 2461 816 2497 duos,
833 2472 910 2503 quos

250 2511 335 2541 Juno
373 2510 508 2546 miserat,
545 2510 689 2540 manibus
728 2509 884 2541 interemit
901 2522 909 2548 3

252 2559 373 2589 AElian.
389 2560 433 2589 H.
450 2559 490 2590 A.
506 2559 561 2589 xii.
577 2562 615 2597 53
640 2559 751 2596 Quint.
775 2559 846 2589 Cal.
864 2559 907 2589 vi.

253 2609 329 2638 202.
372 2608 412 2637 Ut
428 2610 539 2643 vincas,
555 2608 615 2644 fac,
630 2608 712 2649 finge
729 2614 758 2638 te
774 2608 908 2644 vincere,

250 2656 314 2687 sive
330 2657 544 2698 magnitudine
561 2667 722 2698 superare3
739 2657 908 2688 Cic.Tusc.

250 2703 281 2735 ii.
298 2707 334 2735 5:
358 2716 395 2735 ne
409 2708 446 2735 sit
462 2705 560 2747 (finge
582 2716 643 2736 non
664 2705 747 2745 esse)
763 2717 906 2736 summum

979 1190 1093 1220 malum
1116 1190 1209 1224 dolor,
1230 1189 1343 1218 malum
1365 1194 1444 1218 certe
1467 1193 1518 1218 est.
1564 1187 1644 1217 Pars

979 1247 1077 1280 quota,
1090 1246 1153 1270 etc.
1178 1241 1308 1275 Seneca,
1326 1240 1424 1269 Here.
1442 1239 1508 1268 OEt.
1524 1240 1579 1270 93.
1601 1239 1643 1268 At

979 1293 1181 1331 quotiesjacet
1200 1290 1319 1330 Python
1334 1291 1367 1319 in
1382 1289 1502 1328 hydra?
1527 1288 1640 1318 Echid-

979 1351 1044 1375 me,·
1069 1345 1135 1369 erat
1150 1338 1233 1369 enim
1249 1336 1314 1367 filia
1330 1337 1493 1367 Echidnae.

1023 1389 1077 1418 70.
1107 1387 1445 1428 l'ulneribusfoecunda
1459 1385 1551 1426 suis]
1577 1384 1642 1415 Mi-

981 1437 1087 1467 nutius
1112 1437 1212 1472 Felix,
1228 1437 1280 1466 20.
1299 1436 1552 1477 hydrafelicibus
1574 1436 1642 1465 vul-

980 1487 1099 1516 neribus
1116 1496 1280 1516 renascens.
1309 1485 1356 1515 De
1371 1495 1494 1514 numero
1509 1487 1642 1523 capitum

979 1534 1064 1565 illius
1079 1535 1186 1576 hydrae
1204 1545 1265 1564 non
1286 1533 1485 1564 consentiunt
1501 1533 1642 1570 Veteres,

980 1582 1033 1624 qui
1056 1593 1127 1613 mox
1154 1590 1283 1618 centum,
1303 1593 1372 1612 mox
1399 1581 1642 1622 quinquaginta,

979 1642 1102 1668 novem,
1117 1637 1187 1662 octo
1211 1637 1384 1662 numerant.
1398 1630 1474 1661 vid.
1493 1630 1643 1662 Heinsius

978 1687 1009 1712 et
1032 1681 1176 1722 Heynius
1200 1681 1239 1711 ad
1262 1680 1499 1722 Apollodorum,
1520 1690 1552 1721 p.
1568 1681 1644 1711 345.

979 1730 1100 1761 Sufficit
1120 1737 1291 1761 monstrum
1310 1728 1541 1770 πολυκέφαλον
1557 1729 1642 1770 cogi—

979 1787 1056 1810 tare.
1081 1779 1292 1820 Palaephatus,
1319 1789 1391 1820 cap.
1417 1779 1471 1809 39.
1501 1778 1642 1809 fabulam

979 1839 1033 1858 suo
1049 1828 1139 1858 modo
1154 1828 1383 1869 interpretatur.
1428 1827 1497 1857 Non
1514 1827 1641 1868 impune

979 1876 1017 1907 de
1039 1877 1139 1907 auctis
1163 1875 1312 1906 molestiis
1333 1875 1533 1905 debellatoris
1552 1876 1640 1917 capi-

978 1925 1105 1956 endum.
1153 1925 1255 1955 Har-res
1269 1924 1364 1966 paulo
1380 1924 1542 1954 audacius.
1558 1924 1642 1955 Lau-

978 1973 1032 2003 dat
1057 1974 1258 2003 Burmannus
1291 1972 1442 2008 Plinium,
1469 1972 1534 2013 qui,
1559 1972 1643 2004 Hist.

979 2023 1055 2053 Nat.
1069 2023 1132 2054 xvi.
1150 2023 1203 2053 33.
1220 2023 1361 2052 hoeredem
1377 2027 1469 2052 vocat
1489 2021 1641 2052 Stolonem

977 2081 1015 2102 ex
1053 2071 1148 2101 salice
1186 2070 1438 2112 repullulantem.
1495 2071 1641 2101 Geminus

978 2120 1077 2155 ἧφι-εδ,
1093 2119 1155 2150 duo
1179 2120 1283 2160 capita
1307 2130 1376 2159 quae
1401 2120 1642 2150 succrescebant

977 2170 1009 2198 in
1025 2169 1128 2199 locum
1151 2169 1242 2198 unius
1261 2168 1375 2198 excisi:
1401 2168 1444 2198 sic
1461 2167 1517 2198 illa
1534 2169 1639 2198 vulne-

978 2220 1060 2247 ribus
1073 2218 1223 2258 j'cncunda
1241 2219 1321 2253 suz's3
1349 2217 1392 2248 sic
1415 2218 1496 2247 haud
1519 2220 1642 2257 impune

978 2272 1072 2308 caput
1088 2266 1303 2303 recidebatur3
1327 2266 1370 2296 sic
1387 2265 1522 2306 denique
1537 2267 1642 2296 valen-

978 2318 1036 2346 tior
1051 2315 1159 2357 quovis
1175 2315 1302 2345 vulnere
1318 2314 1420 2345 cervix
1436 2314 1543 2345 fiebat.
1578 2315 1639 2345 Va-

978 2366 1039 2395 lens
1059 2364 1145 2400 alibi,
1160 2364 1277 2394 viribus
1300 2370 1331 2394 et
1349 2364 1456 2394 robore
1476 2369 1641 2405 praestans,

977 2412 1034 2443 hoc
1053 2413 1122 2443 loco
1146 2412 1186 2442 ad
1208 2423 1369 2443 numerum
1395 2411 1535 2453 capitum
1558 2412 1639 2444 refe-

976 2461 1119 2492 rendum.
1164 2461 1214 2491 De
1243 2461 1292 2491 his
1318 2460 1459 2501 quinque
1488 2460 1641 2497 versibuS,

978 2511 1117 2540 70—74.
1134 2509 1205 2540 vide
1219 2510 1251 2540 in
1266 2509 1326 2539 fine
1339 2515 1420 2539 notae
1434 2509 1561 2550 subseq.

1020 2560 1071 2590 73.
1105 2559 1272 2594 Ramosam,
1303 2558 1420 2588 arboris
1449 2557 1593 2594 similem,
1621 2569 1640 2589 e

977 2617 1039 2648 qua
1061 2607 1177 2649 capita,
1194 2612 1345 2648 tanquam
1365 2605 1442 2636 rami
1467 2607 1638 2637 extabant:

976 2667 1119 2686 ramosam
1140 2657 1280 2692 colubris,
1294 2662 1340 2691 ut,
1355 2667 1385 2685 x.
1401 2656 1453 2685 21.
1469 2656 1571 2686 villosa
1590 2667 1638 2686 co-

978 2706 1083 2741 lubris,
1101 2711 1133 2735 et
1149 2706 1225 2736 349.
1242 2707 1369 2735 crinitus
1385 2715 1495 2745 angue.
1541 2703 1637 2741 .Malo,
