1779 3130
383 152 1002 194 METAMORPHOSEON
1037 151 1155 192 LIB.
1191 151 1281 192 XI.

1437 150 1520 191 203

138 267 404 314 Extructas
431 268 657 330 dapibus,
686 282 776 313 nec
802 274 944 312 tostae
970 266 1122 327 frugis
1149 272 1368 327 egentes.
1426 267 1515 309 120

137 343 263 389 Tum
289 359 416 398 vero,
444 344 546 390 sive
572 343 653 390 ille
679 359 769 389 sua
795 343 1019 390 Cerealia
1043 343 1221 389 dextra

138 418 351 466 Munera
374 419 663 479 contigerat,
693 418 920 465 Cerealia
945 419 1076 465 dona
1099 419 1353 480 rigebant:

140 494 254 541 Sive
278 495 432 557 dapes
459 495 600 540 avido
627 495 904 542 convellere
930 496 1079 542 dente
1104 495 1328 558 parabat,

139 569 342 618 Lamina
365 570 497 617 fulva
520 571 691 633 dapes,
719 571 917 619 admoto
942 573 1109 624 dente,
1136 572 1374 618 nitebant.

141 645 412 693 Miscuerat
436 647 570 709 puris
597 654 848 693 auctorem
873 648 1090 694 muneris
1116 647 1287 702 undis;

1430 648 1518 691 1⁴25

141 722 305 769 Fusile
330 739 418 785 per
443 723 595 769 rictus
621 739 793 770 aurum
819 724 1011 770 fluitare
1036 723 1244 770 videres.

138 798 392 845 Attonitus
419 799 636 846 novitate
662 800 794 856 mali,
822 801 1077 862 divesque,
1105 799 1369 861 miserque,

140 874 371 936 Effugere
397 882 538 938 optat
562 892 710 938 opes3
751 884 816 931 et,
845 892 955 938 quae
984 876 1130 922 modo
1155 881 1370 928 voverat,
1398 873 1518 919 odit.

141 950 301 1013 Copia
325 951 460 996 nulla
484 950 663 997 famem
691 951 904 998 relevat:
947 951 1052 998 sitis
1079 951 1215 997 arida
1240 957 1410 1012 guttur

146 1025 268 1082 Urit,
295 1033 345 1073 et
369 1027 524 1074 inviso
551 1028 753 1073 meritus
780 1034 1038 1089 torquetur
1063 1028 1124 1073 ab
1152 1043 1285 1074 auro.

1429 1027 1520 1070 130

139 1102 217 1149 Ad
239 1103 521 1164 coelumque
541 1119 732 1157 manus,
757 1111 806 1150 et
824 1103 1085 1165 splendida
1107 1103 1307 1150 brachia
1326 1101 1519 1154 tollens,

183 1261 253 1291 124.
284 1261 454 1300 Nitebant]
487 1261 643 1302 Perquam
676 1261 793 1292 incom-

138 1310 228 1340 mode
243 1310 292 1340 bic
307 1311 411 1340 nitoris
425 1310 539 1340 mentio
556 1311 601 1341 fit.
637 1311 796 1341 Dentibus

138 1358 220 1388 enim
237 1361 328 1399 rigor,
344 1369 405 1389 non
421 1359 499 1389 nitor
515 1359 656 1389 sentitur.
681 1360 794 1390 Parum

138 1406 232 1447 igitur
247 1407 277 1437 h.
288 1407 309 1436 l.
323 1406 508 1437 consulebat
518 1409 727 1443 Burmannus,
742 1408 795 1448 qui

138 1455 324 1496 conjiciebat
339 1457 483 1490 virebant,
497 1455 579 1497 quod
595 1461 626 1486 et
642 1456 742 1497 ipsum
758 1456 796 1486 de

138 1503 238 1534 colore
267 1504 333 1533 auri
362 1503 538 1534 adhibetur.
596 1505 712 1534 Melius
740 1510 796 1540 est,

139 1551 222 1592 quod
249 1552 339 1582 multi
368 1553 460 1582 MSS.
489 1552 616 1588 habent,
654 1558 685 1582 et
715 1553 798 1594 quod

138 1600 314 1640 Naugerius
326 1599 357 1630 in
369 1605 524 1640 postrema
539 1600 616 1630 edit.
633 1600 795 1641 expressit,

136 1651 294 1688 premebat.
330 1650 462 1679 Sensus:
496 1648 613 1679 lamina
638 1649 723 1679 fulva
743 1650 797 1679 ob-

138 1697 228 1728 duxit
243 1697 349 1738 dapeS,
363 1708 457 1738 quum
471 1698 548 1728 dens
564 1698 797 1728 admovebatur.

137 1745 187 1776 Sic
202 1757 333 1785 premere
347 1753 394 1776 est
408 1746 450 1776 ix.
466 1747 528 1776 353
542 1758 550 1784 3
578 1748 676 1776 lentus
689 1749 797 1785 premit

139 1797 268 1835 inguina
283 1801 391 1824 cortex.
414 1794 496 1824 Mihi
514 1799 617 1825 tamen
633 1805 671 1825 ex
688 1805 796 1826 novem

139 1843 232 1873 MSS.
251 1854 311 1873 non
332 1842 488 1884 displicet,
504 1845 653 1884 rigebant,
671 1850 702 1873 et
723 1849 796 1874 tunc

138 1902 200 1923 ver.
221 1893 291 1922 122.
307 1892 364 1922 hoc
380 1891 506 1922 verbum
527 1893 559 1922 in
575 1894 710 1922 nitebant
728 1903 795 1923 mu-

137 1941 269 1972 tandum
290 1941 358 1971 erit.
405 1941 509 1971 Facile
530 1941 596 1972 haec
620 1941 682 1972 duo
704 1943 798 1972 verba

138 1989 182 2020 sic
203 1989 361 2030 transponi
381 1994 414 2019 et
433 1989 601 2031 permutari
627 2000 645 2020 a
665 1990 798 2021 librariis

137 2044 315 2080 potuerunt.
342 2039 434 2080 Regii
448 2039 542 2069 nostri
558 2039 673 2070 habent
684 2051 796 2079 preme-

137 2088 196 2123 bat,
214 2088 296 2128 quod
313 2094 395 2118 certe
415 2088 524 2118 melius
543 2094 600 2124 est,
617 2089 675 2119 nisi
697 2095 797 2120 muta-

138 2136 180 2166 tio
196 2146 290 2177 quam
306 2137 385 2178 petit
401 2137 509 2178 Gierig
522 2137 644 2168 admitti
660 2138 767 2179 possit.

183 2187 251 2215 125.
277 2185 444 2216 Miscuerat
467 2186 648 2226 auctorem]
680 2186 795 2217 Vinum

138 2244 192 2275 per
212 2233 434 2275 metonymiam
461 2234 524 2264 dici
550 2235 701 2265 Bacchum
724 2235 799 2266 satis

138 2288 246 2313 notum
258 2289 315 2312 est.
337 2283 398 2313 Sed
411 2283 486 2323 quid
498 2283 631 2314 Ovidius
644 2285 655 2313 ‚7
670 2283 798 2314 Abusus

138 2331 194 2362 illa
208 2338 366 2373 poetarum
382 2331 507 2362 licentia
522 2339 672 2362 auctorem
693 2343 797 2363 mane-

138 2382 181 2411 τῖε
196 2380 286 2416 dixit,
302 2381 391 2422 quasi
410 2381 510 2422 ipsum
531 2382 635 2412 Deum
659 2381 797 2412 miscuis-

139 2435 196 2460 set.
242 2429 356 2464 Fusile,
373 2429 488 2459 susum.

186 2479 258 2509 127.
283 2479 430 2518 Divesqae
447 2478 614 2518 miserque]
643 2477 796 2513 Breviter,

138 2526 193 2557 sed
204 2526 340 2568 graviter
351 2534 463 2557 sortem
476 2527 575 2557 Midae
587 2534 694 2558 notant
704 2528 800 2558 verba

138 2574 182 2605 sic
219 2576 396 2618 conjuncta,
429 2576 630 2617 animumque
667 2575 799 2616 legentis

140 2623 254 2655 feriunt
274 2630 397 2666 propter
418 2624 592 2666 opinionem
616 2624 714 2665 vulgi,
729 2635 798 2665 quae

143 2682 161 2702 a
189 2672 304 2703 divitiis
338 2684 398 2704 non
427 2673 576 2715 disjungit
608 2673 799 2708 beatitatem,

863 1268 893 1292 et
916 1267 1039 1303 propter
1062 1261 1282 1292 defrustratam
1304 1259 1401 1290 Midae
1425 1267 1522 1299 spem.

866 1312 1005 1341 Novitate
1030 1313 1114 1347 mali,
1148 1310 1296 1340 inusitato
1324 1314 1355 1339 et
1383 1307 1522 1338 inaudito

863 1360 957 1390 malo.
996 1361 1083 1390 Bene
1111 1360 1254 1400 effugere,
1284 1358 1358 1398 quia
1383 1366 1521 1397 quocun-

863 1420 924 1450 que
945 1409 1093 1450 fugiebat,
1119 1408 1181 1438 vim
1207 1407 1293 1437 illam
1319 1407 1420 1436 omnia
1450 1415 1518 1434 mu-

865 1457 951 1488 tandi
967 1458 999 1487 in
1016 1468 1124 1488 aurum
1140 1466 1247 1486 secum
1263 1455 1393 1485 ferebat.

913 1507 981 1536 129.
1018 1507 1091 1536 Sitis
1120 1506 1219 1539 arida,
1247 1515 1263 1534 e
1294 1501 1450 1536 Lucretio,
1480 1499 1521 1531 vi.

868 1555 959 1585 1174.
988 1555 1062 1595 quia
1087 1554 1226 1584 sitientes
1255 1551 1375 1583 aridum
1406 1551 1522 1580 habent

863 1609 982 1644 guttur.
1034 1603 1104 1632 Urit
1129 1602 1274 1632 convenit
1298 1598 1521 1631 ardentissimae.

864 1651 931 1682 sitis
945 1651 1143 1682 cruciatibus.
1188 1649 1293 1681 Schol.
1308 1647 1523 1689 Aristophanis

864 1701 904 1731 ad
924 1701 1009 1730 Plut.
1031 1710 1094 1730 ver.
1111 1700 1185 1730 287.
1205 1698 1309 1733 tradit,
1329 1697 1441 1727 Midan
1461 1696 1520 1726 hac

864 1750 944 1780 same
961 1750 1159 1790 absumptum
1175 1748 1312 1789 periisse.

910 1799 982 1828 131.
1007 1797 1198 1836 Splendida]
1224 1795 1328 1826 Etiam
1347 1799 1447 1824 vestes
1465 1802 1519 1823 au-

863 1856 948 1876 ream
974 1853 1117 1875 naturam
1146 1856 1165 1875 a
1191 1854 1315 1885 corpore
1340 1846 1521 1884 rapuerunt.

864 1895 933 1924 Hoc
959 1898 1043 1924 certe
1073 1893 1150 1924 dicit
1176 1903 1281 1923 versus
1309 1892 1345 1927 is,
1371 1890 1425 1932 qui
1453 1894 1522 1930 post

865 1954 927 1974 ver.
960 1943 1030 1973 117.
1059 1953 1078 1973 a
1112 1942 1217 1972 multis
1244 1942 1337 1972 Mss.
1365 1939 1520 1973 inseritur,

867 1993 1003 2032 Corporis
1017 1997 1045 2021 et
1061 1991 1133 2032 (alii
1148 1992 1179 2027 e)
1196 1992 1328 2022 membris
1340 1989 1523 2028 resplenduit

865 2051 958 2071 aurea
980 2042 1074 2076 vestis,
1089 2050 1183 2081 quem
1199 2050 1257 2080 ego
1280 2049 1341 2068 non
1361 2038 1456 2079 plane
1476 2046 1522 2066 re-

864 2089 1002 2130 pudiem.
1048 2089 1179 2120 Lenzius
1194 2094 1295 2130 putat,
1311 2087 1380 2128 ipsa
1394 2085 1523 2116 brachia

865 2149 939 2169 auro
963 2139 1056 2169 fuisse
1080 2138 1228 2169 obducta.
1274 2137 1363 2167 Dura
1386 2145 1458 2166 vero
1477 2141 1524 2165 est

866 2188 963 2218 altera
983 2187 1050 2228 ejus
1072 2187 1160 2222 ratio,
1178 2196 1240 2227 qua
1262 2185 1448 2225 splendentia
1467 2193 1519 2213 ex-

864 2236 971 2277 plicat,
995 2246 1065 2276 quae
1089 2241 1174 2266 tactu
1197 2234 1302 2265 omnia
1324 2232 1473 2263 mutarint
1490 2231 1522 2261 in

865 2295 974 2316 aurum
995 2284 1205 2326 splendidum.
1251 2283 1339 2313 Idem
1364 2286 1481 2316 monet,
1505 2290 1522 2310 e

865 2334 968 2364 verbis
982 2336 1021 2364 ad
1032 2334 1137 2364 coelam
1153 2334 1256 2362 tollens
1268 2340 1427 2373 apparere,
1439 2330 1521 2359 Bac-

865 2382 959 2413 chum
975 2388 1040 2412 tum
1057 2381 1151 2412 fuisse
1166 2381 1197 2411 in
1214 2381 1305 2415 coelo,
1323 2385 1354 2409 et
1372 2378 1444 2408 inde
1462 2388 1524 2408 ver.

868 2431 941 2461 136.
972 2440 1152 2472 responsum
1184 2428 1317 2459 dedisse.
1367 2426 1521 2467 Equidem

866 2486 983 2520 putem,
1001 2479 1103 2509 verbis
1115 2479 1176 2509 illis
1189 2477 1231 2508 nil
1244 2477 1302 2507 nisi
1316 2481 1437 2517 gestum
1453 2485 1521 2517 pre-

867 2530 1004 2558 cantium
1038 2527 1147 2558 notari.
1193 2528 1356 2561 Damnum,
1394 2525 1521 2560 malum,

866 2577 950 2618 quod
985 2576 1072 2606 nobis
1097 2576 1211 2606 damno
1248 2581 1312 2605 est:
1351 2576 1520 2614 speciosum,

866 2625 1076 2667 splendidum.
1095 2624 1249 2666 Hyginus,
1263 2623 1521 2665 Qunmjamfamc

869 2677 1070 2709 cruciaretur,
1098 2676 1184 2713 petiit
1211 2686 1228 2703 a
1259 2673 1375 2710 Libero,
1406 2679 1440 2702 ut
1469 2673 1523 2702 sibi
