1779 3130
222 195 307 236 328
611 195 661 234 P.
697 193 908 235 OVIDII
944 194 1218 237 NASONIS
1252 201 1254 203 ’

219 308 342 362 Quae
368 307 460 354 nisi
486 307 733 363 fecissem,
758 299 942 354 frustra
965 307 1235 356 Telamone
1260 316 1456 356 creatus

219 385 485 431 Gestasset
506 385 629 431 laeva
652 392 903 431 taurorum
928 392 1124 447 tergora
1150 392 1360 449 septem.

218 460 312 507 Illa
336 468 480 507 nocte
508 461 628 507 mihi
654 461 815 523 Trojae
841 461 1048 508 victoria
1073 469 1214 525 parta
1239 468 1342 508 est:

217 536 462 598 Pergama
486 544 591 583 turn
615 536 725 592 vici,
755 553 909 599 quum
933 538 1063 584 vinci
1089 555 1237 601 posse
1263 538 1421 600 coegi.

217 612 403 660 Desine
425 612 655 676 Tydiden
679 614 919 676 vultuque
945 622 995 661 et
1018 630 1267 661 murmure
1293 614 1435 660 nobis

218 689 484 737 Ostentare
510 706 697 736 meum:
739 706 852 752 pars
879 697 955 737 est
980 707 1070 737 sua
1094 690 1254 736 laudis
1282 690 1331 736 in
1357 690 1470 736 illis.

217 765 325 812 Nec
351 774 421 822 tu,
450 782 607 828 quum
633 767 769 813 socia
793 767 1028 829 clypeum
1053 783 1141 830 pro
1168 767 1328 814 classe
1349 767 1572 820 tenebas,

218 841 364 888 Solus
390 858 521 900 eras3
563 843 651 889 tibi
677 843 822 889 turba
845 859 1040 900 comes3
1079 843 1199 889 mihi
1225 843 1433 904 contigit
1456 858 1601 896 unus,

217 916 330 973 Qui,
359 919 450 965 nisi
475 935 756 982 pugnacem
783 919 931 965 sciret
957 919 1180 982 sapiente
1207 920 1446 966 minorem

215 993 357 1050 Esse,
385 1012 477 1042 nec
503 996 755 1042 indomitae
782 994 951 1042 deberi
977 996 1181 1058 praemia
1206 997 1411 1052 dextrae,
1506 998 1601 1042 355

215 1072 332 1134 Ipse
349 1089 550 1135 quoque
566 1074 672 1119 haec
689 1080 904 1136 peteret:
934 1079 1130 1136 peteret
1144 1073 1440 1120 moderatior
1455 1071 1515 1134 Aj
1524 1087 1603 1127 ax,

215 1148 604 1213 Eurypylusque
627 1149 783 1204 ferox,
811 1150 1045 1212 claroque
1070 1149 1389 1196 Andremone
1422 1156 1598 1205 natus3

215 1224 324 1272 Nec
346 1226 508 1273 minus
536 1225 850 1279 Idomeneus,
878 1226 1140 1288 patriaque
1166 1232 1360 1273 creatus
1387 1225 1561 1272 eadem

216 1300 495 1359 Meriones;
538 1309 732 1365 peteret
756 1301 954 1363 majoris
980 1301 1129 1349 frater
1154 1301 1342 1348 Atridae
1363 1319 1372 1349 ε

218 1377 419 1441 Quippe
445 1395 593 1426 manu
619 1378 787 1434 fortes,
815 1394 906 1424 nec
933 1386 1048 1425 sunt
1073 1379 1162 1426 tibi
1190 1378 1354 1426 Marte
1380 1378 1602 1433 secundi,

1507 617 1605 660 350

259 1511 332 1540 348.
362 1510 491 1540 Victoria
515 1517 603 1549 parta
624 1516 687 1545 est5
711 1509 876 1540 Mediceus

213 1561 338 1588 victoria
350 1565 448 1597 popm,
466 1558 549 1600 quod
564 1558 668 1600 placet
684 1559 875 1593 Burmanno,

213 1607 268 1647 qui
285 1613 443 1648 comparat
466 1608 585 1637 laudem
605 1609 805 1646 desponsatam
822 1605 875 1637 Ci-

214 1656 347 1692 ceronis,
381 1657 517 1698 Harusp.
549 1656 648 1698 Resp.
679 1658 719 1694 33
764 1656 875 1686 eadem

214 1705 347 1736 varietas
374 1712 497 1746 reperta
522 1711 569 1736 est
594 1706 626 1735 in
648 1706 702 1735 lib.
728 1705 782 1735 xii.
799 1706 874 1736 293.

214 1753 307 1794 Regii
332 1754 457 1784 codices
478 1754 539 1790 hic,
556 1760 590 1784 ut
613 1754 645 1784 in
660 1753 727 1784 loeo
750 1753 803 1784 cit.
819 1753 873 1784 ha-

214 1802 290 1831 bent
304 1809 403 1841 parta.

256 1851 331 1881 350.
358 1852 468 1882 Desine
498 1852 645 1893 Tydiden,
669 1850 746 1891 etc.]
783 1851 875 1891 Inge-

214 1900 309 1935 niose,
340 1911 398 1931 nec
432 1901 498 1931 sine
536 1901 718 1931 auctoritate
746 1899 874 1930 aliorum

212 1955 377 1985 oratorum,
391 1949 449 1980 hoe
466 1949 566 1979 finxit.
610 1947 778 1979 Praesentis
790 1948 874 1988 inge-

213 1998 255 2027 nii
271 2004 328 2033 est,
341 2009 377 2028 ea
394 1998 538 2039 arripere,
550 1998 649 2038 iisque
666 1997 697 2026 in
708 2007 771 2026 rem
787 2006 875 2026 suam

212 2046 268 2082 uti,
285 2058 354 2088 quae
380 2047 460 2077 inter
481 2045 648 2077 dicendum
674 2051 744 2075 ante
769 2045 875 2075 oculos

211 2102 370 2136 geruntur.
420 2096 555 2136 Tydiden
571 2106 676 2129 meum,
688 2093 874 2124 Diomedem

212 2144 289 2175 mihi
301 2145 448 2175 amicum.
473 2145 642 2178 Ostentare,
652 2143 873 2178 demonstrare,

211 2193 362 2228 indicare,
379 2193 564 2223 Diomedem
584 2192 678 2222 fuisse
699 2190 814 2221 socium
832 2191 871 2221 is-

213 2243 273 2272 tius
294 2241 447 2272 facinoris.

255 2292 328 2321 355.
366 2289 522 2320 Indomitae
547 2291 667 2324 (latens,
685 2289 800 2319 viribus
824 2299 871 2319 ra-

211 2340 292 2369 tione
332 2337 520 2372 carentibus,
559 2337 735 2368 temeritati.

212 2389 338 2425 Oileos3
358 2387 428 2417 vide
444 2387 497 2417 xii.
513 2387 586 2417 622.
633 2387 786 2426 Eurypyli
802 2387 871 2428 plu-

211 2448 260 2467 res
275 2437 379 2467 fuere:
406 2435 470 2465 vid.
488 2437 598 2466 Burm.
645 2437 713 2465 Hoc
737 2436 803 2465 loco
824 2435 870 2465 in-

210 2485 398 2526 telligendus
427 2484 604 2515 Euaemonis
629 2484 722 2519 filius,
751 2484 803 2525 qui
833 2494 871 2514 ex

210 2534 358 2564 Ormenio
366 2533 536 2563 Thessaliae
549 2533 623 2564 urbe
635 2533 739 2574 copias
752 2532 871 2563 addux-

209 2588 294 2619 erat3
319 2582 360 2612 Il.
378 2585 414 2612 B.
429 2582 510 2618 7343
536 2582 633 2612 E.76.
682 2582 786 2616 Feror,
804 2581 870 2611 bel-

210 2631 335 2661 licosus.
382 2633 570 2661 Andremone
583 2637 683 2665 viatus,
696 2630 798 2660 Thoas
814 2631 869 2659 AE-

211 2680 340 2710 tolorum
376 2680 449 2716 dux,
479 2679 531 2720 qui
564 2690 634 2710 cum
665 2679 871 2720 quadraginta

212 2728 344 2759 navibus
382 2727 412 2758 in
450 2727 677 2769 expeditionem
705 2728 869 2768 'frojanam

780 2339 870 2377 Ajar,

943 1510 1183 1550 Agamemnona
1209 1516 1255 1541 est
1279 1517 1420 1542 secutus:
1445 1511 1484 1544 is,
1509 1520 1607 1550 quum

945 1559 1060 1590 viribus
1083 1560 1251 1601 plurimum
1272 1566 1387 1602 posset,
1404 1558 1538 1590 Achillis
1561 1564 1607 1589 ta-

944 1619 1014 1640 men
1039 1619 1124 1639 arma
1148 1619 1209 1639 non
1234 1609 1384 1650 poposcit.
1430 1608 1492 1639 Hic
1507 1608 1608 1648 Eury-

942 1658 1026 1699 pylo,
1044 1658 1125 1699 quod
1148 1658 1188 1688 ad
1203 1657 1348 1689 Thoanta
1371 1657 1516 1699 pertinet,
1533 1657 1610 1688 falso

942 1707 1065 1747 Regius
1093 1707 1222 1744 tribuit·,
1248 1707 1354 1737 confer
1372 1707 1552 1742 Homerum,
1569 1706 1610 1737 11.

943 1760 981 1786 B.
999 1756 1073 1785 638.
1119 1755 1303 1791 Idomeneus,
1314 1755 1377 1785 dux
1394 1755 1603 1790 Cretensium,

943 1804 1163 1845 δουρίκλυτος·
1179 1804 1220 1834 Il.
1239 1808 1275 1834 B.
1290 1804 1348 1834 651
1366 1816 1373 1842 3
1397 1803 1486 1844 cujus
1501 1803 1609 1844 auriga

947 1853 1106 1887 Meriones,
1120 1851 1302 1882 fortissimus
1314 1858 1345 1882 et
1359 1851 1437 1893 ipse,
1452 1851 1608 1887 Horatius,

949 1902 977 1932 Ι.
991 1901 1055 1932 Od.
1073 1901 1112 1930 vi.
1126 1902 1174 1931 15.
1190 1906 1221 1931 et
1232 1900 1419 1938 ἀτάλαντος
1428 1899 1527 1942 ’Ἄρηϊ
1543 1900 1610 1930 die-

944 1956 994 1981 tus
1009 1950 1048 1979 Il.
1065 1953 1104 1979 Β.
1119 1950 1192 1979 651.

988 1999 1060 2029 360.
1101 1997 1217 2036 Quippe
1253 2009 1345 2028 manu
1372 1997 1484 2038 fortes,
1521 1996 1601 2036 etc.]

944 2047 1093 2078 Heinsius
1108 2047 1233 2088 conjicit
1251 2047 1367 2086 Quippe
1382 2046 1606 2086 animaejbrteS,

944 2100 996 2127 tibi
1020 2108 1072 2127 nec
1094 2096 1230 2126 Mavorte
1250 2097 1395 2126 secwzdae.
1440 2096 1513 2125 Duo
1535 2095 1606 2124 Lei-

943 2146 1054 2176 denses
1076 2146 1145 2174 mihi
1164 2145 1267 2175 Marte
1288 2146 1422 2179 secundi,
1439 2143 1522 2184 quod
1537 2144 1606 2185 pla-

941 2201 989 2225 cet
1016 2196 1208 2229 Burmanm,
1238 2200 1270 2224 ut
1293 2193 1332 2224 sit
1357 2192 1509 2234 oppositio
1533 2203 1605 2222 cum

940 2243 1144 2284 sequentibus
1159 2254 1166 2278 3
1201 2242 1494 2283 interpretaturque,
1526 2240 1601 2270 mihi

940 2302 1000 2322 non
1025 2291 1141 2322 cedunt
1165 2290 1279 2321 bellica
1302 2290 1427 2325 virtute,
1451 2289 1505 2320 sed
1530 2300 1602 2330 pru-

940 2340 1056 2370 dentia.
1102 2339 1170 2369 Hoc
1187 2339 1266 2374 loco,
1281 2349 1341 2369 non
1357 2344 1420 2368 tam
1437 2338 1475 2368 de
1488 2337 1602 2378 Ulysse

939 2399 1032 2429 quam
1063 2387 1101 2418 de
1132 2388 1231 2428 Ajace
1260 2386 1379 2428 agitur:
1411 2391 1431 2403 “
1447 2386 1494 2416 Tu
1523 2385 1604 2427 petis

939 2447 1044 2474 arma3
1061 2436 1114 2467 sed
1133 2447 1194 2466 non
1211 2444 1243 2466 tn
1260 2438 1338 2466 solus
1353 2446 1429 2470 eras,
1444 2437 1497 2464 tibi
1513 2436 1602 2465 turba

939 2496 1028 2516 comes
1040 2498 1048 2514 :
1082 2487 1159 2524 Ajar
1197 2484 1316 2519 Oileos,
1351 2484 1539 2523 Eurypylus,
1571 2489 1602 2513 et

940 2533 992 2563 alii
1007 2545 1015 2571 3
1034 2544 1085 2562 nec
1101 2540 1169 2563 sunt
1187 2534 1240 2562 tiln'
1259 2532 1360 2562 DIarte
1374 2533 1507 2566 secundi,
1523 2531 1600 2560 Con-

937 2583 1012 2612 siliis
1034 2592 1140 2612 cessere
1160 2583 1239 2616 mcis,
1255 2580 1286 2610 id
1307 2586 1365 2615 est,
1383 2579 1457 2609 mihi
1479 2589 1599 2609 cessere

939 2630 970 2660 in
987 2630 1044 2660 hoc
1061 2630 1228 2660 certamine
1251 2639 1415 2663 armorum,
1432 2629 1506 2669 quia
1528 2639 1600 2658 con—

938 2678 1015 2709 siliis
1032 2689 1089 2719 ego
1106 2678 1263 2709 abundos
1310 2679 1414 2714 Quare
1430 2682 1495 2706 tota
1510 2676 1601 2718 phra—

938 2729 990 2763 sis,
1010 2728 1134 2768 qualem
1153 2728 1270 2758 habent
1289 2726 1423 2762 codices,
1440 2731 1469 2756 et
1491 2725 1600 2767 praeci-
