1779 3130
359 149 979 193 METAMORPHOSEON
1003 151 1122 192 LIB.
1156 152 1246 193 IX.

1437 153 1494 194 67

107 261 250 309 Dixit
275 271 325 310 et
351 264 580 311 Alcides:
623 265 703 312 alii
730 281 926 313 cessere
952 266 1164 312 duobus.

107 337 196 385 Ille
221 339 250 384 J
256 356 396 387 ovem
422 357 647 388 socerum
672 342 789 388 dare
815 359 883 397 se,
908 342 1190 404 famamque
1216 342 1456 396 laborum,

105 413 171 460 Et
196 423 430 478 superata
455 433 555 463 suae
582 416 827 464 referebat
846 419 988 479 jussa
1012 434 1250 464 novercae.

1431 421 1488 464 15

107 490 295 537 Contra
319 508 434 554 ego:
465 501 607 555 turpe
638 492 798 539 Deum
825 493 1019 539 mortali
1045 494 1221 540 cedere
1246 494 1395 549 duxi;

107 566 340 614 Nondum
363 576 467 615 erat
484 569 566 615 ille
588 569 748 624 Deus;
781 575 810 592 “
831 569 1024 631 Regem
1049 586 1128 616 me
1154 570 1314 616 cernis
1336 586 1487 632 aqua-

107 642 351 690 Cursibus
377 645 592 707 obliquis
613 646 741 692 intra
755 653 842 692 tua
857 662 1008 707 regna
1027 646 1284 692 fluentum.

1359 647 1489 707 [rum

106 718 214 765 Nec
240 736 390 781 gener
414 723 633 768 externis
660 722 840 784 hospes
863 723 953 768 tibi
978 723 1158 768 missus
1184 723 1246 768 ab
1273 723 1386 777 oris,

106 793 206 841 Sed
228 796 480 858 popularis
506 813 605 851 ero,
632 804 682 844 et
707 813 868 844 rerum
896 814 1008 861 pars
1030 814 1127 844 una
1151 806 1362 845 tuarum.
1425 801 1488 844 20

105 869 320 917 Tantum
342 889 402 919 ne
428 880 620 928 noceat,
649 875 784 936 quod
810 890 888 920 me
914 890 1007 921 nec
1032 874 1168 935 regia
1191 873 1219 919 J
1226 891 1322 921 uno

105 1020 136 1047 in
161 1022 399 1050 nmtrimonium:
427 1031 531 1062 supra,
554 1021 586 1051 ii.
613 1023 687 1057 526,
711 1033 760 1052 su-

104 1077 182 1096 mere
204 1078 344 1103 socerum,
369 1074 400 1098 et
423 1069 550 1099 Heroid.
576 1071 615 1100 vi.
639 1071 690 1100 80.
711 1082 760 1101 su-

104 1125 181 1144 mere
192 1127 313 1146 nurum.
340 1116 510 1148 Porthaone
523 1125 620 1154 nulus,
633 1119 760 1154 OEneus,

104 1162 143 1193 de
156 1174 217 1204 quo
238 1164 316 1195 libro
338 1165 498 1206 superiori.
543 1167 646 1208 Hujus
666 1168 761 1198 filiam

105 1211 287 1253 Dejaniram
304 1214 423 1244 faciunt
438 1220 467 1245 et
489 1215 553 1251 alii,
571 1216 679 1257 paucis
699 1216 760 1247 dis-

103 1260 320 1298 sentientibus,
339 1263 392 1304 qui
415 1263 443 1294 ei
461 1264 679 1296 Dexamenum
704 1277 759 1307 pa—

104 1314 182 1340 trem
197 1310 283 1346 dant,
300 1312 348 1342 vel
366 1313 538 1344 Bacchum.
582 1314 673 1349 Eam,
688 1325 762 1345 auc-

104 1363 168 1389 tore
184 1359 281 1390 Diod.
306 1361 457 1391 Hercules
479 1362 581 1398 duxit,
600 1363 762 1404 Meleagro

103 1406 254 1437 extincto.
301 1409 454 1449 Meleagri
473 1410 582 1440 umbra
599 1409 761 1452 impulsus,

104 1465 201 1496 quum
216 1462 297 1486 esset
313 1457 396 1498 apud
411 1458 537 1494 inferos,
553 1458 677 1490 duxisse
693 1470 761 1490 eam

104 1504 235 1535 traditur
260 1516 278 1536 a
297 1506 400 1537 Schol.
426 1507 564 1544 Homeri,
587 1508 626 1538 Il.
643 1511 686 1539 Φ;
711 1520 759 1540 se-

103 1553 240 1583 cundum
267 1555 447 1592 Homerum,
472 1556 510 1586 ll.
528 1558 571 1590 Ξ.
590 1557 661 1588 115.
684 1559 760 1589 Por-

104 1601 168 1632 thei
185 1603 266 1633 filius
283 1603 342 1634 fuit
356 1606 484 1636 OEneus.
522 1607 653 1642 Alcides,
669 1607 761 1638 Alcei

102 1661 207 1692 nepOS,
229 1652 331 1683 dictus
354 1653 499 1690 creditur,
522 1654 596 1685 dum
619 1656 651 1686 in
673 1656 762 1687 terris

102 1701 294 1737 versabatur,
314 1702 459 1733 Hercules
479 1711 581 1734 autem
595 1704 627 1734 in
644 1705 760 1736 coelum

104 1756 267 1790 receptus;
292 1750 395 1782 Cerda
419 1752 459 1782 ad
476 1752 589 1793 Virgil.
606 1753 670 1784 viii.
687 1755 761 1785 203.

103 1798 179 1834 Alii,
201 1800 316 1830 caeteri.
363 1800 500 1832 Auctore
524 1802 700 1837 Lactantio,
728 1803 760 1834 in

101 1846 307 1888 Argumento,
316 1855 406 1890 pater
414 1850 605 1891 promiserat,
616 1862 649 1882 se
665 1851 760 1883 filiam

102 1894 247 1926 daturum
271 1897 310 1932 ei,
333 1897 386 1938 qui
410 1898 497 1928 lucta
518 1898 662 1930 vicisset:
689 1900 760 1932 hinc

103 1944 209 1975 caeteri
228 1946 325 1987 proci,
342 1952 427 1977 metu
449 1948 595 1988 perculsi,
611 1957 760 1981 cesserunt

101 1995 232 2026 Herculi
248 2002 279 2026 et
294 1996 446 2028 Acheloo.

150 2045 198 2074 14.
214 2043 273 2075 Ille
287 2045 388 2075 Jove-m
403 2056 544 2081 socerum,
559 2047 637 2087 etc.]
661 2048 760 2078 Nobi-

102 2093 164 2123 lem
194 2104 226 2124 se
251 2103 377 2134 genere,
401 2093 519 2124 clarum
549 2095 640 2125 rebus
666 2096 761 2136 gestis

98 2141 208 2183 jactat,
224 2149 258 2172 ut
278 2142 411 2172 Perseus
433 2142 669 2173 Andromedam
694 2154 758 2174 am-

102 2189 202 2226 biens,
218 2190 260 2221 iv.
273 2190 346 2221 357.
381 2190 457 2226 Dat,
470 2197 621 2232 tanquam
636 2202 759 2229 munus,

103 2249 152 2275 ea,
163 2239 195 2269 in
210 2249 340 2280 quorum
355 2240 536 2270 societatem
550 2246 680 2271 ventura
694 2248 760 2271 erat

104 2288 218 2329 conjux
234 2289 346 2318 futura.
379 2287 488 2318 Mirari
504 2288 589 2324 licet,
605 2289 759 2329 placuisse

103 2336 234 2367 Heinsio
256 2342 287 2366 et
307 2337 498 2372 Burmanno,
514 2336 596 2377 quod
620 2336 652 2367 in
669 2338 758 2368 Grae-

104 2385 196 2416 viano
212 2385 303 2415 MSS.
322 2384 445 2425 legitur,
461 2396 659 2425 summamque
681 2387 758 2416 labo-

104 2445 172 2464 rum
184 2446 195 2471 ,-
219 2434 333 2464 etenim
347 2445 460 2464 summa
476 2435 608 2464 laborum
623 2435 672 2465 vel
693 2435 759 2465 uni-

104 2493 207 2514 versos
221 2483 342 2513 labores
353 2482 520 2523 significat,
532 2483 579 2514 vel
590 2484 760 2514 maximum

104 2531 251 2562 laborem.
295 2530 357 2561 Sed
382 2531 535 2573 Dejanira
562 2531 701 2572 profecto
729 2537 760 2562 et

105 2579 188 2611 hunc
217 2586 249 2610 et
277 2579 346 2610 illos
373 2580 556 2610 recusasset.
604 2580 757 2617 Nouercae,

105 2627 250 2664 Junonis,
277 2638 341 2668 qua
364 2628 554 2669 postulante,
567 2628 760 2669 Eurystheus

107 2676 276 2707 Herculem
297 2676 335 2707 ad
357 2676 478 2707 labores
496 2677 571 2708 istos
588 2676 735 2717 adegerat
751 2689 760 2715 3

829 1023 958 1059 Seneca,
983 1023 1079 1053 Herc.
1104 1022 1177 1052 Fur.
1201 1022 1254 1052 34.
1276 1023 1327 1053 41.
1374 1023 1489 1053 Nover-

830 1072 906 1101 cales
921 1073 1054 1101 stimulos
1071 1076 1160 1101 vocat
1176 1070 1379 1107 Claudianus,
1396 1071 1437 1101 R.
1452 1071 1488 1101 P.

829 1119 863 1149 ii.
880 1120 967 1160 praef.
986 1120 1038 1150 '29-
1085 1120 1245 1158 Superare,
1270 1120 1393 1160 exequi.
1444 1120 1491 1150 Ea

819 1170 909 1207 jussa
932 1168 1086 1198 Hercules
1110 1168 1175 1209 ipse
1192 1178 1256 1198 ver.
1275 1168 1315 1199 69
1336 1179 1407 1210 sqq.
1427 1169 1487 1198 182

829 1227 897 1258 sqq.
914 1222 1067 1248 recenset.

877 1267 924 1296 16.
952 1266 1051 1306 Turpe
1083 1266 1192 1301 Deum,
1218 1265 1295 1306 etc.]
1323 1265 1488 1307 Attempe-

830 1320 899 1345 rata
913 1320 960 1345 est
974 1315 1042 1345 haec
1058 1314 1189 1345 Acheloi
1208 1314 1305 1344 oratio
1321 1314 1486 1355 cupiditati

829 1363 927 1404 proci,
953 1363 1089 1404 puellum
1117 1362 1304 1400 ambientis3
1332 1373 1403 1393 suas
1426 1362 1488 1393 vir-

830 1417 912 1442 tutes
933 1411 1145 1445 commendat,
1171 1410 1275 1441 rivalis
1298 1416 1402 1441 autem
1420 1411 1488 1441 lau-

830 1460 885 1490 des
908 1460 1057 1491 invidiose
1086 1459 1209 1490 minuit.
1256 1460 1398 1490 Nondum
1422 1467 1488 1490 erat

829 1510 880 1539 ille
898 1510 1000 1546 Deus,·
1024 1507 1209 1540 ἀποθέωσιν
1231 1509 1297 1550 ejus
1319 1509 1416 1539 habes
1438 1509 1485 1539 in-

829 1558 886 1593 fra,
905 1558 978 1588 240.
1025 1558 1077 1587 Me
1097 1559 1193 1587 cernis
1219 1568 1315 1598 regem
1338 1567 1392 1598 pro
1412 1556 1486 1587 sim-

827 1605 913 1647 plici,
928 1616 996 1636 sum
1020 1616 1083 1642 rex,
1100 1606 1172 1646 quia
1190 1616 1292 1636 coram
1312 1605 1379 1636 haec
1402 1605 1487 1636 dice-

828 1655 892 1685 bat.
931 1655 1073 1684 Cursibus
1086 1655 1210 1694 obliquis
1226 1659 1346 1684 tantum
1360 1659 1487 1685 ornatus

828 1712 923 1733 causa
936 1702 1090 1733 additum.

875 1752 923 1781 19.
954 1751 1018 1781 Nec
1045 1762 1138 1792 gener
1166 1752 1273 1790 hospes,
1299 1751 1378 1791 etc.]
1404 1751 1485 1782 Cum

828 1800 938 1839 hospite
950 1799 1014 1831 sive
1030 1801 1152 1830 advena
1165 1799 1394 1830 matrimonium
1409 1800 1487 1831 inire

828 1859 982 1879 summum
1002 1849 1140 1879 dedecus
1161 1848 1244 1890 apud
1260 1850 1399 1879 Graecos.
1443 1849 1485 1878 E-

828 1897 903 1927 tiam
934 1897 967 1927 in
997 1899 1050 1927 tibi
1080 1900 1182 1928 missus
1209 1897 1327 1938 aliquid
1356 1896 1483 1928 invidiae

828 1951 895 1983 est3
932 1951 963 1977 et
999 1949 1057 1977 oris
1090 1947 1293 1987 contemptim
1330 1945 1482 1982 additum,

828 1993 917 2035 quasi
943 1994 1087 2030 nesciret,
1110 1994 1193 2024 unde
1219 2000 1300 2024 esset
1322 1994 1485 2026 Hercules.

829 2043 1000 2082 Popularis,
1026 2042 1178 2085 δημότης,
1197 2043 1251 2083 qui
1273 2048 1320 2073 est
1344 2043 1484 2084 ejusdem

827 2092 946 2133 populi.
990 2093 1106 2123 Rerum
1122 2099 1256 2128 taetrum,
1270 2092 1356 2133 regni
1378 2092 1435 2128 tui,
1452 2098 1486 2123 ut

827 2140 879 2171 vii.
895 2142 976 2172 509:
994 2140 1046 2171 sed
1065 2140 1250 2177 Gronovius,
1260 2141 1424 2172 Observat.
1438 2140 1482 2172 iv.

827 2200 857 2231 p.
868 2190 940 2220 706.
956 2201 1001 2220 res
1016 2190 1073 2220 hoc
1089 2190 1156 2220 loco
1172 2189 1392 2230 interpretatur
1408 2190 1481 2220 sub-

827 2238 927 2268 ditos:
954 2238 998 2268 sic
1022 2248 1108 2273 sane,
1130 2237 1181 2268 vii.
1205 2239 1280 2269 522.
1302 2249 1390 2277 pars:
1415 2238 1482 2268 He-

826 2286 903 2317 roid.
929 2286 972 2317 iii.
996 2287 1048 2317 46.
1071 2288 1179 2325 patiiae
1200 2297 1271 2325 pars
1295 2297 1347 2327 ego
1372 2297 1483 2327 magna

826 2346 915 2371 meae‚·
953 2335 1044 2371 infra,
1075 2336 1117 2366 xi.
1146 2336 1220 2366 216.
1251 2346 1321 2374 pars
1351 2337 1481 2366 militiae.

831 2383 917 2421 Una5
943 2382 1156 2419 Lovaniensis,
1173 2394 1244 2422 pars
1264 2385 1363 2422 priva,
1384 2383 1417 2414 id
1437 2388 1485 2414 est

825 2433 958 2474 propria,
974 2432 1057 2473 quod
1081 2434 1279 2463 Burmannus
1300 2442 1362 2462 non
1383 2432 1483 2462 credit

826 2481 866 2511 ab
882 2481 1005 2511 indocto
1027 2481 1152 2511 librario
1167 2481 1339 2522 profectum
1353 2492 1362 2519 ;
1385 2480 1430 2512 ita
1445 2481 1482 2511 il-

825 2529 891 2559 lum
920 2528 1035 2564 dicere,
1064 2540 1096 2560 se
1127 2535 1226 2560 totum
1255 2539 1324 2560 esse
1354 2529 1385 2560 in
1414 2530 1482 2571 ejus

825 2588 919 2618 regno
935 2584 966 2607 et
982 2577 1110 2608 ditione.
1142 2579 1259 2609 Verum
1275 2578 1407 2609 Ovidius
1421 2588 1482 2610 non

826 2632 910 2658 amat
927 2626 1077 2657 obsoleta.

870 2676 922 2706 21.
947 2675 1078 2706 Tantum
1098 2686 1134 2706 ne
1158 2682 1271 2711 noceat,
1296 2676 1375 2716 εἴα]
1399 2676 1480 2707 Satis
