1779 3130
361 162 982 205 METAMORPHOSEON
1015 163 1135 204 LIB.
1169 164 1306 206 VIII.
1472 169 1528 208 45

145 278 350 340 Spretor
375 285 493 333 erat,
516 278 798 340 mentisque
824 277 964 324 ferox
992 277 1168 325 Ixione
1194 287 1367 333 natus;

144 360 173 377 “
197 353 336 401 Ficta
355 354 523 409 refers,
541 354 850 416 nimiumque
866 360 1030 417 putaS,
1044 353 1280 409 Acheloe,
1300 362 1528 418 potentes

143 429 269 477 Esse
293 431 479 485 Deos‚’'
497 430 641 485 dixit,
666 437 695 454 ‘⁴
715 430 755 476 si
775 430 896 476 dant
915 430 1240 492 adimuntque
1260 431 1493 492 figuras.''

143 506 463 569 Obstupuere
483 522 678 562 omnes3
709 522 799 553 nec
821 505 940 552 talia
958 505 1093 552 dicta
1112 507 1406 568 probarunt:
1432 511 1527 555 616

141 582 273 629 Ante
300 599 574 645 omnesque
603 582 774 638 Lelex,
798 582 962 629 animo
988 590 1210 629 maturus
1235 591 1285 629 et
1309 600 1428 640 aevo,

145 659 227 705 Sic
250 659 344 706 ait:
376 659 627 706 Immensa
647 667 738 715 est,
766 659 1015 722 finemque
1042 660 1265 722 potentia
1283 662 1393 706 coeli

144 735 257 782 Non
283 736 449 791 habet,
477 743 527 782 et
559 735 798 799 quicquid
826 736 1004 799 Superi
1030 736 1244 792 voluere,
1272 744 1530 800 peractum

337 819 440 868 est3
1432 818 1527 861 619

139 888 353 951 Quoque
379 890 540 935 minus
566 889 782 944 dubites,
809 888 929 934 tiliae
955 889 1263 937 contermina
1282 905 1494 952 quercus

141 965 366 1012 Collibus
393 972 470 1011 est
495 965 746 1028 Phrygiis,
776 965 972 1012 modico
997 965 1303 1013 circumdata
1324 983 1479 1014 muro.

142 1041 257 1104 Ipse
282 1042 446 1088 locum
471 1041 592 1088 vidi:
621 1057 735 1088 nam
761 1058 840 1088 me
867 1042 1105 1105 Pelopeia
1131 1042 1362 1089 Pittheus

141 1117 282 1164 Misit
306 1118 354 1163 in
381 1133 510 1172 arva,
538 1134 627 1164 suo
653 1118 904 1180 quondam
931 1125 1137 1180 regnata
1162 1118 1371 1180 parenti.

140 1194 287 1242 Haud
308 1196 479 1258 procul
503 1195 616 1242 hinc
634 1202 888 1258 stagnum3
916 1195 1064 1242 tellus
1080 1195 1368 1242 habitabilis
1384 1195 1524 1253 olim3

141 1272 287 1319 Nunc
308 1273 530 1319 celebres
548 1273 728 1335 mergis
749 1272 1013 1335 fulicisque
1031 1272 1334 1336 palustribus
1360 1273 1525 1320 undae.

136 1348 334 1412 Jupiter
358 1350 470 1404 huc,
498 1349 666 1412 specie
692 1349 902 1404 mortali,
924 1364 1139 1410 cumque
1164 1355 1370 1411 parente
1429 1352 1524 1396 626

138 1425 290 1473 Venit
313 1425 628 1473 Atlantiades
654 1426 832 1490 positis
858 1425 1109 1473 caducifer
1134 1426 1240 1472 alis,

181 1575 256 1605 616.
285 1575 488 1614 Obstupuere5
514 1585 594 1604 unus
618 1574 796 1610 Mediceus,

137 1626 334 1663 obstrepuere,
349 1623 443 1664 quod,
459 1622 534 1664 quia
550 1622 797 1664 indignationem

137 1671 266 1708 indicat,
292 1672 443 1713 optimum
460 1671 583 1702 videtur
607 1672 798 1702 Burmanno.

138 1721 232 1762 Regii
247 1721 276 1751 A
293 1726 324 1751 et
340 1721 380 1751 B.
395 1722 579 1760 obstupuere.
626 1720 686 1750 Hic
704 1720 800 1750 affec-

137 1777 187 1801 tus
209 1769 318 1800 amicis
340 1769 581 1800 convivantibus
598 1768 709 1799 melius
724 1779 799 1800 con-

137 1818 241 1849 venire
258 1818 390 1854 videtur,
407 1828 503 1859 quain
532 1817 708 1858 indignatio
732 1829 797 1849 sur-

136 1867 237 1908 gendo
247 1866 508 1907 reclamandoque
519 1866 652 1908 prodita,
667 1877 736 1907 quae
752 1873 799 1898 est

136 1916 167 1946 in
182 1917 280 1947 altera
294 1916 426 1946 lectione
439 1916 620 1946 Burmanno
634 1916 775 1957 probata.

180 1966 254 1996 617.
266 1967 374 1996 Animo
390 1972 527 1995 maturus
542 1971 568 1994 et
585 1976 654 2001 arvo,
665 1964 711 1995 vir
726 1975 795 2005 gra-

138 2014 183 2044 vis
206 2020 238 2044 et
255 2019 418 2045 constante
434 2019 537 2049 aetate‚
554 2013 698 2054 frequens
713 2012 796 2044 senis

138 2063 315 2105 descriptio.
361 2063 509 2094 Heinsius
535 2063 624 2093 malit
650 2065 742 2093 animi
765 2068 796 2093 et

137 2114 200 2143 aevi.
247 2112 422 2153 Utrumque
437 2111 538 2153 poetis
552 2111 583 2142 in
601 2122 657 2142 usu
670 2123 677 2149 3
694 2111 798 2142 confer

139 2162 216 2192 AEn.
242 2172 271 2191 v.
295 2161 358 2198 43;
387 2160 430 2190 ix.
453 2161 528 2191 246.
580 2161 664 2190 Hinc
689 2160 798 2200 quovis

138 2211 206 2241 loco
221 2210 314 2241 MSS.
329 2220 498 2240 consensus
511 2209 710 2251 premendus.
738 2209 798 2239 Ta-

138 2260 199 2290 lem
237 2265 341 2290 autem
377 2269 483 2289 senem
519 2264 620 2288 metus
658 2257 798 2288 Deorum

136 2308 272 2339 maxime
302 2307 404 2338 decet.
451 2307 499 2337 Sic
526 2309 581 2342 ait,
609 2317 706 2348 quum
735 2306 798 2337 fere

137 2357 285 2388 sermonis
304 2356 447 2387 clausula
467 2355 517 2392 sit,
533 2355 583 2386 hic
599 2356 632 2386 in
645 2354 797 2397 principio

137 2406 286 2438 orationis
295 2404 426 2436 offendit
437 2406 651 2436 Burmannum
663 2404 716 2446 qui
732 2415 796 2435 ma·

137 2455 184 2490 lit,
205 2455 266 2490 Vis,
289 2457 356 2491 ait,·
382 2465 516 2495 namque
538 2456 596 2484 rim
617 2460 647 2484 et
668 2460 795 2493 potesta-

139 2511 195 2535 tem
222 2505 361 2534 Deorum
388 2504 432 2534 sic
455 2504 594 2545 junxisse
624 2503 718 2534 etiam
743 2502 795 2534 Ci-

138 2563 208 2583 cero
229 2552 361 2584 videtur.
406 2552 467 2583 Sed
497 2553 609 2583 frustra
639 2552 706 2583 haec
732 2562 798 2582 mo-

139 2602 206 2632 nuit
221 2614 226 2630 :
246 2602 294 2631 Sic
310 2604 353 2632 (ιίι
370 2601 400 2632 in
414 2602 565 2643 principio
582 2601 674 2632 etiam
693 2613 722 2631 x.
739 2602 774 2631 17
789 2613 796 2638 3

141 2650 204 2680 xiii.
221 2651 303 2680 539:
328 2652 424 2691 Atque
440 2653 497 2685 ait,
515 2661 544 2681 v.
560 2651 632 2680 489.

183 2700 257 2730 620.
270 2699 352 2730 Tilioe
366 2701 547 2730 contermina
564 2709 699 2739 quercus,
716 2698 793 2737 etc-J

865 1575 1105 1605 Monumentum
1135 1572 1223 1608 facti,
1250 1583 1310 1614 quo
1339 1582 1528 1604 commemo-

865 1630 931 1654 rato
945 1623 1021 1654 fides
1038 1623 1070 1653 fit
1082 1621 1208 1653 fabulae.
1235 1623 1428 1652 Circumdari
1443 1634 1527 1653 muro

865 1673 1006 1703 solebant
1028 1672 1098 1702 loca
1117 1676 1226 1701 sancta
1250 1678 1281 1700 et
1303 1670 1526 1702 memorabilia.

868 1721 945 1760 Ipse,
963 1726 1024 1751 etc.
1047 1719 1150 1750 confer
1167 1719 1207 1750 vi.
1225 1719 1287 1749 320
1302 1729 1372 1759 sqq.
1411 1719 1527 1759 Pelops,

870 1769 986 1800 Pitthei
1012 1774 1112 1810 pater,
1128 1768 1212 1798 filius
1233 1767 1293 1798 fuit
1317 1773 1349 1797 et
1367 1778 1528 1799 successor

867 1818 1006 1853 Tantali,
1038 1817 1120 1857 regis
1152 1816 1313 1857 Phrygiae,
1345 1826 1415 1856 quae
1452 1817 1526 1847 inde

869 1868 1013 1907 Pelopeia
1027 1877 1112 1897 arva.
1157 1866 1189 1896 Is
1204 1876 1298 1906 regno
1312 1870 1440 1906 paterno
1457 1865 1526 1907 pul-

865 1927 917 1946 sus
932 1916 971 1946 ab
987 1915 1046 1951 110,
1063 1915 1094 1945 in
1111 1914 1267 1945 Graeciam
1279 1913 1366 1944 venit
1386 1920 1525 1955 tempore

864 1964 989 2000 Acrisii,
1005 1969 1036 1994 et
1060 1973 1174 1994 nomen
1198 1962 1285 1992 dedit
1299 1962 1525 2003 Peloponneso.

865 2013 947 2044 Vide
968 2012 1144 2044 Marsham.
1167 2011 1284 2043 Chron.
1299 2023 1331 2052 p.
1347 2011 1421 2041 286.
1466 2012 1526 2042 Suo

861 2064 994 2102 parenti,
1013 2061 1140 2102 Pelopi;
1157 2071 1228 2091 nam
1244 2060 1399 2095 Pittheus,
1417 2065 1451 2090 ut
1467 2072 1522 2091 no-

864 2117 930 2142 tum
944 2116 1002 2145 est.
1013 2116 1044 2141 et
1052 2110 1184 2140 Troezen
1197 2108 1322 2150 Pelopis
1337 2109 1391 2138 filii
1407 2109 1501 2140 fuere.

908 2160 982 2191 625.
1022 2159 1238 2194 Palustrib1133
1277 2157 1382 2187 confer
1419 2158 1523 2198 Virgi-

864 2208 953 2245 lium,
979 2208 1094 2249 Georg.
1110 2207 1132 2238 i.
1151 2208 1210 2237 361
1233 2217 1301 2247 sqq.
1321 2206 1374 2236 ubi
1399 2209 1523 2238 marinae

854 2259 991 2299 saliere,-
1016 2268 1077 2298 quo
1100 2257 1168 2287 loco
1189 2262 1219 2286 et
1239 2255 1314 2297 ipsae
1330 2266 1401 2286 curn
1417 2259 1525 2298 mergis

865 2307 1106 2348 conjunguntur,
1122 2304 1161 2335 de
1179 2304 1293 2345 quibus
1314 2304 1355 2334 xi.
1371 2305 1433 2335 793
1449 2316 1520 2347 sqq.

865 2357 988 2396 Jupiter
1002 2355 1034 2385 in
1049 2354 1136 2386 terris
1152 2354 1316 2385 ambulans
1333 2354 1523 2385 Mercurium

864 2416 969 2436 secum
992 2404 1104 2435 ducere
1126 2404 1254 2434 solebat.
1299 2403 1418 2433 Ambos
1432 2405 1475 2434 sic
1492 2410 1523 2435 et

866 2454 1000 2496 Hyrieus
1014 2452 1146 2494 hospitio
1161 2452 1295 2493 excepit.
1334 2452 1418 2481 Fast.
1436 2452 1520 2483 dicto

865 2504 953 2540 loco3
977 2502 1130 2543 Hyginus,
1159 2502 1197 2532 P.
1220 2501 1260 2531 A.
1287 2500 1319 2531 ii.
1345 2502 1396 2531 34.
1442 2502 1520 2533 Inde

865 2551 1035 2582 intel.Act.
1049 2550 1111 2581 xiv.
1125 2551 1173 2580 12.
1187 2552 1270 2585 Sera,
1281 2550 1370 2585 obeX,
1382 2552 1520 2591 μοχλὸς,

864 2602 983 2643 lignum
1006 2600 1151 2631 ferratum
1168 2606 1200 2630 et
1215 2600 1295 2630 vecti
1311 2599 1422 2635 simile,
1438 2601 1520 2641 quod

864 2650 1037 2692 oppositum
1051 2649 1165 2680 soiibus
1179 2660 1236 2679 non
1248 2649 1366 2679 sinebat
1380 2659 1432 2680 eas
1447 2659 1518 2691 ape-

865 2709 925 2728 riri.
