1779 3130
382 170 1000 214 METAMORPHOSEON
1033 170 1152 212 LIB.
1186 170 1277 211 XI.
1437 170 1523 212 229

144 286 351 334 Consilii
375 293 540 333 tamen
565 292 679 333 ante
705 285 795 340 sui,
822 285 1076 340 fidissima,
1104 291 1290 331 certam
1424 286 1521 332 415

141 363 212 410 Te
237 364 370 418 facit,
398 362 686 425 Halcyone:
727 361 805 407 cui
830 361 1054 424 protinus
1079 360 1252 407 intima
1274 360 1427 423 frigus

143 440 275 486 Ossa
298 445 605 502 receperunt,
633 439 870 499 buxoque
896 437 1174 483 simillimus
1199 452 1283 483 ora

141 515 310 561 Pallor
334 515 453 569 obit,
471 513 788 575 lacrimisque
814 528 952 574 genae
977 513 1210 559 maduere
1236 512 1466 575 profusis.

140 589 237 636 Ter
261 597 437 637 conata
461 589 614 652 loqui,
642 596 715 636 ter
740 588 939 635 fletibus
966 604 1051 635 ora
1075 588 1277 650 rigavit3

143 665 475 727 Singultuque
500 667 607 728 pias
633 665 1022 727 interrumpente
1047 664 1292 726 querelas,
1428 667 1525 711 420

143 747 172 766 ‘⁶
197 741 319 795 Quae
336 758 447 789 mea
462 743 611 805 culpa
625 741 809 795 tuam‚''
822 741 964 796 dixit,
980 746 1010 764 “
1023 740 1294 797 carissime,
1306 747 1525 788 mentem

140 818 336 865 Vertit?
363 819 445 865 ubi
469 827 559 874 est,
584 835 693 881 quae
719 834 837 865 cura
861 818 957 864 mei
983 817 1118 880 prius
1143 833 1253 864 esse
1279 817 1502 864 solebat?

141 894 255 942 Jam
276 902 418 959 potes
445 895 707 959 Halcyone
733 911 935 942 securus
961 895 1136 941 abesse
1161 893 1359 950 relicta3

141 970 171 1016 J
177 987 255 1017 am
279 971 357 1017 via
380 972 527 1033 longa
550 973 743 1034 placet3
766 973 871 1034 jam
898 987 1007 1017 sum
1031 970 1120 1016 tibi
1146 970 1302 1016 carior
1326 970 1523 1016 absens.

144 1047 211 1093 At
229 1054 348 1110 puto
368 1063 454 1110 per
470 1055 624 1094 terras
650 1047 741 1094 iter
761 1054 853 1103 est,
871 1054 1169 1109 tantumque
1183 1046 1361 1093 dolebo
1379 1064 1389 1102 3
1428 1048 1525 1091 425

146 1123 260 1170 Non
286 1123 434 1170 etiam
460 1131 705 1179 1netuam3
746 1139 979 1185 curaeque
1005 1123 1179 1169 timore
1203 1123 1458 1168 carebunt.

145 1200 366 1262 AEquora
390 1217 468 1247 me
495 1207 695 1255 terrent,
724 1207 774 1246 et
797 1200 937 1262 ponti
962 1199 1114 1246 tristis
1141 1198 1330 1260 imago:

146 1275 211 1322 Et
235 1277 422 1323 laceras
449 1293 605 1339 nuper
628 1276 822 1322 tabulas
845 1276 894 1321 in
913 1276 1055 1322 litore
1075 1275 1174 1321 vidi
1193 1293 1202 1331 3

147 1352 213 1399 Et
236 1369 370 1416 saepe
395 1353 443 1399 in
468 1353 669 1399 tumulis
695 1353 800 1399 sine
826 1367 1029 1416 corpore
1056 1351 1256 1398 nomina
1279 1350 1393 1413 legi.

187 1490 260 1520 416.
273 1490 439 1530 Halcyone,
453 1489 537 1520 AEoli
553 1494 584 1520 et
597 1489 737 1530 iEgiales
750 1495 805 1520 aut

146 1538 296 1568 Euaretes
311 1539 394 1575 filia3
415 1538 570 1580 Hyginus,
587 1538 804 1579 Apollodorus.

146 1587 192 1617 Ea
210 1587 275 1628 jam
299 1594 328 1617 et
348 1587 443 1623 dolet,
460 1593 490 1617 et
512 1587 633 1622 metuit,
653 1594 684 1618 et
704 1587 804 1618 deter-

146 1641 205 1665 ret.
263 1635 349 1666 Baio
377 1637 556 1666 simillimus.
591 1637 666 1666 Vid.
692 1636 731 1666 ad
761 1636 804 1666 iv-

151 1685 220 1714 134.
284 1685 390 1715 Pallor
417 1686 498 1721 offic,-
538 1691 680 1726 occupat,
711 1690 745 1715 ut
781 1684 804 1715 i.

148 1734 221 1763 532.

192 1783 265 1812 421.
283 1782 355 1816 Qaae
371 1794 431 1812 mea
448 1783 638 1823 culpa,etc.]
659 1783 806 1813 Dolorem

146 1831 434 1872 exprobrationibus
453 1838 483 1861 et
506 1830 732 1872 suspicionibus
753 1831 805 1861 de-

148 1879 256 1914 clarat,
277 1880 433 1910 verissime
454 1879 580 1920 quidem
600 1890 615 1909 e
641 1885 750 1910 natura
773 1890 805 1910 a-

146 1928 311 1958 mantium.
361 1929 467 1959 Vertit.
488 1929 630 1964 mutavit,
647 1928 805 1959 abaliena-

148 1976 193 2007 vit
215 1988 232 2006 a
256 1987 316 2007 uie.
361 1977 509 2007 Heinsius
529 1988 617 2007 suum
640 1977 697 2007 Eia
717 1977 806 2017 (vide

149 2025 188 2055 ad
204 2026 244 2056 vi.
260 2025 350 2065 640.)
368 2026 417 2057 hic
433 2037 557 2067 quoque
577 2025 709 2056 inserere
726 2026 807 2055 vole—

147 2075 220 2104 bat:
239 2085 335 2115 quum
350 2074 383 2105 in
393 2086 482 2105 versu
496 2074 648 2115 superiore
665 2085 718 2115 pro
731 2076 807 2104 dizit

150 2123 345 2154 Florentinus
368 2124 495 2154 haberet
522 2125 620 2158 vertit,
647 2123 704 2153 hoc
730 2123 807 2154 reci-

149 2172 297 2213 piendum
313 2173 445 2213 putabat
469 2178 499 2202 et
513 2172 625 2202 deinde
640 2172 806 2211 legendum

154 2221 211 2250 Eia
229 2222 350 2259 ubijam
363 2232 435 2261 quae,
451 2225 511 2250 etc.
550 2222 633 2250 Cura
649 2226 695 2250 est
712 2231 806 2251 amor.

150 2269 289 2304 Securm,
311 2269 376 2300 sine
400 2279 484 2304 cura,
508 2268 582 2309 quid
608 2269 661 2299 fiat
689 2269 805 2299 relictae

149 2316 287 2358 conjugi.

193 2366 266 2396 425.
295 2367 335 2395 At
361 2371 453 2404 pulo:
486 2365 558 2396 vide
594 2365 633 2396 ad
668 2365 702 2396 ii.
733 2365 805 2396 566.

152 2414 250 2449 Curae,
278 2414 475 2445 desiderium.
520 2414 633 2456 Imago,
659 2414 806 2455 cogitatio

149 2462 246 2503 ponti,
271 2473 363 2503 quem
394 2462 469 2492 mihi
494 2469 565 2493 ante
588 2463 693 2493 oculos
714 2472 804 2504 pono,

149 2510 181 2541 in
205 2521 266 2552 quo
290 2521 383 2552 srepe,
399 2511 493 2541 etiam
517 2521 627 2552 nuper,
645 2511 807 2551 naufragia

150 2559 235 2589 facta
255 2559 395 2600 cognovi.
439 2559 578 2595 Tacitus,
600 2560 681 2590 Hist.
696 2560 736 2590 iv.
752 2561 804 2590 58.

153 2607 265 2637 Horret
284 2610 401 2638 animus
422 2610 633 2650 tantiflagilit'
656 2611 805 2649 &augium

153 2655 313 2696 Virgilius,
330 2658 404 2687 AEn.
417 2657 458 2687 iv.
475 2659 547 2688 405.
561 2659 681 2697 pietatis
702 2660 807 2698 imago.

152 2703 202 2733 Ita
217 2710 247 2734 et
259 2714 351 2745 supra
368 2704 429 2735 viii.
445 2705 518 2735 508.
553 2705 660 2735 Metus
675 2704 725 2735 bic
741 2715 807 2736 mu—

871 1489 958 1520 liebri
983 1488 1012 1519 iu
1037 1489 1143 1531 primis
1167 1489 1269 1524 animo
1290 1488 1445 1519 convenit.
1490 1489 1528 1519 In

873 1540 978 1567 laceris
1012 1539 1121 1567 tabulis
1159 1547 1218 1567 non
1247 1536 1381 1567 debebat
1414 1537 1529 1568 haerere

872 1587 1009 1621 Safftius,
1031 1587 1084 1627 qui
1104 1585 1205 1621 vertit,
1226 1587 1274 1615 die
1295 1586 1530 1626 veijjliimmelten

874 1637 1053 1667 Gemaelzlde
1079 1647 1134 1665 von
1171 1634 1406 1675 Schiff'briiclien.
1452 1635 1531 1672 Quis

873 1685 953 1715 enim
971 1694 1031 1713 non
1046 1683 1142 1719 videt,
1158 1693 1224 1713 esse
1243 1684 1355 1714 fractas
1377 1683 1464 1714 navis
1479 1690 1526 1714 ta-

872 1733 963 1762 bulas
982 1738 1012 1762 et
1032 1733 1063 1762 in
1087 1732 1160 1762 litus
1184 1732 1323 1773 ejectas?
1349 1732 1531 1773 Naufragis,

871 1782 1057 1822 omninoque
1079 1780 1218 1815 mortuis,
1244 1791 1374 1822 quorum
1402 1791 1530 1822 corpora

872 1829 997 1871 reperiri
1026 1840 1085 1859 non
1112 1834 1265 1870 poterant,
1292 1830 1402 1859 tumuli
1424 1828 1531 1860 inanes

874 1878 973 1908 extrui
1001 1878 1159 1908 solebant:
1185 1877 1255 1907 vide
1270 1878 1311 1908 vi.
1326 1879 1399 1908 568.
1444 1879 1529 1908 Prte-

874 1926 932 1956 fert
961 1926 1108 1956 Heinsius
1137 1936 1174 1955 ex
1205 1926 1302 1967 primo
1327 1925 1473 1956 Mediceo
1498 1930 1529 1957 in

875 1977 982 2006 titulis.
1026 1976 1097 2005 Sine
1114 1985 1223 2013 causa3
1245 1974 1357 2005 tumuli
1373 1975 1531 2005 habebant

874 2025 990 2060 titulos,
1014 2035 1086 2065 ergo
1108 2024 1203 2054 etiam
1230 2027 1361 2055 nomina.
1408 2025 1531 2056 Laudat

875 2075 1072 2104 Burmannus
1102 2084 1117 2103 e
1148 2073 1282 2110 Quintil.
1313 2074 1390 2104 Inst.
1417 2074 1471 2104 vii.
1499 2076 1530 2105 3.

877 2123 991 2152 Nomen
1021 2123 1145 2157 tumulo,
1175 2133 1257 2161 quem
1282 2122 1330 2163 (in
1354 2122 1459 2159 litore)
1482 2134 1529 2153 ei*-

875 2177 1043 2206 truseraut,
1070 2172 1296 2210 inscripserzmt.
1334 2171 1395 2201 Sed
1418 2171 1532 2202 Noster

874 2230 997 2260 quoque
1024 2219 1167 2260 exempla
1200 2219 1379 2260 suppeditat
1407 2219 1531 2250 similia.

873 2269 950 2299 Mox
976 2280 1038 2299 ver.
1069 2269 1148 2298 706:
1186 2268 1224 2298 In
1250 2270 1531 2309 sepulcro—junget

875 2328 924 2346 nos
945 2318 1056 2353 literaj
1081 2316 1136 2346 xii.
1159 2318 1188 2347 2.
1212 2318 1328 2346 tumulo
1348 2328 1458 2356 quoque
1477 2329 1529 2346 ηο-

873 2376 938 2395 men
961 2366 1091 2395 habenti.
1136 2364 1280 2400 Accedit,
1304 2364 1386 2405 quod
1407 2364 1531 2395 additur

1149 2413 1297 2443 Heinsius
1320 2412 1407 2443 malit
1435 2413 1530 2444 etiam

871 2464 934 2492 sine
962 2464 1078 2492 nomine
1100 2473 1233 2500 corpora,
1259 2466 1293 2491 ut
1318 2460 1531 2501 intelligantur

874 2511 1015 2551 naufragi
1033 2517 1102 2552 post
1121 2511 1152 2540 in
1177 2510 1250 2540 litus
1270 2510 1360 2551 ejecti
1380 2516 1410 2540 et
1430 2509 1463 2540 iu
1483 2510 1529 2551 ig-

875 2565 947 2590 nota
968 2570 1021 2589 ora
1042 2565 1129 2589 terrae
1156 2559 1305 2590 mandati.
1348 2558 1410 2588 Sed
1433 2559 1531 2590 recla-

872 2416 935 2443 εἰπε
963 2425 1090 2453 corpore.

874 2614 959 2639 mant
973 2618 1080 2638 omnes
1094 2608 1173 2638 Cod.
1188 2614 1218 2638 et
1233 2607 1344 2638 durum
1360 2606 1447 2642 foret,
1463 2619 1529 2637 cor-

873 2668 946 2695 pom
978 2657 1047 2697 legi.
1091 2656 1175 2686 Illud
1204 2662 1307 2686 autem
1337 2666 1391 2685 nos
1418 2655 1529 2686 morari

877 2716 936 2735 nin
953 2705 1056 2741 debet,
1071 2705 1155 2746 quod
1169 2705 1236 2736 istis
1252 2704 1440 2746 temporibus
1455 2715 1529 2735 non-
