1779 3130
414 460 475 514 P.
518 460 777 511 OVIDi]
826 461 1174 513 NASONIS

191 598 1397 659 METAMORPHOSEON

382 741 575 781 LIBER
613 741 1220 789 DECIMUS-QUINTUS.

663 872 921 904 4

158 982 216 1022 JV.
238 982 292 1022 B.
332 981 644 1037 Argumentum
666 983 792 1037 hujus
815 983 908 1024 libri
931 984 1079 1024 decimi
1103 985 1236 1038 quinti
1259 985 1490 1026 Metamor-

106 1059 314 1113 phoseon‚
352 1060 529 1101 relatum
571 1061 759 1102 invenies
798 1062 839 1101 in
880 1063 987 1102 serie
1027 1061 1250 1112 CANTERI,
1290 1070 1389 1104 tom.
1431 1064 1487 1104 iii.

102 1151 200 1190 pag.
224 1138 292 1178 60.

719 1251 773 1280 ΡΑ
787 1252 825 1281 Β.
850 1251 876 1280 Ι.

107 1347 513 1415 QUAERITUR
539 1360 740 1416 interea,
768 1361 852 1423 qui
880 1368 1031 1408 tantae
1058 1362 1276 1423 pondera
1301 1362 1442 1408 molis

106 1435 378 1490 Sustineat,
406 1443 642 1499 tantoque
670 1444 820 1499 queat
844 1437 1111 1484 succedere
1135 1438 1254 1499 regi.

107 1511 338 1559 Destinat
364 1512 569 1575 imperio
593 1513 779 1560 clarum
805 1512 1079 1576 praenuntia
1105 1513 1204 1560 veri

107 1588 260 1635 Fama
287 1588 532 1636 Numam:
574 1606 670 1636 non
697 1589 778 1636 ille
805 1590 924 1637 satis
951 1591 1190 1651 cognosse
1219 1590 1415 1636 Sabinae

152 1732 267 1762 1—59.
294 1731 449 1771 Myscelos‚
465 1737 627 1773 postquam
646 1732 763 1762 Hercu-

106 1779 144 1809 lis
170 1790 296 1810 munere
320 1779 480 1810 absolutus
507 1786 572 1810 erat
601 1791 618 1810 a
646 1780 766 1811 civibus

105 1828 179 1864 suis,
203 1828 234 1858 in
262 1828 388 1858 Italiam
417 1827 633 1869 proficiscitur,
660 1829 765 1869 ibique

109 1877 239 1906 Crotona
263 1877 369 1906 urbem
394 1875 512 1912 condit,
531 1887 625 1917 quarn
648 1877 765 1918 Pytha-

106 1936 196 1966 goras
233 1924 343 1955 studiis
385 1925 448 1955 suis
485 1925 637 1956 nobilitat.
682 1926 767 1956 Inest

108 1973 364 2014 metamorphosis
386 1980 519 2004 nti-oriem
543 1975 716 2013 lapillorum
736 1977 766 2004 in

108 2023 200 2053 albos.
245 2023 282 2052 ln
308 2022 461 2052 narranda
484 2022 627 2053 Crotonis
650 2022 766 2063 origine

109 2069 242 2101 Ovidius
262 2070 337 2100 alios
356 2076 498 2100 auctores
519 2076 642 2101 secutus
658 2077 714 2106 est,
732 2081 767 2101 ac

109 2129 162 2150 nos
178 2119 339 2149 habemus.
376 2119 435 2152 Qui
452 2124 533 2149 recte
550 2119 587 2149 ab
604 2119 713 2149 Heins.
729 2129 766 2149 ex

110 2169 215 2198 Oxon.
232 2168 304 2197 MS.
327 2173 486 2208 receptum
511 2178 577 2208 pro,
600 2170 674 2207 quis.
720 2167 769 2197 Ita

110 2216 193 2247 euim
207 2227 337 2255 quoerere
355 2221 401 2246 est
421 2215 670 2257 circumspicere,
687 2216 768 2256 quod

109 2275 191 2295 curae
211 2265 423 2294 Romanorum
445 2265 543 2294 multo
565 2264 676 2294 melius
698 2275 770 2294 con-

110 2313 206 2348 venit,
233 2323 326 2353 quam
355 2313 451 2343 altero
483 2323 586 2348 sensu,
616 2313 770 2347 Qua-ritm-

110 2363 187 2401 qnis.
234 2361 327 2402 Regii
357 2360 450 2391 nostri
479 2362 580 2396 ambo,
604 2366 638 2391 ut
665 2371 771 2391 omnes

111 2410 164 2440 alii
182 2415 293 2451 praeter
314 2409 534 2444 Oxoniensem,
552 2410 665 2440 habent
685 2412 770 2449 quis5

111 2457 164 2488 sed
187 2457 348 2498 probanda
368 2464 414 2487 est
435 2458 611 2488 emendatio
628 2457 767 2488 Heinsii:

113 2506 223 2536 eodem
254 2516 345 2536 sensu
371 2505 547 2542 Terentius,
573 2506 653 2537 Eun.
675 2505 716 2536 iv.
741 2507 771 2536 7.

116 2555 256 2588 Quaerere
271 2556 321 2594 qui
336 2556 519 2593 respondeat.
557 2554 700 2585 Graviter
717 2564 771 2584 au-

114 2609 177 2633 tem
202 2602 353 2644 expressit
375 2602 461 2644 regni
485 2613 585 2638 curas,
608 2605 658 2643 qui
683 2608 772 2632 tnntae

114 2653 258 2691 pondera,
275 2658 335 2682 etc.
350 2661 529 2692 quanquam
548 2651 650 2682 tenuis
671 2651 772 2681 adhuc

118 2706 190 2730 tunc
208 2699 352 2740 temporis
366 2710 414 2729 res
428 2700 584 2729 Romana.
627 2699 774 2728 Similiter

834 1733 929 1763 (luces
945 1733 1012 1762 belli
1028 1733 1129 1763 molem
1145 1734 1288 1763 sustinere
1305 1732 1461 1763 dicuntur.

877 1782 906 1811 3.
930 1782 1057 1820 Imperio
1072 1782 1217 1821 clarium]
1244 1781 1307 1811 Sixi
1325 1781 1421 1812 codex
1439 1784 1491 1812 im-

831 1832 912 1869 perio
929 1829 1030 1859 Latio.
1050 1830 1186 1864 Clarum,
1203 1829 1353 1870 inclytum
1370 1830 1493 1870 justitia

835 1884 863 1908 ct
881 1878 1040 1919 religione,
1056 1877 1317 1908 consultissimum
1333 1878 1431 1909 omnis
1446 1879 1492 1909 di-

835 1926 895 1956 vini
919 1932 950 1956 et
974 1925 1100 1955 humani
1120 1925 1209 1966 juris.
1256 1926 1374 1961 Livius,
1399 1926 1419 1957 i.
1443 1928 1492 1957 18.

835 1975 914 2004 Satis
938 1975 1034 2009 habet,
1059 1974 1112 2014 qui
1138 1974 1308 2014 acquiescit
1332 1985 1363 2004 in
1390 1975 1491 2015 aliqua

835 2033 888 2060 re;
911 2022 981 2052 vide
1001 2021 1140 2052 Cortium
1163 2021 1202 2051 ad
1222 2021 1402 2052 Sallustium
1419 2024 1494 2062 Jug.

836 2071 990 2101 xxxi.20.
1038 2070 1233 2100 Describitur
1257 2070 1414 2110 ingenium
1440 2082 1494 2101 ex-

837 2118 965 2154 cellens,
981 2118 1064 2159 quod
1079 2128 1184 2157 sapere
1207 2119 1310 2148 studet
1326 2129 1418 2159 supra
1434 2125 1494 2150 tar-

836 2167 890 2197 dos
918 2167 1090 2208 populares.
1136 2168 1250 2196 Sabimr
1281 2169 1379 2207 gentis
1405 2170 1494 2203 ritus,

836 2215 1033 2256 disciplinam
1049 2225 1167 2245 sacram
1184 2221 1215 2245 et
1230 2215 1351 2245 civilem
1365 2216 1493 2246 Sabino-

838 2275 915 2299 rum,
932 2274 1024 2304 quam
1048 2263 1190 2294 tetricam
1215 2269 1246 2294 et
1268 2264 1384 2294 tristem
1405 2270 1494 2295 vocat

838 2312 944 2343 Livius
960 2313 992 2342 d.
1007 2312 1027 2342 l.
1054 2313 1154 2351 capas
1167 2322 1184 2341 a
1200 2312 1280 2342 vasis
1296 2313 1495 2353 amplioribus

839 2361 876 2391 ad
914 2363 1059 2395 animum,
1096 2359 1267 2400 ingenium,
1302 2360 1495 2391 translatum.

841 2410 974 2448 Mnjuru,
1002 2407 1083 2439 scitu
1112 2407 1252 2448 digniora
1286 2413 1317 2438 et
1345 2408 1496 2448 graviora.

840 2458 986 2496 Concipit,
1017 2456 1094 2487 scire
1131 2455 1246 2486 studet.
1295 2457 1494 2497 Frequenter,

837 2505 892 2536 sed
921 2506 1004 2536 vario
1037 2515 1140 2540 sensu,
1169 2505 1282 2535 Noster
1316 2505 1372 2535 hoc
1403 2506 1495 2536 verbo

839 2555 947 2584 utitur.
994 2554 1147 2593 Requirit,
1179 2564 1361 2593 cognoscere
1397 2554 1495 2595 cupit,

840 2614 901 2642 (μω)
928 2605 965 2632 sit
994 2613 1094 2632 rerum
1123 2608 1246 2637 natura,
1271 2601 1493 2644 philosophiam

840 2651 997 2685 Gra‘cam,
1025 2660 1094 2690 quae
1124 2650 1302 2680 versabatur
1334 2650 1363 2680 in
1397 2660 1494 2680 rerum

843 2705 951 2729 natura
967 2699 1163 2739 explicanda.
