1779 3130
243 185 329 225 414
623 181 674 222 Ρ.
707 179 919 221 OVIDII
950 179 1230 221 NASONIS

249 298 316 344 Et
340 312 478 350 saxo,
505 293 640 357 quod
665 293 827 340 adhuc
851 293 961 341 viva
985 289 1150 341 radice
1176 300 1397 351 tenetur3

252 372 469 436 Spernit,
497 378 549 418 et
573 369 758 426 irridet,
786 369 1031 433 factisque
1057 370 1329 416 immitibus
1355 369 1494 416 addit
1542 372 1637 416 714

245 449 411 495 Verba
431 448 645 510 superba
664 447 827 503 ferox;
853 453 903 492 et
921 463 1009 509 spe
1031 462 1232 508 quoque
1252 446 1449 492 fraudat
1467 461 1635 493 aman-

245 525 361 572 Non
384 525 499 571 tulit
522 524 785 586 impatiens
812 523 944 585 longi
968 530 1214 570 tormenta
1238 523 1420 570 doloris
1492 525 1632 584 [tem.

244 602 401 665 Iphis,
426 608 476 647 et
499 607 615 647 ante
638 599 767 647 fores
792 600 898 645 liaec
922 600 1073 646 verba
1097 599 1364 646 novissima
1390 599 1544 646 dixit:

246 684 277 702 “
301 677 489 732 Vincis,
518 676 831 723 Anaxarete:
871 691 1037 738 neque
1067 682 1211 722 erunt
1241 675 1330 721 tibi
1355 676 1504 722 taedia
1528 682 1634 721 tan-

248 754 366 801 Ulla
390 753 594 800 ferenda
618 751 742 799 mei:
782 752 922 798 laetos
948 752 1120 798 molire
1146 752 1437 815 triumphos,
1501 752 1637 813 [dem

247 831 313 877 Et
337 830 522 876 Paeana
545 844 682 883 voca,
710 828 967 890 nitidaque
994 828 1245 890 incingere
1271 829 1426 875 lauro.
1543 832 1639 874 720

242 906 414 953 Vincis
435 906 583 960 enim,
604 905 888 967 moriorque
909 905 1096 961 libens;
1128 921 1235 967 age,
1259 904 1430 960 ferrea,
1454 905 1632 967 gaude.

249 983 399 1031 Certe
425 982 615 1044 aliquid
640 981 842 1027 laudare
869 981 965 1027 mei
992 981 1200 1042 cogeris,
1228 981 1422 1043 eritque

247 1059 359 1114 Quo
379 1059 469 1106 tibi
492 1059 584 1105 sim
603 1064 788 1120 gratus,
808 1058 1138 1119 meritumque
1157 1057 1376 1104 fatebere
1395 1064 1635 1105 nostrum.

249 1136 364 1182 Non
389 1143 556 1182 tamen
582 1142 696 1182 ante
722 1134 794 1180 tui
820 1150 990 1180 curam
1015 1134 1227 1180 cessisse
1252 1142 1518 1190 memento,
1543 1137 1637 1181 724

249 1212 412 1266 Quam
436 1212 616 1268 vitam3
659 1211 958 1274 geminaque
997 1211 1141 1258 simul
1174 1211 1292 1257 mihi
1325 1212 1435 1258 luce
1468 1227 1638 1258 caren-

232 1288 358 1343 ¹Nec
384 1288 473 1335 tibi
499 1288 654 1334 Fama
678 1289 772 1334 mei
799 1296 1007 1335 ventura
1033 1295 1111 1335 est
1136 1288 1309 1334 nuntia
1333 1288 1447 1335 leti:
1479 1289 1634 1350 [dum.

247 1364 366 1428 Ipse
392 1381 499 1426 ego,
528 1380 590 1411 ne
615 1364 831 1420 dubites,
861 1364 1028 1419 adero,
1055 1380 1378 1427 praesensque
1401 1364 1620 1421 videbor,

251 1442 471 1504 Corpore
496 1448 550 1487 ut
575 1440 794 1488 exanimi
821 1441 1042 1487 crudelia
1066 1441 1253 1486 lumina
1276 1456 1471 1503 pascas.

250 1518 303 1564 Si
328 1525 511 1573 tamen,
540 1533 567 1563 o
597 1517 794 1581 Superi,
823 1518 1052 1565 mortalia
1075 1516 1175 1564 sata
1197 1517 1393 1572 videtis,

248 1594 370 1641 Este
396 1595 492 1640 mei
517 1611 789 1642 memores:
830 1594 950 1640 nihil
977 1595 1107 1641 ultra
1130 1594 1301 1656 lingua
1324 1593 1514 1657 precari
1543 1597 1639 1641 730

251 1670 502 1718 Sustinet:
543 1678 592 1717 et
617 1671 764 1733 longo
789 1670 937 1717 facite
964 1678 1018 1717 ut
1043 1686 1372 1717 memoremur
1398 1670 1446 1716 in
1471 1686 1602 1728 aevo3

249 1745 331 1800 Et,
361 1762 471 1808 quae
495 1746 783 1810 dempsistis
808 1747 937 1803 vitae,
965 1747 1080 1794 date
1106 1754 1333 1811 tempora
1355 1745 1548 1794 famae.'’

249 1822 418 1879 Dixit3
460 1830 510 1869 et
535 1823 597 1869 ad
625 1831 794 1886 postes
820 1830 1019 1870 ornatos
1048 1839 1180 1887 saepe
1205 1823 1417 1879 coronis,

250 1898 530 1947 Humentes
556 1901 742 1956 oculos,
771 1907 820 1947 et
845 1901 1030 1964 pallida
1053 1901 1255 1948 brachia
1278 1901 1506 1957 tendens,

249 1974 417 2029 Quum
441 1975 627 2022 foribus
649 1977 815 2039 laquei
842 1978 1074 2039 religaret
1092 1977 1290 2024 vincula
1308 1977 1487 2024 summi
1505 1996 1515 2035 3
1543 1980 1638 2024 735

292 2117 364 2148 716.
389 2117 561 2157 Impatiens,
587 2117 639 2158 qui
665 2118 796 2158 repulsae
823 2118 909 2149 dolo-

248 2176 312 2196 rem
337 2176 398 2196 non
423 2177 511 2207 aequo
540 2167 599 2197 fert
627 2166 745 2196 animo:
772 2167 912 2208 sequitur

250 2215 574 2255 παρακλαυσίθυρον,
603 2214 634 2245 11.
660 2225 787 2246 carmen
808 2215 911 2246 flebile

251 2269 322 2293 ante
339 2264 416 2294 fores
433 2270 544 2294 amatae
560 2270 733 2295 cantatum.

293 2311 365 2342 720.
384 2312 424 2341 Et
437 2312 548 2342 Paeana
563 2313 658 2352 ronch]
684 2313 734 2342 Sic
746 2312 820 2343 alibi
833 2312 910 2343 Ovi-

252 2359 342 2390 dius:
383 2361 498 2396 Dicite,
530 2360 564 2390 Io
592 2361 697 2396 Paean,
729 2369 767 2397 et,
796 2361 843 2396 Io,
873 2362 914 2391 bis

256 2410 358 2443 dicite,
399 2409 502 2438 Paeun.
557 2408 604 2438 Ea
640 2410 846 2450 gratulatione
882 2409 914 2439 in

251 2456 416 2498 triumphis
442 2463 473 2487 et
495 2457 629 2488 victoriis
647 2458 694 2488 usi
716 2465 796 2494 sunt,
819 2463 913 2498 atque

253 2504 330 2534 adeo
356 2515 482 2546 paeanas
509 2504 613 2535 dixere
640 2507 742 2536 omnia
764 2506 911 2547 epinicia.

254 2553 418 2593 Niticiaque
434 2555 587 2594 incingere
607 2555 703 2585 lauro.
748 2555 798 2585 De
814 2557 913 2585 nitida

254 2600 324 2631 vide
338 2602 375 2631 ad
388 2602 411 2632 i.
422 2604 496 2633 552.
520 2602 686 2639 coronare,
698 2603 809 2645 inquit,
822 2603 913 2633 viridi

253 2649 359 2688 lauro,
397 2651 427 2681 id
456 2651 539 2692 quod
570 2653 797 2694 triumphantes
832 2653 912 2683 sole-

253 2697 342 2728 bant.

1024 2120 1096 2149 724.
1123 2119 1234 2148 Curam
1255 2120 1323 2155 tnz‘5
1349 2128 1499 2154 amorem,
1525 2128 1586 2159 quo
1611 2123 1642 2149 te

979 2178 1157 2209 prosequor.
1204 2168 1332 2198 Gemina
1371 2168 1447 2203 luce,
1477 2172 1508 2197 et
1536 2168 1642 2208 puella

981 2222 1085 2246 amata
1101 2222 1131 2246 et
1148 2216 1222 2246 vita.

1024 2265 1097 2295 729.
1122 2265 1154 2294 Si
1171 2271 1278 2299 tamen,
1291 2275 1306 2292 o
1322 2263 1457 2303 Superi]
1506 2263 1556 2294 Sic
1570 2264 1643 2294 Vir-

980 2312 1084 2354 gilius,
1100 2314 1132 2343 Si
1148 2325 1203 2353 qua
1220 2319 1260 2342 est
1275 2314 1345 2343 effla
1359 2314 1463 2351 pietus,
1480 2323 1542 2351 quae
1565 2313 1640 2342 talia

981 2369 1077 2392 curet.
1114 2363 1175 2392 Pro
1192 2361 1422 2402 mormlz'ufata,
1439 2361 1529 2391 ambo
1545 2361 1640 2402 Regii

981 2410 1104 2440 codices
1122 2410 1198 2440 dant
1220 2410 1484 2450 mortaliafacta5
1509 2409 1640 2439 alteram

980 2458 1146 2489 lectionem
1180 2469 1218 2489 ex
1248 2459 1485 2499 quatuordecim
1521 2457 1641 2488 invexit

980 2507 1138 2538 Heinsius.

1025 2556 1097 2586 735.
1128 2557 1242 2596 chquei
1272 2558 1394 2587 ‘i'z'tzcula
1423 2567 1476 2598 pro
1506 2557 1638 2597 laque03

981 2615 1052 2635 nam
1078 2607 1198 2645 laquens
1221 2606 1285 2646 jam
1316 2605 1346 2635 in
1372 2616 1403 2636 se
1429 2612 1476 2635 est
1504 2604 1585 2635 funis
1607 2606 1639 2636 in

983 2654 1111 2683 sormam
1130 2653 1243 2684 vinculi
1261 2654 1458 2695 compositus,
1475 2654 1556 2684 unde
1572 2654 1637 2684 haec

981 2702 1040 2732 duo
1054 2703 1292 2733 x.378.et331.
1309 2709 1532 2743 permutantur.
1550 2702 1636 2732 Smn-
