1779 3130
242 190 327 231 396

633 190 682 229 P.
717 189 929 230 OVIDII
963 189 1241 230 NASONIS

247 304 348 350 Sex
373 303 505 349 illam
531 310 718 358 noctes,
745 303 952 349 totidem
979 303 1234 350 redeuntia
1261 303 1377 350 solis

244 379 453 425 Lumina
475 379 704 425 viderunt
728 379 926 441 inopem
952 379 1214 440 somnique
1239 379 1454 441 cibique,

244 455 343 501 Per
361 456 498 517 juga,
527 471 614 518 per
638 456 807 510 valles,
836 471 936 518 qua
958 455 1055 502 fors
1082 456 1314 510 ducebat,
1341 462 1558 501 euntem.

245 531 464 578 Ultimus
490 531 687 594 aspexit
710 531 892 577 fessam
918 531 1158 593 luctuque
1183 531 1362 592 viaque

1529 532 1626 576 426

243 606 472 669 Thybris,
501 615 552 653 et
576 608 624 653 in
650 608 814 669 gelida
838 615 1107 669 ponentem
1134 623 1340 669 corpora
1364 606 1485 670 ripa.

244 683 352 729 Illic
379 700 492 730 cum
518 684 733 732 lacrimis
759 685 867 747 ipso
893 684 1147 730 modulata
1172 684 1341 730 dolore

243 760 425 815 Verba,
454 777 575 807 sono
601 761 738 808 tenui
764 776 992 815 moerens,
1020 760 1285 815 fundebat3
1326 766 1382 805 ut
1406 758 1523 805 olim

243 836 477 883 Carmina
491 839 594 899 jam
613 838 826 883 moriens
849 837 982 883 canit
1000 836 1282 899 exequialia
1303 852 1508 898 cycnus.
1531 837 1628 881 430

243 912 482 959 Luctibus
508 921 786 960 extremum
812 920 988 960 tenues
1014 912 1284 974 liquefacta
1307 911 1551 958 medullas

242 989 449 1045 Tabuit3
491 990 643 1052 inque
668 990 799 1036 leves
827 989 1067 1052 paulatim
1092 990 1292 1036 evanuit
1318 1004 1479 1035 auras».

243 1066 395 1112 Fama
414 1073 582 1114 tamen
604 1067 799 1128 signata
814 1067 922 1113 loco
943 1073 1044 1121 est;
1070 1081 1220 1128 quern
1241 1065 1331 1112 rite
1350 1065 1628 1110 Canentem

242 1142 456 1189 Nomine
482 1143 543 1189 de
571 1142 821 1206 Nymphae
846 1150 1038 1190 veteres
1064 1143 1237 1189 dixere
1265 1142 1519 1188 Camenae.

243 1219 383 1266 Talia
407 1220 564 1265 multa
588 1219 707 1265 mihi
733 1220 935 1281 longum
961 1226 1157 1265 narrata
1181 1235 1271 1282 per
1296 1234 1494 1273 annum,
1532 1218 1628 1262 435

243 1294 465 1357 Visaque
491 1302 635 1342 sunt:
675 1295 880 1349 resides,
909 1302 958 1342 et
982 1295 1313 1342 desuetudine
1338 1294 1465 1341 tardi

244 1371 438 1418 Rursus
464 1372 585 1418 inire
610 1371 805 1427 fretum,
833 1388 1000 1418 rursus
1027 1372 1143 1418 dare
1169 1371 1279 1418 vela
1297 1371 1558 1433 jubemur;

244 1447 605 1510 Ancipitesque
630 1449 750 1503 vias,
779 1455 829 1494 et
852 1448 945 1494 iter
970 1447 1166 1494 Titania
1189 1454 1383 1493 vastum

247 1522 471 1577 Dixerat,
499 1530 549 1569 et
573 1524 687 1569 saevi
713 1531 899 1570 restare
924 1523 1146 1586 pericula
1169 1523 1324 1586 ponti.

247 1598 504 1652 Pertimui,
528 1598 698 1654 fateor,
722 1608 1000 1662 nactusque
1022 1601 1114 1647 hoc
1135 1600 1251 1646 litus
1273 1599 1476 1646 adhaesi.
1533 1600 1633 1644 440

314 1674 401 1720 IV.
439 1674 656 1722 Finierat
682 1675 976 1731 Macareus;
1017 1692 1241 1737 urnaque
1267 1675 1442 1722 AEneIa
1466 1673 1633 1720 nutrix

290 1845 361 1875 423.
386 1845 439 1874 Sei
457 1846 539 1874 illum
557 1852 662 1880 noctes,
679 1845 758 1885 etex]
790 1845 905 1876 Confer

247 1905 274 1922 v.
291 1895 353 1923 440
369 1904 426 1934 sqq
441 1905 448 1930 3
473 1905 504 1923 x,
523 1894 573 1923 73.

290 1943 364 1972 428.
391 1942 456 1981 Ipso
477 1943 627 1971 modulata
647 1942 772 1982 dolore]
807 1943 844 1972 In
860 1942 906 1971 his

247 1990 348 2020 verbis
369 2001 428 2020 non
452 1996 517 2020 erat
541 2000 595 2019 cur
619 1990 770 2020 haererent
794 1990 905 2020 Heius.

245 2044 276 2068 et
306 2039 476 2068 Burmann.
506 2038 610 2068 Cantu
645 2039 801 2068 excellens
831 2049 907 2068 uxor

247 2098 328 2117 nunc
351 2097 474 2128 quoque
496 2088 675 2116 modulatum
699 2087 811 2117 edebat
830 2098 905 2128 que-

246 2136 362 2172 relam3
386 2135 472 2165 dolor
487 2135 570 2166 enim
586 2136 682 2166 dabat
696 2136 815 2166 modos.
846 2137 905 2166 Ez-

246 2185 386 2223 equialia,
421 2183 574 2219 funebria,
609 2195 721 2214 novum
759 2185 906 2215 vocabul.

249 2233 339 2267 Olim,
355 2233 429 2267 fere,
445 2232 477 2262 in
493 2232 750 2263 similitudinibus
766 2232 904 2273 ponitur.

248 2280 297 2310 De
314 2287 407 2310 cantu
423 2292 584 2320 cycnorum
601 2280 670 2310 vide
687 2281 727 2310 ad
742 2281 774 2311 ii.
789 2282 862 2311 253.

291 2330 366 2358 431.
392 2329 538 2359 Luctibus
561 2329 750 2369 extremum]
778 2329 828 2359 Sic
850 2329 904 2359 vii.

248 2378 434 2417 330.flemlo
457 2379 583 2408 delicuit
599 2390 607 2413 ,·
633 2389 663 2408 v.
682 2378 756 2408 427.
776 2379 907 2407 lacrimis

250 2427 427 2456 absumitur.
469 2426 590 2462 Tenues,
614 2426 736 2456 molles.
777 2426 907 2456 Plurimi

249 2474 341 2504 MSS.
359 2482 484 2510 teneras,
509 2480 543 2505 ut
566 2481 597 2505 et
622 2475 709 2504 alibi.
757 2475 794 2504 In
818 2486 909 2504 auras

249 2525 382 2557 evanuit,
414 2523 445 2553 in
481 2534 570 2553 auras
601 2523 737 2553 resoluta
766 2523 906 2553 evanuit.

252 2571 344 2600 Fama
367 2573 487 2611 signata
510 2578 561 2606 est,
584 2577 706 2601 servata
729 2578 785 2606 est,
808 2571 908 2602 haesit.

252 2621 375 2649 Nomen
402 2620 551 2650 Canentis
576 2620 643 2650 loco
670 2619 803 2649 inditum
829 2620 909 2659 signi

254 2666 348 2697 instar
361 2668 429 2704 fuit,
440 2679 501 2709 quo
512 2674 634 2699 servata
646 2675 691 2699 est
704 2668 746 2699 rei
760 2669 802 2698 ibi
814 2675 908 2708 gestae

251 2716 407 2746 memoria,
447 2716 592 2747 Similiter
609 2718 669 2747 fere
688 2717 796 2757 Virgil.
814 2716 864 2746 vii.
877 2718 906 2746 3.

974 1860 1033 1877 ¹75?OE
1060 1859 1159 1877 nomen
1184 1849 1316 1888 Signant-
1359 1846 1468 1875 Disel'e
1489 1845 1634 1875 Camena*-

976 1896 1079 1936 Vulgo
1096 1896 1145 1936 (et
1161 1895 1193 1925 in
1209 1895 1320 1936 Regiis
1336 1893 1512 1931 codicibus)
1535 1895 1634 1923 cluere

974 1945 1081 1974 coloni.
1106 1944 1135 1973 A
1152 1945 1289 1974 Camenis
1306 1942 1479 1983 antiquitus
1494 1941 1549 1972 illa
1565 1942 1634 1972 loca

975 1992 1133 2030 habitata3
1151 2003 1201 2022 xv.
1215 1993 1287 2022 482.
1312 1993 1409 2021 Erant
1425 1989 1570 2020 mulieres
1584 2000 1635 2020 va-

974 2040 1150 2075 ticinantes,
1167 2039 1242 2070 forte
1257 2046 1288 2070 et
1306 2039 1454 2069 vaticinia
1469 2049 1525 2068 sua
1540 2038 1634 2069 versi-

974 2090 1032 2118 bus
1048 2088 1219 2130 eomposita
1232 2089 1359 2119 edentes
1371 2100 1378 2125 3
1395 2092 1464 2128 post
1476 2097 1546 2117 cum
1560 2087 1634 2116 Mu-

975 2137 1015 2167 sis
1038 2137 1195 2167 confusae:
1225 2137 1293 2167 vide
1318 2135 1433 2177 Heynii
1457 2137 1535 2166 Exc.
1550 2146 1580 2166 v.
1595 2135 1635 2166 ad

976 2185 1103 2215 AEneid.
1119 2186 1171 2216 vii.

1019 2235 1092 2264 435.
1112 2234 1197 2264 Talia
1214 2236 1311 2263 multa
1328 2235 1412 2268 mihi,
1427 2233 1506 2273 etc-J
1537 2233 1635 2264 Hein-

974 2282 1038 2312 sius
1053 2282 1174 2317 metuit,
1190 2293 1228 2312 ne
1245 2282 1311 2312 haec
1329 2282 1518 2323 interpolata
1535 2282 1608 2312 sint.

1019 2332 1093 2360 440.
1112 2331 1285 2370 Nucrasque
1301 2332 1351 2360 hoc
1369 2331 1472 2370 litus]
1493 2330 1636 2371 Ulysses,

975 2379 1080 2409 relicto
1125 2379 1330 2420 promontorio
1371 2379 1501 2414 Circaeo,
1540 2389 1637 2419 quum

976 2437 1060 2456 oram
1086 2427 1186 2456 Italiae
1218 2428 1324 2467 legens
1354 2427 1468 2457 fretum
1496 2427 1636 2457 Siculum

976 2481 1103 2514 peteret,
1129 2475 1272 2505 Caietam
1299 2475 1459 2515 praeteriit,
1485 2475 1539 2505 ubi
1562 2476 1636 2505 Ma·

976 2533 1084 2553 careus
1101 2523 1225 2553 mansit.

1020 2572 1201 2601 441—511.
1219 2572 1372 2601 Diomedes
1382 2571 1506 2601 Venulo
1521 2571 1638 2602 auxilia

976 2619 1152 2660 imploranti
1168 2625 1281 2654 narrat,
1294 2630 1326 2649 se
1342 2620 1441 2649 multa
1457 2619 1516 2649 Ilio
1531 2619 1636 2650 exciso

979 2678 1167 2708 perpessum,
1184 2668 1311 2698 tandem
1335 2668 1428 2698 etiam
1446 2667 1544 2698 socios
1559 2668 1635 2698 ami-

976 2717 1050 2747 sisse
1063 2716 1094 2746 in
1111 2727 1183 2747 aves
1196 2722 1339 2747 mutatos.
1363 2717 1482 2747 Fabula
1499 2726 1517 2746 a
1532 2716 1637 2746 multis
