<?xml version="1.0" encoding="UTF-8"?>
<!DOCTYPE html PUBLIC "-//W3C//DTD XHTML 1.0 Transitional//EN"
    "http://www.w3.org/TR/xhtml1/DTD/xhtml1-transitional.dtd">
<html xmlns="http://www.w3.org/1999/xhtml" xml:lang="en" lang="en">
 <head>
  <title>
</title>
<meta http-equiv="Content-Type" content="text/html;charset=utf-8" />
  <meta name='ocr-system' content='tesseract 3.04.00' />
  <meta name='ocr-capabilities' content='ocr_page ocr_carea ocr_par ocr_line ocrx_word'/>
</head>
<body>
  <div class='ocr_page' id='page_1' title='image "./povidiinasonisop04oviduoft_0474.png"; bbox 0 0 1779 3130; ppageno 0'>
   <div class='ocr_carea' id='block_1_1' title="bbox 255 162 1248 208">
    <p class='ocr_par' dir='ltr' id='par_1_1' title="bbox 255 162 1248 208">
     <span class='ocr_line' id='line_1_1' title="bbox 255 162 1248 208; baseline -0.004 0"><span class='ocrx_word' id='word_1_1' title='bbox 255 167 340 208; x_wconf 78' lang='lat'>462</span> <span class='ocrx_word' id='word_1_2' title='bbox 641 164 692 203; x_wconf 90' lang='lat' dir='ltr'>P.</span> <span class='ocrx_word' id='word_1_3' title='bbox 727 162 939 204; x_wconf 91' lang='lat' dir='ltr'>OVIDII</span> <span class='ocrx_word' id='word_1_4' title='bbox 973 162 1248 204; x_wconf 86' lang='lat' dir='ltr'>NASONIS</span> 
     </span>
    </p>
   </div>
   <div class='ocr_carea' id='block_1_2' title="bbox 255 276 1643 1413">
    <p class='ocr_par' dir='ltr' id='par_1_2' title="bbox 255 276 1643 1413">
     <span class='ocr_line' id='line_1_2' title="bbox 259 276 1643 341; baseline -0.002 -15"><span class='ocrx_word' id='word_1_5' title='bbox 259 280 354 326; x_wconf 91' lang='lat' dir='ltr'>Hic</span> <span class='ocrx_word' id='word_1_6' title='bbox 380 278 562 341; x_wconf 78' lang='lat' dir='ltr'>posuit,</span> <span class='ocrx_word' id='word_1_7' title='bbox 587 292 868 338; x_wconf 82' lang='lat' dir='ltr'>nomenque</span> <span class='ocrx_word' id='word_1_8' title='bbox 889 276 1051 333; x_wconf 83' lang='lat' dir='ltr'>simul,</span> <span class='ocrx_word' id='word_1_9' title='bbox 1076 277 1210 339; x_wconf 93' lang='lat' dir='ltr'>quod</span> <span class='ocrx_word' id='word_1_10' title='bbox 1230 276 1387 339; x_wconf 81' lang='lat' dir='ltr'>possit</span> <span class='ocrx_word' id='word_1_11' title='bbox 1401 292 1643 339; x_wconf 88' lang='lat' dir='ltr'>equorum</span> 
     </span>
     <span class='ocr_line' id='line_1_3' title="bbox 255 352 1519 417; baseline -0.002 -15"><span class='ocrx_word' id='word_1_12' title='bbox 255 355 604 411; x_wconf 89' lang='lat' dir='ltr'>Admonuisse,</span> <span class='ocrx_word' id='word_1_13' title='bbox 626 355 774 417; x_wconf 88' lang='lat' dir='ltr'>jubet</span> <span class='ocrx_word' id='word_1_14' title='bbox 798 353 1071 416; x_wconf 77' lang='lat' dir='ltr'>deponere:</span> <span class='ocrx_word' id='word_1_15' title='bbox 1115 359 1144 376; x_wconf 90' lang='lat'><strong>“</strong></span> <span class='ocrx_word' id='word_1_16' title='bbox 1163 352 1360 415; x_wconf 86' lang='lat' dir='ltr'>Quique</span> <span class='ocrx_word' id='word_1_17' title='bbox 1385 352 1519 400; x_wconf 84' lang='lat' dir='ltr'>fuisti</span> 
     </span>
     <span class='ocr_line' id='line_1_4' title="bbox 256 429 1476 494; baseline -0.002 -16"><span class='ocrx_word' id='word_1_18' title='bbox 256 431 579 494; x_wconf 82' lang='lat' dir='ltr'>Hippolytus,</span> <span class='ocrx_word' id='word_1_19' title='bbox 608 430 749 485; x_wconf 81' lang='lat' dir='ltr'>dixit,</span> <span class='ocrx_word' id='word_1_20' title='bbox 779 446 909 476; x_wconf 90' lang='lat' dir='ltr'>nunc</span> <span class='ocrx_word' id='word_1_21' title='bbox 935 430 1066 476; x_wconf 91' lang='lat' dir='ltr'>idem</span> <span class='ocrx_word' id='word_1_22' title='bbox 1092 429 1294 475; x_wconf 80' lang='lat' dir='ltr'>Virbius</span> <span class='ocrx_word' id='word_1_23' title='bbox 1320 429 1476 476; x_wconf 78' lang='lat' dir='ltr'>esto.’&#39;</span> 
     </span>
     <span class='ocr_line' id='line_1_5' title="bbox 257 505 1618 568; baseline -0.003 -14"><span class='ocrx_word' id='word_1_24' title='bbox 257 507 369 554; x_wconf 92' lang='lat' dir='ltr'>Hoc</span> <span class='ocrx_word' id='word_1_25' title='bbox 396 523 570 554; x_wconf 91' lang='lat' dir='ltr'>nemus</span> <span class='ocrx_word' id='word_1_26' title='bbox 596 507 710 553; x_wconf 90' lang='lat' dir='ltr'>inde</span> <span class='ocrx_word' id='word_1_27' title='bbox 736 506 861 561; x_wconf 91' lang='lat' dir='ltr'>colo,</span> <span class='ocrx_word' id='word_1_28' title='bbox 889 506 951 552; x_wconf 90' lang='lat' dir='ltr'>de</span> <span class='ocrx_word' id='word_1_29' title='bbox 979 505 1171 568; x_wconf 82' lang='lat' dir='ltr'>Disque</span> <span class='ocrx_word' id='word_1_30' title='bbox 1197 505 1466 551; x_wconf 88' lang='lat' dir='ltr'>minoribus</span> <span class='ocrx_word' id='word_1_31' title='bbox 1493 521 1618 551; x_wconf 89' lang='lat' dir='ltr'>unus</span> 
     </span>
     <span class='ocr_line' id='line_1_6' title="bbox 256 581 1587 643; baseline -0.004 -12"><span class='ocrx_word' id='word_1_32' title='bbox 256 584 476 631; x_wconf 86' lang='lat' dir='ltr'>Numine</span> <span class='ocrx_word' id='word_1_33' title='bbox 502 585 593 630; x_wconf 90' lang='lat' dir='ltr'>sub</span> <span class='ocrx_word' id='word_1_34' title='bbox 619 583 831 630; x_wconf 84' lang='lat' dir='ltr'>dominae</span> <span class='ocrx_word' id='word_1_35' title='bbox 857 583 1003 637; x_wconf 93' lang='lat' dir='ltr'>lateo,</span> <span class='ocrx_word' id='word_1_36' title='bbox 1031 589 1182 643; x_wconf 88' lang='lat' dir='ltr'>atque</span> <span class='ocrx_word' id='word_1_37' title='bbox 1209 597 1476 628; x_wconf 90' lang='lat' dir='ltr'>accenseor</span> <span class='ocrx_word' id='word_1_38' title='bbox 1502 581 1587 627; x_wconf 90' lang='lat' dir='ltr'>illi.</span> 
     </span>
     <span class='ocr_line' id='line_1_7' title="bbox 322 658 1640 721; baseline -0.003 -14"><span class='ocrx_word' id='word_1_39' title='bbox 322 661 437 707; x_wconf 88' lang='lat' dir='ltr'>Non</span> <span class='ocrx_word' id='word_1_40' title='bbox 461 668 628 708; x_wconf 89' lang='lat' dir='ltr'>tamen</span> <span class='ocrx_word' id='word_1_41' title='bbox 656 659 848 721; x_wconf 84' lang='lat' dir='ltr'>Egeriae</span> <span class='ocrx_word' id='word_1_42' title='bbox 873 660 1037 705; x_wconf 89' lang='lat' dir='ltr'>luctus</span> <span class='ocrx_word' id='word_1_43' title='bbox 1063 658 1224 705; x_wconf 87' lang='lat' dir='ltr'>aliena</span> <span class='ocrx_word' id='word_1_44' title='bbox 1249 659 1410 704; x_wconf 86' lang='lat' dir='ltr'>levare</span> <span class='ocrx_word' id='word_1_45' title='bbox 1547 659 1640 704; x_wconf 79' lang='lat'>547</span> 
     </span>
     <span class='ocr_line' id='line_1_8' title="bbox 256 733 1576 798; baseline -0.005 -14"><span class='ocrx_word' id='word_1_46' title='bbox 256 738 453 784; x_wconf 89' lang='lat' dir='ltr'>Damna</span> <span class='ocrx_word' id='word_1_47' title='bbox 476 737 658 792; x_wconf 84' lang='lat' dir='ltr'>valent,</span> <span class='ocrx_word' id='word_1_48' title='bbox 686 735 971 797; x_wconf 88' lang='lat' dir='ltr'>montisque</span> <span class='ocrx_word' id='word_1_49' title='bbox 992 736 1166 798; x_wconf 88' lang='lat' dir='ltr'>jacens</span> <span class='ocrx_word' id='word_1_50' title='bbox 1192 734 1440 781; x_wconf 81' lang='lat' dir='ltr'>radicibus</span> <span class='ocrx_word' id='word_1_51' title='bbox 1466 733 1576 779; x_wconf 87' lang='lat' dir='ltr'>imis</span> 
     </span>
     <span class='ocr_line' id='line_1_9' title="bbox 255 810 1504 878; baseline -0.005 -17"><span class='ocrx_word' id='word_1_52' title='bbox 255 814 483 878; x_wconf 90' lang='lat' dir='ltr'>Liquitur</span> <span class='ocrx_word' id='word_1_53' title='bbox 508 814 556 860; x_wconf 90' lang='lat' dir='ltr'>in</span> <span class='ocrx_word' id='word_1_54' title='bbox 582 814 838 860; x_wconf 81' lang='lat' dir='ltr'>lacrimas:</span> <span class='ocrx_word' id='word_1_55' title='bbox 879 813 1054 867; x_wconf 90' lang='lat' dir='ltr'>donec,</span> <span class='ocrx_word' id='word_1_56' title='bbox 1082 811 1266 874; x_wconf 88' lang='lat' dir='ltr'>pietate</span> <span class='ocrx_word' id='word_1_57' title='bbox 1292 810 1504 857; x_wconf 83' lang='lat' dir='ltr'>dolentis</span> 
     </span>
     <span class='ocr_line' id='line_1_10' title="bbox 255 887 1642 952; baseline -0.004 -14"><span class='ocrx_word' id='word_1_58' title='bbox 255 891 413 946; x_wconf 89' lang='lat' dir='ltr'>Mota,</span> <span class='ocrx_word' id='word_1_59' title='bbox 437 907 572 937; x_wconf 87' lang='lat' dir='ltr'>soror</span> <span class='ocrx_word' id='word_1_60' title='bbox 590 891 767 937; x_wconf 87' lang='lat' dir='ltr'>Phoebi</span> <span class='ocrx_word' id='word_1_61' title='bbox 790 889 1011 952; x_wconf 89' lang='lat' dir='ltr'>gelidum</span> <span class='ocrx_word' id='word_1_62' title='bbox 1029 889 1092 936; x_wconf 91' lang='lat' dir='ltr'>de</span> <span class='ocrx_word' id='word_1_63' title='bbox 1112 903 1316 951; x_wconf 87' lang='lat' dir='ltr'>corpore</span> <span class='ocrx_word' id='word_1_64' title='bbox 1335 887 1521 934; x_wconf 85' lang='lat' dir='ltr'>fontem</span> <span class='ocrx_word' id='word_1_65' title='bbox 1547 889 1642 933; x_wconf 87' lang='grc'>550</span> 
     </span>
     <span class='ocr_line' id='line_1_11' title="bbox 257 965 1639 1024; baseline -0.004 -10"><span class='ocrx_word' id='word_1_66' title='bbox 257 968 410 1023; x_wconf 79' lang='lat' dir='ltr'>Fecit,</span> <span class='ocrx_word' id='word_1_67' title='bbox 439 974 488 1014; x_wconf 89' lang='lat' dir='ltr'>et</span> <span class='ocrx_word' id='word_1_68' title='bbox 513 974 721 1014; x_wconf 84' lang='lat' dir='ltr'>aeternas</span> <span class='ocrx_word' id='word_1_69' title='bbox 748 974 883 1014; x_wconf 89' lang='lat' dir='ltr'>artus</span> <span class='ocrx_word' id='word_1_70' title='bbox 908 965 1131 1012; x_wconf 87' lang='lat' dir='ltr'>tenuavit</span> <span class='ocrx_word' id='word_1_71' title='bbox 1154 965 1204 1010; x_wconf 92' lang='lat' dir='ltr'>in</span> <span class='ocrx_word' id='word_1_72' title='bbox 1228 965 1404 1011; x_wconf 89' lang='lat' dir='ltr'>undas.</span> <span class='ocrx_word' id='word_1_73' title='bbox 1472 965 1639 1024; x_wconf 86' lang='lat' dir='ltr'>[natus</span> 
     </span>
     <span class='ocr_line' id='line_1_12' title="bbox 322 1040 1642 1107; baseline -0.004 -17"><span class='ocrx_word' id='word_1_74' title='bbox 322 1044 410 1090; x_wconf 93' lang='lat' dir='ltr'>IV.</span> <span class='ocrx_word' id='word_1_75' title='bbox 450 1043 518 1090; x_wconf 92' lang='lat' dir='ltr'>At</span> <span class='ocrx_word' id='word_1_76' title='bbox 547 1043 809 1107; x_wconf 85' lang='lat' dir='ltr'>Nymphas</span> <span class='ocrx_word' id='word_1_77' title='bbox 835 1043 1000 1104; x_wconf 88' lang='lat' dir='ltr'>tetigit</span> <span class='ocrx_word' id='word_1_78' title='bbox 1027 1058 1154 1088; x_wconf 89' lang='lat' dir='ltr'>nova</span> <span class='ocrx_word' id='word_1_79' title='bbox 1177 1058 1276 1098; x_wconf 83' lang='lat' dir='ltr'>res3</span> <span class='ocrx_word' id='word_1_80' title='bbox 1317 1048 1366 1088; x_wconf 90' lang='lat' dir='ltr'>et</span> <span class='ocrx_word' id='word_1_81' title='bbox 1391 1040 1642 1087; x_wconf 87' lang='lat' dir='ltr'>Amazone</span> 
     </span>
     <span class='ocr_line' id='line_1_13' title="bbox 256 1119 1643 1183; baseline -0.003 -16"><span class='ocrx_word' id='word_1_82' title='bbox 256 1121 406 1167; x_wconf 91' lang='lat' dir='ltr'>Haud</span> <span class='ocrx_word' id='word_1_83' title='bbox 432 1120 574 1167; x_wconf 88' lang='lat' dir='ltr'>aliter</span> <span class='ocrx_word' id='word_1_84' title='bbox 593 1121 800 1183; x_wconf 84' lang='lat' dir='ltr'>stupuit,</span> <span class='ocrx_word' id='word_1_85' title='bbox 823 1136 974 1182; x_wconf 88' lang='lat' dir='ltr'>quam</span> <span class='ocrx_word' id='word_1_86' title='bbox 1000 1136 1155 1183; x_wconf 90' lang='lat' dir='ltr'>quum</span> <span class='ocrx_word' id='word_1_87' title='bbox 1176 1119 1460 1182; x_wconf 85' lang='lat' dir='ltr'>Tyrrhenus</span> <span class='ocrx_word' id='word_1_88' title='bbox 1483 1125 1643 1164; x_wconf 88' lang='lat' dir='ltr'>arator</span> 
     </span>
     <span class='ocr_line' id='line_1_14' title="bbox 256 1197 1369 1261; baseline 0 -18"><span class='ocrx_word' id='word_1_89' title='bbox 256 1197 479 1244; x_wconf 84' lang='lat' dir='ltr'>Fatalem</span> <span class='ocrx_word' id='word_1_90' title='bbox 505 1197 701 1258; x_wconf 82' lang='lat' dir='ltr'>glebam</span> <span class='ocrx_word' id='word_1_91' title='bbox 726 1198 902 1244; x_wconf 89' lang='lat' dir='ltr'>mediis</span> <span class='ocrx_word' id='word_1_92' title='bbox 929 1198 1125 1261; x_wconf 85' lang='lat' dir='ltr'>aspexit</span> <span class='ocrx_word' id='word_1_93' title='bbox 1150 1197 1200 1242; x_wconf 91' lang='lat' dir='ltr'>in</span> <span class='ocrx_word' id='word_1_94' title='bbox 1227 1197 1369 1252; x_wconf 80' lang='lat' dir='ltr'>arvis,</span> 
     </span>
     <span class='ocr_line' id='line_1_15' title="bbox 255 1271 1641 1337; baseline -0.002 -17"><span class='ocrx_word' id='word_1_95' title='bbox 255 1274 445 1337; x_wconf 84' lang='lat' dir='ltr'>Sponte</span> <span class='ocrx_word' id='word_1_96' title='bbox 465 1290 554 1320; x_wconf 89' lang='lat' dir='ltr'>sua</span> <span class='ocrx_word' id='word_1_97' title='bbox 569 1273 798 1336; x_wconf 85' lang='lat' dir='ltr'>primum,</span> <span class='ocrx_word' id='word_1_98' title='bbox 817 1275 1052 1336; x_wconf 88' lang='lat' dir='ltr'>nulloque</span> <span class='ocrx_word' id='word_1_99' title='bbox 1070 1274 1306 1335; x_wconf 80' lang='lat' dir='ltr'>agitante,</span> <span class='ocrx_word' id='word_1_100' title='bbox 1325 1271 1524 1326; x_wconf 88' lang='lat' dir='ltr'>moveri,</span> <span class='ocrx_word' id='word_1_101' title='bbox 1546 1274 1641 1318; x_wconf 87' lang='grc'>555</span> 
     </span>
     <span class='ocr_line' id='line_1_16' title="bbox 256 1349 1628 1413; baseline -0.003 -16"><span class='ocrx_word' id='word_1_102' title='bbox 256 1350 464 1397; x_wconf 86' lang='lat' dir='ltr'>Sumere</span> <span class='ocrx_word' id='word_1_103' title='bbox 488 1366 604 1396; x_wconf 88' lang='lat' dir='ltr'>mox</span> <span class='ocrx_word' id='word_1_104' title='bbox 629 1350 858 1406; x_wconf 88' lang='lat' dir='ltr'>hominis,</span> <span class='ocrx_word' id='word_1_105' title='bbox 884 1358 1129 1413; x_wconf 72' lang='lat' dir='ltr'>terraeque</span> <span class='ocrx_word' id='word_1_106' title='bbox 1155 1350 1380 1397; x_wconf 89' lang='lat' dir='ltr'>amittere</span> <span class='ocrx_word' id='word_1_107' title='bbox 1405 1349 1628 1402; x_wconf 86' lang='lat' dir='ltr'>formam,</span> 
     </span>
    </p>
   </div>
   <div class='ocr_carea' id='block_1_3' title="bbox 254 1426 1640 1719">
    <p class='ocr_par' dir='ltr' id='par_1_3' title="bbox 254 1426 1538 1644">
     <span class='ocr_line' id='line_1_17' title="bbox 257 1426 1311 1489; baseline 0 -17"><span class='ocrx_word' id='word_1_108' title='bbox 257 1426 459 1489; x_wconf 88' lang='lat' dir='ltr'>Oraque</span> <span class='ocrx_word' id='word_1_109' title='bbox 482 1426 701 1472; x_wconf 86' lang='lat' dir='ltr'>venturis</span> <span class='ocrx_word' id='word_1_110' title='bbox 729 1427 918 1489; x_wconf 81' lang='lat' dir='ltr'>aperire</span> <span class='ocrx_word' id='word_1_111' title='bbox 944 1427 1161 1474; x_wconf 80' lang='lat' dir='ltr'>recentia</span> <span class='ocrx_word' id='word_1_112' title='bbox 1184 1426 1311 1472; x_wconf 89' lang='lat' dir='ltr'>fatis.</span> 
     </span>
     <span class='ocr_line' id='line_1_18' title="bbox 254 1502 1538 1566; baseline -0.002 -16"><span class='ocrx_word' id='word_1_113' title='bbox 254 1503 509 1565; x_wconf 87' lang='lat' dir='ltr'>Indigenae</span> <span class='ocrx_word' id='word_1_114' title='bbox 535 1503 706 1550; x_wconf 80' lang='lat' dir='ltr'>dixere</span> <span class='ocrx_word' id='word_1_115' title='bbox 731 1503 920 1565; x_wconf 89' lang='lat' dir='ltr'>Tagen,</span> <span class='ocrx_word' id='word_1_116' title='bbox 949 1504 1033 1566; x_wconf 86' lang='lat' dir='ltr'>qui</span> <span class='ocrx_word' id='word_1_117' title='bbox 1059 1503 1247 1566; x_wconf 89' lang='lat' dir='ltr'>primus</span> <span class='ocrx_word' id='word_1_118' title='bbox 1275 1502 1538 1549; x_wconf 87' lang='lat' dir='ltr'>Etruscam</span> 
     </span>
     <span class='ocr_line' id='line_1_19' title="bbox 255 1580 1316 1644; baseline -0.002 -17"><span class='ocrx_word' id='word_1_119' title='bbox 255 1580 473 1627; x_wconf 90' lang='lat' dir='ltr'>Edocuit</span> <span class='ocrx_word' id='word_1_120' title='bbox 497 1586 693 1641; x_wconf 89' lang='lat' dir='ltr'>gentem</span> <span class='ocrx_word' id='word_1_121' title='bbox 723 1596 866 1627; x_wconf 89' lang='lat' dir='ltr'>casus</span> <span class='ocrx_word' id='word_1_122' title='bbox 893 1581 1082 1644; x_wconf 87' lang='lat' dir='ltr'>aperire</span> <span class='ocrx_word' id='word_1_123' title='bbox 1107 1580 1316 1626; x_wconf 88' lang='lat' dir='ltr'>futuros.</span> 
     </span>
    </p>

    <p class='ocr_par' dir='ltr' id='par_1_4' title="bbox 320 1654 1640 1719">
     <span class='ocr_line' id='line_1_20' title="bbox 320 1654 1640 1719; baseline -0.002 -17"><span class='ocrx_word' id='word_1_124' title='bbox 320 1656 381 1703; x_wconf 92' lang='lat' dir='ltr'>V.</span> <span class='ocrx_word' id='word_1_125' title='bbox 424 1656 593 1719; x_wconf 89' lang='lat' dir='ltr'>thue</span> <span class='ocrx_word' id='word_1_126' title='bbox 621 1657 862 1704; x_wconf 88' lang='lat' dir='ltr'>Palatinis</span> <span class='ocrx_word' id='word_1_127' title='bbox 883 1658 1153 1705; x_wconf 83' lang='lat' dir='ltr'>haerentem</span> <span class='ocrx_word' id='word_1_128' title='bbox 1176 1656 1384 1703; x_wconf 88' lang='lat' dir='ltr'>collibus</span> <span class='ocrx_word' id='word_1_129' title='bbox 1409 1654 1524 1701; x_wconf 90' lang='lat' dir='ltr'>olim</span> <span class='ocrx_word' id='word_1_130' title='bbox 1545 1657 1640 1700; x_wconf 86' lang='lat'>560</span> 
     </span>
    </p>
   </div>
   <div class='ocr_carea' id='block_1_4' title="bbox 251 1769 915 2735">
    <p class='ocr_par' dir='ltr' id='par_1_5' title="bbox 251 1769 915 2199">
     <span class='ocr_line' id='line_1_21' title="bbox 296 1769 911 1811; baseline 0 -11"><span class='ocrx_word' id='word_1_131' title='bbox 296 1771 371 1800; x_wconf 79' lang='lat'>542.</span> <span class='ocrx_word' id='word_1_132' title='bbox 396 1770 458 1800; x_wconf 81' lang='lat' dir='ltr'>Hic</span> <span class='ocrx_word' id='word_1_133' title='bbox 484 1771 592 1809; x_wconf 74' lang='lat' dir='ltr'>posuit,</span> <span class='ocrx_word' id='word_1_134' title='bbox 622 1770 699 1810; x_wconf 87' lang='lat' dir='ltr'>etc.]</span> <span class='ocrx_word' id='word_1_135' title='bbox 742 1769 911 1811; x_wconf 73' lang='lat' dir='ltr'>Virgilius:</span> 
     </span>
     <span class='ocr_line' id='line_1_22' title="bbox 253 1817 915 1859; baseline 0.002 -11"><span class='ocrx_word' id='word_1_136' title='bbox 253 1822 273 1835; x_wconf 85' lang='lat'><strong>“</strong></span> <span class='ocrx_word' id='word_1_137' title='bbox 287 1818 333 1848; x_wconf 82' lang='lat' dir='ltr'>At</span> <span class='ocrx_word' id='word_1_138' title='bbox 347 1817 451 1848; x_wconf 80' lang='lat' dir='ltr'>Trivia</span> <span class='ocrx_word' id='word_1_139' title='bbox 466 1818 672 1859; x_wconf 85' lang='lat' dir='ltr'>Hippolytum</span> <span class='ocrx_word' id='word_1_140' title='bbox 689 1819 816 1848; x_wconf 80' lang='lat' dir='ltr'>secretis</span> <span class='ocrx_word' id='word_1_141' title='bbox 832 1819 915 1849; x_wconf 82' lang='lat' dir='ltr'>alma</span> 
     </span>
     <span class='ocr_line' id='line_1_23' title="bbox 252 1866 913 1908; baseline 0 -12"><span class='ocrx_word' id='word_1_142' title='bbox 252 1866 392 1897; x_wconf 84' lang='lat' dir='ltr'>recondit</span> <span class='ocrx_word' id='word_1_143' title='bbox 409 1867 553 1901; x_wconf 85' lang='lat' dir='ltr'>Sedibus,</span> <span class='ocrx_word' id='word_1_144' title='bbox 570 1873 599 1896; x_wconf 89' lang='lat' dir='ltr'>et</span> <span class='ocrx_word' id='word_1_145' title='bbox 618 1867 776 1908; x_wconf 55' lang='lat' dir='ltr'>Nymphae</span> <span class='ocrx_word' id='word_1_146' title='bbox 793 1868 913 1907; x_wconf 82' lang='lat' dir='ltr'>Egeriae</span> 
     </span>
     <span class='ocr_line' id='line_1_24' title="bbox 251 1914 914 1956; baseline 0.003 -12"><span class='ocrx_word' id='word_1_147' title='bbox 251 1914 432 1955; x_wconf 88' lang='lat' dir='ltr'>nemorique</span> <span class='ocrx_word' id='word_1_148' title='bbox 448 1915 600 1955; x_wconf 77' lang='lat' dir='ltr'>relegat.’‘</span> <span class='ocrx_word' id='word_1_149' title='bbox 630 1916 748 1945; x_wconf 65' lang='lat' dir='ltr'>Virbius</span> <span class='ocrx_word' id='word_1_150' title='bbox 763 1916 851 1956; x_wconf 83' lang='lat' dir='ltr'>quasi</span> <span class='ocrx_word' id='word_1_151' title='bbox 868 1915 914 1946; x_wconf 87' lang='lat' dir='ltr'>bis</span> 
     </span>
     <span class='ocr_line' id='line_1_25' title="bbox 253 1963 914 2004; baseline 0.002 -12"><span class='ocrx_word' id='word_1_152' title='bbox 253 1964 308 1999; x_wconf 89' lang='lat' dir='ltr'>vir,</span> <span class='ocrx_word' id='word_1_153' title='bbox 349 1963 545 2004; x_wconf 68' lang='grc' dir='ltr'>παλίμβιοςε</span> <span class='ocrx_word' id='word_1_154' title='bbox 592 1973 702 2004; x_wconf 86' lang='lat' dir='ltr'>nempe</span> <span class='ocrx_word' id='word_1_155' title='bbox 734 1963 763 1993; x_wconf 90' lang='lat' dir='ltr'>in</span> <span class='ocrx_word' id='word_1_156' title='bbox 800 1964 914 2004; x_wconf 78' lang='lat' dir='ltr'>templo</span> 
     </span>
     <span class='ocr_line' id='line_1_26' title="bbox 253 2011 913 2052; baseline -0.003 -10"><span class='ocrx_word' id='word_1_157' title='bbox 253 2012 366 2042; x_wconf 84' lang='lat' dir='ltr'>Dianae</span> <span class='ocrx_word' id='word_1_158' title='bbox 396 2011 532 2042; x_wconf 75' lang='lat' dir='ltr'>Aricinae</span> <span class='ocrx_word' id='word_1_159' title='bbox 563 2011 735 2041; x_wconf 83' lang='lat' dir='ltr'>domestica</span> <span class='ocrx_word' id='word_1_160' title='bbox 764 2011 913 2052; x_wconf 81' lang='lat' dir='ltr'>religione</span> 
     </span>
     <span class='ocr_line' id='line_1_27' title="bbox 253 2060 912 2101; baseline 0 -11"><span class='ocrx_word' id='word_1_161' title='bbox 253 2061 414 2091; x_wconf 86' lang='lat' dir='ltr'>colebatur</span> <span class='ocrx_word' id='word_1_162' title='bbox 435 2060 563 2091; x_wconf 66' lang='lat' dir='ltr'>Virbius</span> <span class='ocrx_word' id='word_1_163' title='bbox 587 2060 725 2100; x_wconf 85' lang='lat' dir='ltr'>quidam,</span> <span class='ocrx_word' id='word_1_164' title='bbox 748 2071 841 2101; x_wconf 85' lang='lat' dir='ltr'>quem</span> <span class='ocrx_word' id='word_1_165' title='bbox 864 2071 912 2090; x_wconf 86' lang='lat' dir='ltr'>se-</span> 
     </span>
     <span class='ocr_line' id='line_1_28' title="bbox 252 2108 913 2150; baseline -0.003 -10"><span class='ocrx_word' id='word_1_166' title='bbox 252 2109 358 2145; x_wconf 83' lang='lat' dir='ltr'>riores,</span> <span class='ocrx_word' id='word_1_167' title='bbox 375 2120 436 2139; x_wconf 91' lang='lat' dir='ltr'>non</span> <span class='ocrx_word' id='word_1_168' title='bbox 451 2109 525 2139; x_wconf 81' lang='lat' dir='ltr'>satis</span> <span class='ocrx_word' id='word_1_169' title='bbox 541 2115 663 2139; x_wconf 85' lang='lat' dir='ltr'>constat</span> <span class='ocrx_word' id='word_1_170' title='bbox 679 2120 743 2144; x_wconf 90' lang='lat' dir='ltr'>cur,</span> <span class='ocrx_word' id='word_1_171' title='bbox 761 2108 913 2150; x_wconf 84' lang='lat' dir='ltr'>Hippoly—</span> 
     </span>
     <span class='ocr_line' id='line_1_29' title="bbox 254 2157 627 2199; baseline 0.003 -12"><span class='ocrx_word' id='word_1_172' title='bbox 254 2163 319 2188; x_wconf 88' lang='lat' dir='ltr'>tum</span> <span class='ocrx_word' id='word_1_173' title='bbox 335 2157 529 2199; x_wconf 86' lang='lat' dir='ltr'>interpretati</span> <span class='ocrx_word' id='word_1_174' title='bbox 545 2163 627 2188; x_wconf 86' lang='lat' dir='ltr'>sunt.</span> 
     </span>
    </p>

    <p class='ocr_par' dir='ltr' id='par_1_6' title="bbox 252 2206 915 2735">
     <span class='ocr_line' id='line_1_30' title="bbox 296 2206 915 2242; baseline 0 -6"><span class='ocrx_word' id='word_1_175' title='bbox 296 2207 369 2237; x_wconf 79' lang='lat'>546.</span> <span class='ocrx_word' id='word_1_176' title='bbox 400 2209 561 2237; x_wconf 77' lang='lat' dir='ltr'>Accenscor</span> <span class='ocrx_word' id='word_1_177' title='bbox 590 2207 648 2242; x_wconf 82' lang='lat' dir='ltr'>illi,</span> <span class='ocrx_word' id='word_1_178' title='bbox 673 2206 764 2237; x_wconf 86' lang='lat' dir='ltr'>datus</span> <span class='ocrx_word' id='word_1_179' title='bbox 790 2206 818 2236; x_wconf 82' lang='lat' dir='ltr'>ei</span> <span class='ocrx_word' id='word_1_180' title='bbox 847 2217 915 2236; x_wconf 90' lang='lat' dir='ltr'>sum</span> 
     </span>
     <span class='ocr_line' id='line_1_31' title="bbox 256 2254 913 2297; baseline -0.003 -11"><span class='ocrx_word' id='word_1_181' title='bbox 256 2254 425 2297; x_wconf 69' lang='grc' dir='ltr'><em>πάρεδρος.</em></span> <span class='ocrx_word' id='word_1_182' title='bbox 469 2255 635 2297; x_wconf 80' lang='lat' dir='ltr'>Inscriptio</span> <span class='ocrx_word' id='word_1_183' title='bbox 658 2255 740 2296; x_wconf 87' lang='lat' dir='ltr'>apud</span> <span class='ocrx_word' id='word_1_184' title='bbox 759 2254 913 2292; x_wconf 80' lang='lat' dir='ltr'>Gadium,</span> 
     </span>
     <span class='ocr_line' id='line_1_32' title="bbox 253 2304 915 2347; baseline -0.002 -12"><span class='ocrx_word' id='word_1_185' title='bbox 253 2315 328 2347; x_wconf 84' lang='lat' dir='ltr'>pag.</span> <span class='ocrx_word' id='word_1_186' title='bbox 362 2306 413 2335; x_wconf 86' lang='lat'>30.</span> <span class='ocrx_word' id='word_1_187' title='bbox 444 2305 552 2335; x_wconf 76' lang='lat' dir='ltr'>Diunae</span> <span class='ocrx_word' id='word_1_188' title='bbox 581 2305 726 2335; x_wconf 76' lang='lat' dir='ltr'>Ariciniae</span> <span class='ocrx_word' id='word_1_189' title='bbox 756 2311 784 2334; x_wconf 74' lang='lat' dir='ltr'>ec</span> <span class='ocrx_word' id='word_1_190' title='bbox 817 2304 915 2334; x_wconf 70' lang='lat' dir='ltr'>I&#39;irbio</span> 
     </span>
     <span class='ocr_line' id='line_1_33' title="bbox 255 2352 914 2393; baseline -0.002 -10"><span class='ocrx_word' id='word_1_191' title='bbox 255 2354 340 2384; x_wconf 82' lang='lat' dir='ltr'>Sacr.</span> <span class='ocrx_word' id='word_1_192' title='bbox 363 2354 486 2383; x_wconf 79' lang='lat' dir='ltr'>Accensi</span> <span class='ocrx_word' id='word_1_193' title='bbox 495 2352 680 2383; x_wconf 85' lang='lat' dir='ltr'>dicebantur</span> <span class='ocrx_word' id='word_1_194' title='bbox 693 2352 823 2382; x_wconf 83' lang='lat' dir='ltr'>ministri</span> <span class='ocrx_word' id='word_1_195' title='bbox 835 2353 914 2393; x_wconf 88' lang='lat' dir='ltr'>pub-</span> 
     </span>
     <span class='ocr_line' id='line_1_34' title="bbox 254 2401 915 2442; baseline -0.002 -11"><span class='ocrx_word' id='word_1_196' title='bbox 254 2401 306 2432; x_wconf 87' lang='lat' dir='ltr'>lici</span> <span class='ocrx_word' id='word_1_197' title='bbox 320 2401 550 2442; x_wconf 87' lang='lat' dir='ltr'>magistratibus</span> <span class='ocrx_word' id='word_1_198' title='bbox 566 2401 715 2431; x_wconf 85' lang='lat' dir='ltr'>attributi.</span> <span class='ocrx_word' id='word_1_199' title='bbox 754 2402 915 2431; x_wconf 67' lang='lat' dir='ltr'>siccensem·</span> 
     </span>
     <span class='ocr_line' id='line_1_35' title="bbox 254 2450 915 2491; baseline 0.002 -11"><span class='ocrx_word' id='word_1_200' title='bbox 254 2450 369 2480; x_wconf 75' lang='lat' dir='ltr'>habent</span> <span class='ocrx_word' id='word_1_201' title='bbox 386 2450 477 2491; x_wconf 87' lang='lat' dir='ltr'>prim.</span> <span class='ocrx_word' id='word_1_202' title='bbox 509 2451 649 2485; x_wconf 87' lang='lat' dir='ltr'>Strozzae,</span> <span class='ocrx_word' id='word_1_203' title='bbox 662 2461 742 2481; x_wconf 91' lang='lat' dir='ltr'>unus</span> <span class='ocrx_word' id='word_1_204' title='bbox 753 2450 915 2481; x_wconf 82' lang='lat' dir='ltr'>Leidensis</span> 
     </span>
     <span class='ocr_line' id='line_1_36' title="bbox 252 2498 914 2536; baseline 0 -7"><span class='ocrx_word' id='word_1_205' title='bbox 252 2505 285 2529; x_wconf 89' lang='lat' dir='ltr'>et</span> <span class='ocrx_word' id='word_1_206' title='bbox 307 2509 384 2529; x_wconf 88' lang='lat' dir='ltr'>unus</span> <span class='ocrx_word' id='word_1_207' title='bbox 407 2498 648 2536; x_wconf 86' lang='lat' dir='ltr'>Ambrosianus3</span> <span class='ocrx_word' id='word_1_208' title='bbox 684 2498 736 2529; x_wconf 89' lang='lat' dir='ltr'>alii</span> <span class='ocrx_word' id='word_1_209' title='bbox 762 2502 914 2529; x_wconf 79' lang='lat' dir='ltr'>assentior.</span> 
     </span>
     <span class='ocr_line' id='line_1_37' title="bbox 253 2546 913 2589; baseline 0.002 -12"><span class='ocrx_word' id='word_1_210' title='bbox 253 2547 350 2577; x_wconf 84' lang='lat' dir='ltr'>Plura</span> <span class='ocrx_word' id='word_1_211' title='bbox 372 2553 442 2577; x_wconf 89' lang='lat' dir='ltr'>sunt</span> <span class='ocrx_word' id='word_1_212' title='bbox 465 2546 515 2577; x_wconf 91' lang='lat' dir='ltr'>hic</span> <span class='ocrx_word' id='word_1_213' title='bbox 536 2557 650 2588; x_wconf 84' lang='lat' dir='ltr'>genera</span> <span class='ocrx_word' id='word_1_214' title='bbox 667 2547 820 2583; x_wconf 81' lang='lat' dir='ltr'>lectionis,</span> <span class='ocrx_word' id='word_1_215' title='bbox 843 2558 913 2589; x_wconf 85' lang='lat' dir='ltr'>quae</span> 
     </span>
     <span class='ocr_line' id='line_1_38' title="bbox 256 2595 914 2637; baseline 0.003 -12"><span class='ocrx_word' id='word_1_216' title='bbox 256 2595 325 2626; x_wconf 85' lang='lat' dir='ltr'>vide</span> <span class='ocrx_word' id='word_1_217' title='bbox 349 2595 431 2637; x_wconf 83' lang='lat' dir='ltr'>apud</span> <span class='ocrx_word' id='word_1_218' title='bbox 457 2596 632 2627; x_wconf 87' lang='lat' dir='ltr'>Heinsium.</span> <span class='ocrx_word' id='word_1_219' title='bbox 677 2596 785 2627; x_wconf 84' lang='lat' dir='ltr'>Codex</span> <span class='ocrx_word' id='word_1_220' title='bbox 811 2602 914 2627; x_wconf 88' lang='lat' dir='ltr'>noster</span> 
     </span>
     <span class='ocr_line' id='line_1_39' title="bbox 256 2644 911 2686; baseline 0.002 -11"><span class='ocrx_word' id='word_1_221' title='bbox 256 2644 377 2686; x_wconf 84' lang='lat' dir='ltr'>Regius</span> <span class='ocrx_word' id='word_1_222' title='bbox 398 2645 439 2675; x_wconf 86' lang='lat' dir='ltr'>A.</span> <span class='ocrx_word' id='word_1_223' title='bbox 454 2647 613 2682; x_wconf 80' lang='lat' dir='ltr'>assentior,·</span> <span class='ocrx_word' id='word_1_224' title='bbox 638 2645 734 2676; x_wconf 83' lang='lat' dir='ltr'>codex</span> <span class='ocrx_word' id='word_1_225' title='bbox 754 2647 794 2677; x_wconf 90' lang='lat' dir='ltr'>B.</span> <span class='ocrx_word' id='word_1_226' title='bbox 813 2657 911 2677; x_wconf 76' lang='lat' dir='ltr'>accer-</span> 
     </span>
     <span class='ocr_line' id='line_1_40' title="bbox 254 2694 859 2735; baseline 0.003 -11"><span class='ocrx_word' id='word_1_227' title='bbox 254 2696 324 2730; x_wconf 79' lang='lat' dir='ltr'>sior,</span> <span class='ocrx_word' id='word_1_228' title='bbox 339 2699 371 2725; x_wconf 86' lang='lat' dir='ltr'>et</span> <span class='ocrx_word' id='word_1_229' title='bbox 385 2704 438 2735; x_wconf 90' lang='lat' dir='ltr'>pro</span> <span class='ocrx_word' id='word_1_230' title='bbox 453 2694 539 2725; x_wconf 84' lang='lat' dir='ltr'>varia</span> <span class='ocrx_word' id='word_1_231' title='bbox 553 2694 685 2726; x_wconf 83' lang='lat' dir='ltr'>lectione</span> <span class='ocrx_word' id='word_1_232' title='bbox 702 2697 859 2735; x_wconf 81' lang='lat' dir='ltr'>acceptior.</span> 
     </span>
    </p>
   </div>
   <div class='ocr_carea' id='block_1_5' title="bbox 979 1767 1643 2736">
    <p class='ocr_par' dir='ltr' id='par_1_7' title="bbox 981 1767 1643 2054">
     <span class='ocr_line' id='line_1_41' title="bbox 1026 1767 1639 1808; baseline -0.008 -7"><span class='ocrx_word' id='word_1_233' title='bbox 1026 1771 1099 1801; x_wconf 81' lang='lat'>550.</span> <span class='ocrx_word' id='word_1_234' title='bbox 1119 1770 1258 1800; x_wconf 59' lang='lat' dir='ltr'>Gelidum</span> <span class='ocrx_word' id='word_1_235' title='bbox 1271 1770 1305 1799; x_wconf 78' lang='lat' dir='ltr'>cle</span> <span class='ocrx_word' id='word_1_236' title='bbox 1317 1779 1447 1807; x_wconf 78' lang='lat' dir='ltr'>corpore,</span> <span class='ocrx_word' id='word_1_237' title='bbox 1459 1767 1537 1807; x_wconf 84' lang='lat' dir='ltr'>etc.]</span> <span class='ocrx_word' id='word_1_238' title='bbox 1556 1767 1639 1808; x_wconf 77' lang='lat' dir='ltr'>Ege-</span> 
     </span>
     <span class='ocr_line' id='line_1_42' title="bbox 982 1816 1643 1851; baseline -0.005 -3"><span class='ocrx_word' id='word_1_239' title='bbox 982 1819 1027 1849; x_wconf 83' lang='lat' dir='ltr'>ria</span> <span class='ocrx_word' id='word_1_240' title='bbox 1042 1819 1108 1848; x_wconf 85' lang='lat' dir='ltr'>fons</span> <span class='ocrx_word' id='word_1_241' title='bbox 1122 1824 1153 1848; x_wconf 85' lang='lat' dir='ltr'>et</span> <span class='ocrx_word' id='word_1_242' title='bbox 1167 1818 1257 1848; x_wconf 81' lang='lat' dir='ltr'>lucus</span> <span class='ocrx_word' id='word_1_243' title='bbox 1269 1817 1307 1848; x_wconf 84' lang='lat' dir='ltr'>ad</span> <span class='ocrx_word' id='word_1_244' title='bbox 1321 1816 1459 1846; x_wconf 85' lang='lat' dir='ltr'>Ariciam</span> <span class='ocrx_word' id='word_1_245' title='bbox 1469 1821 1526 1846; x_wconf 81' lang='lat' dir='ltr'>est.</span> <span class='ocrx_word' id='word_1_246' title='bbox 1550 1816 1643 1851; x_wconf 86' lang='lat' dir='ltr'>Fons,</span> 
     </span>
     <span class='ocr_line' id='line_1_43' title="bbox 982 1865 1642 1907; baseline -0.006 -10"><span class='ocrx_word' id='word_1_247' title='bbox 982 1868 1056 1897; x_wconf 89' lang='lat' dir='ltr'>olim</span> <span class='ocrx_word' id='word_1_248' title='bbox 1073 1867 1214 1907; x_wconf 83' lang='lat' dir='ltr'>religiose</span> <span class='ocrx_word' id='word_1_249' title='bbox 1231 1866 1333 1896; x_wconf 89' lang='lat' dir='ltr'>cultus</span> <span class='ocrx_word' id='word_1_250' title='bbox 1348 1872 1378 1895; x_wconf 81' lang='lat' dir='ltr'>et</span> <span class='ocrx_word' id='word_1_251' title='bbox 1393 1870 1528 1899; x_wconf 86' lang='lat' dir='ltr'>ornatus,</span> <span class='ocrx_word' id='word_1_252' title='bbox 1545 1865 1642 1895; x_wconf 85' lang='lat' dir='ltr'>Juve-</span> 
     </span>
     <span class='ocr_line' id='line_1_44' title="bbox 983 1913 1640 1946; baseline -0.003 0"><span class='ocrx_word' id='word_1_253' title='bbox 983 1917 1045 1946; x_wconf 89' lang='lat' dir='ltr'>nal.</span> <span class='ocrx_word' id='word_1_254' title='bbox 1072 1914 1105 1945; x_wconf 89' lang='lat' dir='ltr'>ii.</span> <span class='ocrx_word' id='word_1_255' title='bbox 1135 1916 1186 1945; x_wconf 89' lang='grc'>17.</span> <span class='ocrx_word' id='word_1_256' title='bbox 1217 1915 1311 1945; x_wconf 87' lang='lat' dir='ltr'>etiam</span> <span class='ocrx_word' id='word_1_257' title='bbox 1341 1913 1431 1944; x_wconf 89' lang='lat' dir='ltr'>hodie</span> <span class='ocrx_word' id='word_1_258' title='bbox 1460 1913 1640 1944; x_wconf 82' lang='lat' dir='ltr'>ostenditur.</span> 
     </span>
     <span class='ocr_line' id='line_1_45' title="bbox 986 1963 1641 2005; baseline -0.003 -11"><span class='ocrx_word' id='word_1_259' title='bbox 986 1965 1117 1994; x_wconf 75' lang='lat' dir='ltr'>Tenuuri</span> <span class='ocrx_word' id='word_1_260' title='bbox 1132 1963 1252 2005; x_wconf 86' lang='lat' dir='ltr'>proprie</span> <span class='ocrx_word' id='word_1_261' title='bbox 1268 1963 1414 1993; x_wconf 85' lang='lat' dir='ltr'>dicuntur</span> <span class='ocrx_word' id='word_1_262' title='bbox 1430 1972 1559 2003; x_wconf 88' lang='lat' dir='ltr'>quorum</span> <span class='ocrx_word' id='word_1_263' title='bbox 1576 1972 1641 1992; x_wconf 88' lang='lat' dir='ltr'>cor-</span> 
     </span>
     <span class='ocr_line' id='line_1_46' title="bbox 981 2011 1556 2054; baseline -0.005 -11"><span class='ocrx_word' id='word_1_264' title='bbox 981 2025 1039 2054; x_wconf 82' lang='lat' dir='ltr'>pus</span> <span class='ocrx_word' id='word_1_265' title='bbox 1054 2012 1223 2049; x_wconf 76' lang='lat' dir='ltr'>evanescit,</span> <span class='ocrx_word' id='word_1_266' title='bbox 1240 2013 1336 2043; x_wconf 82' lang='lat' dir='ltr'>autin</span> <span class='ocrx_word' id='word_1_267' title='bbox 1353 2022 1464 2052; x_wconf 82' lang='lat' dir='ltr'>aquam</span> <span class='ocrx_word' id='word_1_268' title='bbox 1480 2011 1556 2041; x_wconf 83' lang='lat' dir='ltr'>abit.</span> 
     </span>
    </p>

    <p class='ocr_par' dir='ltr' id='par_1_8' title="bbox 981 2059 1643 2585">
     <span class='ocr_line' id='line_1_47' title="bbox 1025 2059 1642 2103; baseline -0.006 -10"><span class='ocrx_word' id='word_1_269' title='bbox 1025 2063 1207 2093; x_wconf 79' lang='lat'>552—559.</span> <span class='ocrx_word' id='word_1_270' title='bbox 1234 2062 1336 2103; x_wconf 79' lang='lat' dir='ltr'>Tages.</span> <span class='ocrx_word' id='word_1_271' title='bbox 1367 2066 1474 2090; x_wconf 87' lang='lat' dir='ltr'>auctor</span> <span class='ocrx_word' id='word_1_272' title='bbox 1500 2059 1642 2100; x_wconf 76' lang='lat' dir='ltr'>haruspi-</span> 
     </span>
     <span class='ocr_line' id='line_1_48' title="bbox 983 2109 1643 2152; baseline -0.002 -11"><span class='ocrx_word' id='word_1_273' title='bbox 983 2111 1060 2141; x_wconf 87' lang='lat' dir='ltr'>cinae</span> <span class='ocrx_word' id='word_1_274' title='bbox 1088 2111 1171 2152; x_wconf 89' lang='lat' dir='ltr'>apud</span> <span class='ocrx_word' id='word_1_275' title='bbox 1202 2111 1359 2145; x_wconf 87' lang='lat' dir='ltr'>Etruscos,</span> <span class='ocrx_word' id='word_1_276' title='bbox 1389 2120 1425 2140; x_wconf 84' lang='lat' dir='ltr'>ex</span> <span class='ocrx_word' id='word_1_277' title='bbox 1457 2109 1571 2150; x_wconf 81' lang='lat' dir='ltr'>gleba;</span> <span class='ocrx_word' id='word_1_278' title='bbox 1602 2109 1643 2140; x_wconf 84' lang='lat' dir='ltr'>cf.</span> 
     </span>
     <span class='ocr_line' id='line_1_49' title="bbox 984 2157 1641 2190; baseline -0.005 -1"><span class='ocrx_word' id='word_1_279' title='bbox 984 2159 1092 2190; x_wconf 89' lang='lat' dir='ltr'>Cicero</span> <span class='ocrx_word' id='word_1_280' title='bbox 1112 2159 1150 2189; x_wconf 91' lang='lat' dir='ltr'>de</span> <span class='ocrx_word' id='word_1_281' title='bbox 1174 2159 1249 2189; x_wconf 81' lang='lat' dir='ltr'>Div.</span> <span class='ocrx_word' id='word_1_282' title='bbox 1272 2158 1305 2189; x_wconf 91' lang='lat' dir='ltr'>ii.</span> <span class='ocrx_word' id='word_1_283' title='bbox 1326 2160 1378 2189; x_wconf 77' lang='lat'>⁴23.</span> <span class='ocrx_word' id='word_1_284' title='bbox 1422 2158 1496 2189; x_wconf 72' lang='lat' dir='ltr'>Vid.</span> <span class='ocrx_word' id='word_1_285' title='bbox 1517 2157 1641 2188; x_wconf 87' lang='lat' dir='ltr'>omnino</span> 
     </span>
     <span class='ocr_line' id='line_1_50' title="bbox 984 2206 1641 2249; baseline -0.005 -11"><span class='ocrx_word' id='word_1_286' title='bbox 984 2208 1161 2249; x_wconf 86' lang='lat' dir='ltr'>Dempsteri</span> <span class='ocrx_word' id='word_1_287' title='bbox 1181 2208 1284 2238; x_wconf 80' lang='lat' dir='ltr'>Etrur.</span> <span class='ocrx_word' id='word_1_288' title='bbox 1305 2207 1419 2248; x_wconf 83' lang='lat' dir='ltr'>Regal.</span> <span class='ocrx_word' id='word_1_289' title='bbox 1436 2207 1482 2236; x_wconf 87' lang='lat' dir='ltr'>iii.</span> <span class='ocrx_word' id='word_1_290' title='bbox 1505 2208 1530 2236; x_wconf 92' lang='lat'>1.</span> <span class='ocrx_word' id='word_1_291' title='bbox 1577 2206 1641 2236; x_wconf 82' lang='lat' dir='ltr'>Ad-</span> 
     </span>
     <span class='ocr_line' id='line_1_51' title="bbox 984 2255 1643 2287; baseline -0.003 0"><span class='ocrx_word' id='word_1_292' title='bbox 984 2257 1082 2287; x_wconf 84' lang='lat' dir='ltr'>mixta</span> <span class='ocrx_word' id='word_1_293' title='bbox 1111 2265 1214 2287; x_wconf 77' lang='lat' dir='ltr'>autem</span> <span class='ocrx_word' id='word_1_294' title='bbox 1242 2264 1288 2287; x_wconf 87' lang='lat' dir='ltr'>est</span> <span class='ocrx_word' id='word_1_295' title='bbox 1312 2267 1391 2287; x_wconf 87' lang='lat' dir='ltr'>nova</span> <span class='ocrx_word' id='word_1_296' title='bbox 1419 2256 1486 2286; x_wconf 87' lang='lat' dir='ltr'>haec</span> <span class='ocrx_word' id='word_1_297' title='bbox 1513 2261 1544 2285; x_wconf 92' lang='lat' dir='ltr'>et</span> <span class='ocrx_word' id='word_1_298' title='bbox 1565 2255 1643 2285; x_wconf 86' lang='lat' dir='ltr'>mira</span> 
     </span>
     <span class='ocr_line' id='line_1_52' title="bbox 984 2304 1641 2348; baseline -0.003 -12"><span class='ocrx_word' id='word_1_299' title='bbox 984 2306 1091 2336; x_wconf 84' lang='lat' dir='ltr'>fabula</span> <span class='ocrx_word' id='word_1_300' title='bbox 1115 2317 1168 2348; x_wconf 89' lang='lat' dir='ltr'>per</span> <span class='ocrx_word' id='word_1_301' title='bbox 1195 2305 1469 2347; x_wconf 83' lang='lat' dir='ltr'>comparationem,</span> <span class='ocrx_word' id='word_1_302' title='bbox 1496 2304 1586 2345; x_wconf 84' lang='lat' dir='ltr'>eique</span> <span class='ocrx_word' id='word_1_303' title='bbox 1609 2309 1641 2334; x_wconf 85' lang='lat' dir='ltr'>et</span> 
     </span>
     <span class='ocr_line' id='line_1_53' title="bbox 984 2352 1642 2395; baseline -0.005 -10"><span class='ocrx_word' id='word_1_304' title='bbox 984 2355 1053 2385; x_wconf 83' lang='lat' dir='ltr'>aliae</span> <span class='ocrx_word' id='word_1_305' title='bbox 1077 2355 1120 2385; x_wconf 87' lang='lat' dir='ltr'>sie</span> <span class='ocrx_word' id='word_1_306' title='bbox 1144 2354 1270 2385; x_wconf 80' lang='lat' dir='ltr'>additae.</span> <span class='ocrx_word' id='word_1_307' title='bbox 1315 2353 1485 2395; x_wconf 83' lang='lat' dir='ltr'>Hippolyte</span> <span class='ocrx_word' id='word_1_308' title='bbox 1506 2352 1562 2383; x_wconf 79' lang='lat' dir='ltr'>fuit</span> <span class='ocrx_word' id='word_1_309' title='bbox 1579 2363 1642 2383; x_wconf 89' lang='lat' dir='ltr'>una</span> 
     </span>
     <span class='ocr_line' id='line_1_54' title="bbox 983 2404 1641 2443; baseline -0.005 -10"><span class='ocrx_word' id='word_1_310' title='bbox 983 2414 1020 2433; x_wconf 84' lang='lat' dir='ltr'>ex</span> <span class='ocrx_word' id='word_1_311' title='bbox 1050 2405 1256 2434; x_wconf 75' lang='lat' dir='ltr'>Amazonibus.</span> <span class='ocrx_word' id='word_1_312' title='bbox 1301 2404 1500 2443; x_wconf 79' lang='lat' dir='ltr'>Quantopere</span> <span class='ocrx_word' id='word_1_313' title='bbox 1537 2408 1641 2430; x_wconf 80' lang='lat' dir='ltr'>arator</span> 
     </span>
     <span class='ocr_line' id='line_1_55' title="bbox 982 2451 1640 2492; baseline -0.005 -10"><span class='ocrx_word' id='word_1_314' title='bbox 982 2452 1035 2482; x_wconf 85' lang='lat' dir='ltr'>ille</span> <span class='ocrx_word' id='word_1_315' title='bbox 1063 2452 1094 2481; x_wconf 89' lang='lat' dir='ltr'>in</span> <span class='ocrx_word' id='word_1_316' title='bbox 1132 2462 1204 2492; x_wconf 81' lang='lat' dir='ltr'>agro</span> <span class='ocrx_word' id='word_1_317' title='bbox 1240 2451 1410 2492; x_wconf 84' lang='lat' dir='ltr'>Tarquinio</span> <span class='ocrx_word' id='word_1_318' title='bbox 1446 2451 1640 2488; x_wconf 70' lang='lat' dir='ltr'>obstupuerit,</span> 
     </span>
     <span class='ocr_line' id='line_1_56' title="bbox 982 2498 1641 2535; baseline -0.003 -5"><span class='ocrx_word' id='word_1_319' title='bbox 982 2505 1086 2530; x_wconf 82' lang='lat' dir='ltr'>narrat</span> <span class='ocrx_word' id='word_1_320' title='bbox 1109 2500 1219 2531; x_wconf 89' lang='lat' dir='ltr'>Cicero</span> <span class='ocrx_word' id='word_1_321' title='bbox 1238 2500 1271 2530; x_wconf 86' lang='lat' dir='ltr'>d.</span> <span class='ocrx_word' id='word_1_322' title='bbox 1294 2500 1315 2529; x_wconf 94' lang='lat' dir='ltr'>l.</span> <span class='ocrx_word' id='word_1_323' title='bbox 1363 2501 1509 2535; x_wconf 80' lang='lat' dir='ltr'>Fatalem,</span> <span class='ocrx_word' id='word_1_324' title='bbox 1532 2509 1550 2528; x_wconf 83' lang='lat' dir='ltr'>a</span> <span class='ocrx_word' id='word_1_325' title='bbox 1571 2498 1641 2529; x_wconf 87' lang='lat' dir='ltr'>fatis</span> 
     </span>
     <span class='ocr_line' id='line_1_57' title="bbox 981 2548 1510 2585; baseline -0.002 -6"><span class='ocrx_word' id='word_1_326' title='bbox 981 2555 1109 2585; x_wconf 89' lang='lat' dir='ltr'>motam,</span> <span class='ocrx_word' id='word_1_327' title='bbox 1126 2555 1160 2579; x_wconf 92' lang='lat' dir='ltr'>ut</span> <span class='ocrx_word' id='word_1_328' title='bbox 1176 2549 1266 2579; x_wconf 90' lang='lat' dir='ltr'>homo</span> <span class='ocrx_word' id='word_1_329' title='bbox 1281 2548 1354 2579; x_wconf 87' lang='lat' dir='ltr'>inde</span> <span class='ocrx_word' id='word_1_330' title='bbox 1369 2548 1510 2579; x_wconf 84' lang='lat' dir='ltr'>oriretur.</span> 
     </span>
    </p>

    <p class='ocr_par' dir='ltr' id='par_1_9' title="bbox 979 2596 1640 2736">
     <span class='ocr_line' id='line_1_58' title="bbox 1023 2596 1640 2629; baseline -0.003 -1"><span class='ocrx_word' id='word_1_331' title='bbox 1023 2598 1204 2629; x_wconf 81' lang='lat'>560—564.</span> <span class='ocrx_word' id='word_1_332' title='bbox 1229 2598 1354 2628; x_wconf 81' lang='lat' dir='ltr'>Romuli</span> <span class='ocrx_word' id='word_1_333' title='bbox 1382 2598 1465 2627; x_wconf 76' lang='lat' dir='ltr'>hasta</span> <span class='ocrx_word' id='word_1_334' title='bbox 1494 2596 1527 2626; x_wconf 88' lang='lat' dir='ltr'>in</span> <span class='ocrx_word' id='word_1_335' title='bbox 1551 2597 1640 2627; x_wconf 88' lang='lat' dir='ltr'>arbo-</span> 
     </span>
     <span class='ocr_line' id='line_1_59' title="bbox 979 2646 1639 2678; baseline -0.003 -1"><span class='ocrx_word' id='word_1_336' title='bbox 979 2658 1057 2677; x_wconf 89' lang='lat' dir='ltr'>rem.</span> <span class='ocrx_word' id='word_1_337' title='bbox 1104 2647 1194 2678; x_wconf 88' lang='lat' dir='ltr'>Conf.</span> <span class='ocrx_word' id='word_1_338' title='bbox 1213 2646 1399 2677; x_wconf 86' lang='lat' dir='ltr'>Plutarchus</span> <span class='ocrx_word' id='word_1_339' title='bbox 1413 2646 1445 2676; x_wconf 89' lang='lat' dir='ltr'>in</span> <span class='ocrx_word' id='word_1_340' title='bbox 1460 2646 1555 2676; x_wconf 74' lang='lat' dir='ltr'>Rom.</span> <span class='ocrx_word' id='word_1_341' title='bbox 1569 2646 1639 2676; x_wconf 84' lang='lat' dir='ltr'>Ser-</span> 
     </span>
     <span class='ocr_line' id='line_1_60' title="bbox 981 2693 1638 2736; baseline -0.003 -10"><span class='ocrx_word' id='word_1_342' title='bbox 981 2695 1048 2727; x_wconf 89' lang='lat' dir='ltr'>vius</span> <span class='ocrx_word' id='word_1_343' title='bbox 1080 2695 1121 2726; x_wconf 87' lang='lat' dir='ltr'>ad</span> <span class='ocrx_word' id='word_1_344' title='bbox 1150 2694 1328 2736; x_wconf 82' lang='lat' dir='ltr'>Virgilium,</span> <span class='ocrx_word' id='word_1_345' title='bbox 1357 2694 1484 2725; x_wconf 80' lang='lat' dir='ltr'>AEneid.</span> <span class='ocrx_word' id='word_1_346' title='bbox 1512 2693 1557 2724; x_wconf 87' lang='lat' dir='ltr'>iii.</span> <span class='ocrx_word' id='word_1_347' title='bbox 1586 2694 1638 2724; x_wconf 82' lang='lat'>46.</span> 
     </span>
    </p>
   </div>
  </div>
 </body>
</html>
