1779 3130
381 156 999 201 METAMORPHOSEON
1034 158 1152 199 LIB.
1187 158 1302 199 XII.
1450 159 1532 199 301

153 273 183 319 J
189 290 267 320 am
293 274 417 321 cinis
443 281 534 330 est,
557 281 607 321 et
626 274 687 320 de
714 280 814 320 tam
838 290 1019 335 magno
1045 278 1198 321 restat
1223 271 1415 319 Achille
1436 275 1532 320 615

156 349 341 397 Nescio
368 351 504 414 quid,
526 366 726 414 parvam
754 351 888 412 quod
913 366 1010 396 non
1031 351 1158 396 bene
1183 349 1430 411 compleat
1453 364 1532 394 ur-

154 425 222 472 At
245 427 377 482 vivit,
398 434 557 472 totum
579 442 690 488 quae
717 426 870 487 gloria
888 426 1136 488 compleat
1151 425 1320 471 orbem
1340 442 1349 471 :
1380 425 1530 485 [nam.

156 500 278 548 Haec
304 502 373 547 illi
399 517 628 548 mensura
653 501 752 547 viro
779 502 1060 563 respondet,
1089 508 1138 547 et
1163 501 1255 546 hac
1282 507 1358 546 est

155 576 254 623 Par
278 578 371 624 sibi
398 577 626 634 Pelides;
668 593 758 624 nec
784 578 948 625 inania
971 577 1176 624 Tartara
1200 577 1366 622 sentit.

157 652 274 715 Ipse
295 653 462 709 etiam,
486 661 555 709 ut,
573 655 648 715 cuj
660 670 714 699 us
734 653 894 709 fuerit,
916 668 1215 714 cognoscere
1235 652 1411 714 possis,
1439 655 1535 697 620

157 728 301 776 Bella
325 737 487 776 movet
511 731 734 792 clypeus,
758 730 920 791 deque
947 729 1093 776 armis
1118 744 1252 774 arma
1276 727 1515 774 feruntur.

159 804 272 851 Non
298 822 356 852 ea
380 806 619 869 Tydides,
647 822 744 851 non
770 806 921 852 audet
948 806 1117 851 Oileos
1145 805 1292 865 Ajax,

157 881 273 927 Non
298 882 455 928 minor
480 882 694 937 Atrides,
722 897 819 927 non
845 882 975 928 bello
1000 882 1154 943 major
1178 887 1228 926 et
1253 894 1373 934 aevo,

158 956 389 1014 Poscere,
417 975 513 1005 non
539 958 648 1005 alii:
689 959 779 1004 soli
804 958 1072 1005 Telamone
1098 962 1264 1003 creato

159 1033 452 1097 Laertaque,
479 1035 570 1081 fuit
594 1041 741 1081 tantae
767 1035 949 1081 fiducia
973 1033 1148 1081 laudis,

157 1145 263 1165 muni:
304 1138 437 1166 arnnirat
466 1138 537 1166 «leus
567 1138 653 1171 idem,
683 1138 815 1176 'idemque

158 1185 318 1220 cremarat,
336 1194 446 1225 nempe
464 1184 625 1214 Vulcanus
643 1195 728 1214 arina
750 1185 815 1225 ejus

159 1232 373 1268 fabricaverat,
403 1238 434 1262 et
466 1232 640 1267 Vulcanus,
673 1233 731 1263 hoc
760 1238 817 1268 est,

160 1281 252 1322 ignis,
273 1291 384 1322 corpus
402 1281 468 1322 ejus
491 1282 723 1322 absuinpserat3
752 1282 816 1311 Ho-

157 1340 270 1365 merus,
291 1329 321 1360 d.
338 1330 358 1360 l.
378 1340 440 1360 ver.
462 1331 513 1360 71.
534 1331 567 1360 σὲ
589 1331 668 1370 φλὸξ
692 1331 815 1369 ἤνυσεν

158 1377 358 1419 ’Ἡφαίστοια

201 1428 275 1458 615.
303 1428 386 1457 Ciuis
405 1434 445 1457 est
465 1433 519 1457 aut
536 1429 610 1457 cinis
631 1429 816 1468 e.riguusj‹1.-

159 1483 203 1507 cet
231 1476 368 1507 sollenne
404 1477 443 1506 de
480 1482 611 1511 mortuo,
645 1477 699 1506 sed
735 1476 765 1506 h.
796 1477 817 1507 l.

160 1535 272 1565 magna
302 1535 373 1554 cum
403 1524 432 1554 vi
463 1530 531 1566 post
560 1524 715 1566 superiora
750 1524 816 1561 illa,

161 1576 248 1603 timor
263 1574 315 1603 ille
333 1574 503 1614 Phrygum,
521 1579 581 1603 etc.
597 1579 628 1603 et
641 1574 678 1603 τὸ
694 1574 817 1613 migrans

159 1622 305 1662 praeclare
328 1621 371 1651 sic
396 1627 535 1657 exornat,
557 1623 591 1651 (Ie
621 1627 681 1650 tum
709 1632 817 1661 magno

159 1677 251 1701 restat
280 1671 398 1700 Achille
424 1671 528 1700 Nescio
553 1672 635 1710 quid,
661 1669 816 1711 particula

161 1719 300 1755 minima,
325 1725 356 1749 et
386 1718 437 1749 vix
467 1718 631 1754 sensibilis,
657 1721 733 1758 quod
757 1730 815 1748 ‘non

160 1769 229 1798 bene
251 1767 421 1808 (exquisite
441 1778 505 1808 pro,
523 1778 583 1797 non
601 1778 734 1809 prorsus,
756 1778 816 1797 non

160 1817 270 1858 plane)
299 1828 409 1847 ἰιι-γιαηι
437 1817 589 1855 compleat.
637 1817 698 1846 Pro
722 1818 816 1846 nescio

160 1867 242 1904 quid,
263 1876 387 1904 parram
417 1866 503 1904 quod,
529 1870 588 1895 etc.
620 1875 725 1894 omnes
754 1865 816 1895 fere

160 1913 228 1943 libri
254 1913 359 1955 scripti
384 1913 540 1954 (exceptis
560 1913 671 1954 Regiis
691 1913 816 1953 nostris)

161 1961 276 1992 habent
296 1964 390 1992 'nescio
407 1964 478 2001 quid
497 1973 636 2001 parvum,
655 1964 741 2002 quod,
757 1968 817 1992 etc.

160 2016 279 2040 mutata
294 2009 502 2040 distinctione.
550 2010 654 2039 Parva:
669 2015 772 2040 autem
787 2016 818 2040 et

160 2058 258 2088 exiles
274 2068 340 2088 esse
359 2058 502 2088 solebant
522 2068 620 2093 urme,
638 2064 671 2088 ut
691 2064 818 2099 apparet

161 2117 198 2137 ex
228 2107 275 2142 iis,
302 2118 371 2148 quae
402 2108 494 2136 etiam
532 2117 614 2137 nunc
644 2113 818 2148 supersunt.

160 2155 330 2185 Praeiverat
352 2156 464 2185 Nostro
490 2154 678 2196 Propertius,
701 2155 744 2186 ΙΙ.
766 2155 818 2187 vii.

161 2204 215 2234 51.
244 2203 295 2233 ubi
322 2203 437 2233 Briseis
459 2205 536 2233 tanti
560 2214 663 2241 corpus
688 2204 818 2233 Achillei

169 2253 234 2281 Ma]
243 2254 356 2292 imaque
368 2254 398 2281 in
408 2263 502 2290 parva
511 2253 630 2282 sustulit
641 2264 700 2282 ossa
713 2263 818 2289 mamb·

163 2306 194 2330 ct
220 2301 279 2330 lv.
301 2300 345 2330 xi.
372 2300 419 2330 14.
443 2300 495 2329 ubi
517 2301 639 2341 sepulta
661 2300 819 2337 Cornelia,

161 2354 326 2390 postquam
350 2348 532 2389 dignitatern
556 2360 643 2379 suani
665 2348 741 2378 nihil
762 2349 819 2379 sibi

163 2398 311 2438 profuisse
328 2403 439 2439 questa
454 2404 510 2433 est,
527 2398 626 2428 addit.
670 2398 718 2427 En
732 2398 742 2426 .'
757 2410 819 2428 sum,

161 2449 238 2487 quod
274 2448 378 2487 digitis
415 2448 543 2487 quinque
580 2448 697 2477 leuatur
734 2458 818 2477 onus.

161 2495 223 2526 Sed
252 2496 409 2537 pueriliter
444 2496 658 2537 gravissimam
695 2502 817 2527 senten-

161 2543 238 2574 tiam
257 2545 401 2574 tractavit
421 2545 531 2575 Senee.
555 2545 649 2575 Herc.
671 2544 735 2574 (Εἰ.
755 2554 817 2574 ver.

167 2594 246 2623 1758
262 2604 315 2634 sq:
342 2598 361 2610 ‘⁴
373 2593 450 2624 Tam
472 2603 585 2634 parvus
600 2593 679 2623 cinis
696 2593 815 2623 Hercu-

162 2641 228 2672 leus
245 2648 312 2680 est;
336 2643 395 2673 huc
419 2642 471 2673 ille
490 2642 629 2673 decrevit
645 2642 742 2684 gigas.
789 2642 816 2671 O

165 2696 293 2736 quanta,
309 2690 412 2728 Titan,
431 2690 462 2721 in
479 2691 554 2721 nihil
575 2691 670 2721 moles
689 2691 753 2721 abit
766 2691 817 2718 1-

1439 1033 1535 1076 625

882 1146 954 1166 ecce
980 1135 1030 1165 vix
1058 1139 1154 1164 totam
1181 1132 1333 1163 Hercules
1360 1129 1538 1171 Complevit

883 1195 1013 1222 urna1n3
1043 1193 1136 1224 quaxn
1154 1182 1222 1212 leve
1239 1186 1285 1211 est
1307 1179 1428 1221 pondus
1452 1178 1538 1214 mihi,

883 1232 942 1262 Cui
980 1237 1062 1262 totus
1097 1230 1192 1260 iether
1232 1227 1353 1269 pondus
1396 1226 1539 1256 incubuit

883 1281 983 1312 leve.''
1008 1279 1141 1309 Achillis
1152 1278 1270 1308 cineres
1280 1277 1350 1306 vino
1360 1285 1538 1316 conspersos

883 1337 914 1360 et
936 1334 1096 1370 unguento
1114 1326 1222 1357 Thetis
1239 1324 1378 1356 condidit
1397 1323 1428 1353 in
1447 1333 1536 1358 urna,

884 1388 991 1419 quam,
1019 1376 1154 1407 Vulcani
1172 1385 1260 1416 opus,
1284 1384 1303 1403 a
1331 1372 1459 1403 Baccho
1485 1381 1537 1402 ao-

883 1431 1028 1467 ceperat:
1055 1426 1148 1455 lIom.
1166 1424 1197 1454 d.
1213 1424 1236 1453 l.

925 1477 998 1506 617.
1023 1476 1062 1504 At
1078 1476 1159 1509 vivit,
1172 1479 1264 1502 lotum
1276 1468 1438 1511 quaem]
1463 1468 1536 1498 Non

883 1523 984 1553 minus
999 1524 1077 1553 bene
1094 1520 1256 1562 sequentia
1270 1520 1308 1550 de
1329 1517 1426 1559 gloria
1441 1517 1536 1547 dicta.

884 1572 1062 1611 Respondet,
1078 1580 1214 1611 congrua
1229 1573 1275 1599 est
1290 1567 1354 1597 viro
1369 1565 1428 1596 illi.
1453 1565 1534 1600 Hac,

883 1621 922 1650 ab
953 1620 1010 1651 hac
1041 1625 1137 1661 parte.
1184 1618 1296 1647 luania
1322 1615 1452 1645 Tartara
1478 1625 1538 1643 non,

881 1672 981 1705 sentit,
997 1678 1156 1710 nunquam
1170 1666 1325 1697 morietur.

925 1719 998 1749 620.
1025 1718 1202 1758 Cognoscere
1224 1715 1268 1745 sic
1293 1713 1386 1744 etiarn
1404 1710 1536 1742 Heroid-

883 1767 927 1796 ix.
952 1768 1021 1798 151.
1049 1766 1094 1795 Tu
1117 1776 1228 1806 quoqne
1251 1772 1402 1804 cognosces
1426 1762 1459 1790 in
1481 1771 1537 1795 me,

886 1815 1048 1858 Meleagre‚
1059 1826 1180 1845 sororem
1193 1825 1203 1850 ,·
1229 1818 1259 1842 et
1272 1811 1355 1853 apud
1365 1808 1537 1844 Justinum,

884 1865 973 1895 XIV.
1002 1865 1044 1895 vi.
1076 1865 1126 1894 11.
1156 1869 1190 1892 ut
1216 1861 1422 1891 Alexandrum
1448 1868 1540 1897 posses

884 1916 971 1943 etiam
1000 1916 1032 1944 in
1062 1914 1203 1942 moriente
1238 1915 1332 1939 matre
1358 1917 1539 1948 cognoscere.

887 1962 975 1992 Bella
991 1968 1094 1998 movet,
1117 1959 1312 1991 occasionem
1334 1956 1451 1998 praebet
1473 1965 1538 1984 cer-

885 2011 1007 2041 tamini.
1034 2011 1105 2046 Pro,
1120 2014 1277 2040 certamen
1289 2005 1393 2041 initur,
1404 2003 1539 2045 gravius,

885 2071 967 2090 arma
976 2060 1143 2101 seruntur,
1159 2058 1232 2099 quia
1248 2056 1341 2087 verbo
1362 2054 1468 2084 ludere
1487 2063 1539 2082 vo-

886 2109 953 2140 luit.

928 2159 1003 2188 623.
1034 2158 1102 2187 Non
1127 2154 1302 2189 Menelaus,
1330 2152 1417 2182 Atrei
1446 2149 1538 2185 filius,

886 2204 960 2238 natu
985 2209 1093 2241 minor,
1124 2214 1180 2234 uec
1207 2203 1423 2244 Agamemnon
1448 2200 1540 2229 frater

885 2259 989 2295 umjor,
1013 2261 1044 2285 et
1069 2265 1138 2288 oevo,
1162 2258 1249 2288 natu,
1275 2250 1374 2284 annis,
1398 2254 1429 2278 et
1453 2249 1538 2282 bello,

885 2305 958 2346 quia
987 2313 1108 2334 summa
1137 2301 1221 2335 belli,
1251 2297 1411 2339 imperium
1444 2306 1540 2337 penes

885 2365 966 2384 eum.
1012 2353 1085 2382 Erat
1102 2363 1152 2381 ‘rex
1168 2360 1284 2391 regum,
1299 2347 1383 2379 ἄναξ
1397 2343 1538 2385 ἀνδρῶν.

885 2402 970 2432 Solet
985 2412 1054 2431 vero
1071 2401 1182 2430 Noster
1199 2395 1372 2438 hujusmodi
1383 2393 1541 2424 vocabulis

886 2460 1016 2491 quorum
1040 2449 1086 2479 vis
1109 2458 1166 2478 usu
1189 2444 1317 2476 delinita
1338 2448 1396 2478 est,
1420 2441 1538 2483 aliquid

886 2498 1019 2540 amplius
1035 2497 1167 2533 addere3
1192 2495 1213 2525 i.
1231 2495 1303 2524 750.
1318 2493 1424 2522 animis
1442 2502 1538 2530 ‹equa—

887 2548 923 2576 lis
937 2553 963 2576 et
980 2548 1067 2576 aunis
1083 2557 1090 2582 3
1118 2544 1179 2575 viii.
1197 2543 1271 2573 617.
1290 2543 1387 2571 αιιίηιο
1403 2545 1539 2569 maturas

886 2602 913 2625 ει
929 2606 996 2625 (ευω.
1045 2594 1145 2624 Tantoe
1166 2593 1277 2624 fiducia
1299 2590 1397 2619 laudis
1414 2589 1487 2624 ficit,
1503 2588 1538 2616 fi-

888 2644 997 2675 denter
1025 2643 1177 2684 insignem
1206 2641 1292 2671 illam
1325 2637 1453 2679 gloriam
1483 2646 1536 2678 ap-

886 2694 1043 2734 petebant.
