1779 3130
410 145 1026 186 METAMORPHOSEON
1060 145 1178 186 LIB.
1213 146 1303 187 XI.

1460 149 1544 188 243

165 256 281 304 Nox
307 258 442 321 legit,
469 267 520 306 et
545 259 731 322 spargit
756 275 842 322 per
863 275 1046 322 opacas
1072 260 1275 308 humida
1298 268 1468 308 terras.

162 332 193 378 J
198 349 341 389 anua,
369 351 480 396 quae
505 351 645 382 verso
671 335 930 381 stridorem
955 336 1153 383 cardine
1178 337 1372 392 reddat,

166 408 318 456 Nulla
342 410 487 456 domo
512 418 641 464 tota;
682 417 850 457 custos
878 411 926 457 in
951 411 1119 458 limine
1144 413 1325 459 nullus.

162 485 232 531 At
256 486 417 532 medio
441 493 576 532 torus
602 493 680 532 est
703 487 861 532 ebeno
887 487 1110 533 sublimis
1135 487 1185 533 in
1210 495 1365 543 antro,

1441 492 1538 536 610

164 560 419 616 Plumeus,
444 563 677 617 unicolor,
705 562 840 625 pullo
865 563 1106 610 velamine
1130 571 1308 619 tectus,

164 636 275 690 Quo
300 638 451 684 cubat
474 639 580 701 ipse
607 639 761 694 Deus,
789 640 1021 686 membris
1046 640 1283 702 languore
1309 641 1500 687 solutis.

164 711 312 759 Hune
337 713 469 760 circa
493 713 694 777 passim,
721 715 876 761 varias
903 715 1144 762 imitantia
1167 716 1364 771 formas,

166 787 370 835 Somnia
392 805 518 836 vana
534 791 706 852 jacent
728 790 952 845 totidem,
977 798 1099 853 quot
1124 791 1299 838 messis
1325 793 1516 847 aristas,

166 864 301 912 Silva
325 866 450 927 gerit
472 865 689 921 frondes,
717 869 903 928 ejectas
929 867 1044 914 litus
1070 884 1259 916 arenas.

1445 872 1539 916 615

165 939 275 994 Quo
300 942 444 988 simul
468 942 680 998 intravit,
708 945 1035 1007 manibusque
1060 945 1310 992 obstantia
1333 946 1467 1007 virgo

207 1110 280 1140 608.
303 1110 418 1146 Junua,
433 1111 524 1151 quae.]
554 1111 638 1143 Ante
654 1112 817 1143 Heinsium

162 1159 314 1190 edebatur
341 1160 457 1195 Junua,
489 1171 536 1190 ne.
581 1161 642 1191 Sed
672 1173 733 1201 quas
763 1172 818 1203 ap-

163 1208 306 1249 probavit
328 1209 422 1238 etiam
447 1209 663 1248 Burmannus;
697 1221 768 1240 nam
793 1210 818 1240 si

153 1257 252 1297 jin-es,
272 1257 384 1298 inquit,
399 1264 471 1287 sunt
491 1264 561 1288 ante
584 1264 718 1293 antrum,
736 1258 818 1289 intus

158 1307 273 1348 januas
295 1306 388 1337 fuisse
412 1306 576 1337 verisimile
600 1313 657 1342 est,
681 1307 734 1337 sed
759 1307 815 1337 mi-

164 1355 245 1386 nime
267 1365 403 1386 sonoras.
449 1356 636 1396 Quanquam
648 1356 736 1397 fores
757 1357 818 1387 sint

165 1410 237 1434 ante
260 1410 393 1439 antrum,
421 1414 480 1434 non
506 1404 622 1435 idcirco
647 1405 818 1436 necessario

163 1453 286 1483 fuerunt
308 1452 390 1483 intus
409 1452 523 1493 januae,
551 1453 598 1483 vel
622 1453 747 1484 minime
770 1465 816 1484 so-

164 1512 264 1540 norae3
280 1501 334 1532 sed
349 1508 456 1532 contra
470 1502 564 1532 nullae
580 1503 723 1541 suerunt3
740 1513 817 1544 qua-

163 1556 287 1592 propter
301 1557 396 1581 custos
416 1552 447 1581 in
469 1552 570 1581 limine
585 1553 705 1582 nullus:
730 1553 766 1583 τὸ
783 1564 818 1582 ue

162 1599 256 1640 igitur
271 1610 358 1641 posse
373 1599 501 1630 defendi
516 1610 554 1630 ex
574 1601 684 1630 nostris
702 1600 817 1632 codici-

163 1648 222 1678 bus
246 1647 355 1689 Regiis
380 1648 533 1678 existimo.
578 1649 616 1679 In
645 1649 753 1679 codice
779 1650 817 1679 B.

164 1708 273 1729 manus
291 1698 430 1728 secunda
452 1699 532 1728 bene
553 1698 685 1729 restituit
702 1701 818 1736 reddat,

160 1758 218 1789 pro
232 1755 315 1777 sonat
331 1747 414 1788 quod
429 1747 533 1777 sensui
554 1754 584 1777 et
606 1747 704 1788 magis
724 1748 818 1778 etiam

163 1802 259 1826 metro
274 1801 436 1837 repugnat.
460 1796 599 1826 Custodes
614 1795 730 1826 Statius
746 1796 819 1827 facit

163 1844 322 1881 Quietem,
341 1844 550 1879 Oblivionem,
566 1842 740 1874 Silentium.

205 1894 278 1923 610.
302 1895 342 1922 At
358 1895 449 1923 medio
464 1899 545 1923 torus
558 1900 610 1928 est,
625 1893 701 1933 etc-J
728 1893 818 1924 Frus—

163 1948 210 1973 tra
226 1942 275 1972 hic
292 1941 447 1972 haeserunt
462 1941 654 1983 interpretes·
676 1943 714 1972 In
725 1945 818 1973 medio

162 1997 229 2021 erat
254 1997 335 2020 torus
362 1991 508 2029 plumeas,
533 1990 679 2032 pulvinus
705 1991 818 2032 plumis

162 2040 326 2074 confertus,
356 2044 470 2079 (quum
499 2038 698 2079 pauperiores
723 2039 816 2070 liabe-

161 2093 228 2119 rent
243 2094 342 2118 torum
358 2087 397 2117 (le
411 2087 506 2123 ulvis)
520 2087 680 2128 impositus
693 2088 818 2129 sponda:

162 2136 288 2168 sublimi
317 2147 354 2166 ex
384 2137 495 2171 ebeno,
524 2136 664 2176 adeoque
689 2138 820 2167 sublimis

163 2191 195 2216 et
224 2186 290 2226 ipse
318 2184 555 2225 magnificentiae
584 2195 690 2221 causa,
719 2192 820 2216 tectus

162 2240 312 2276 praeterea
323 2234 407 2272 pullo
425 2234 577 2268 velamine,
592 2234 728 2274 stragulo
743 2240 819 2271 atro,

164 2289 197 2313 ut
224 2282 302 2312 adeo
330 2287 412 2312 totus
436 2281 536 2312 lectus
565 2289 645 2312 esset
673 2284 818 2320 unicolor,

163 2330 247 2372 quod
270 2331 314 2360 ita
337 2330 540 2371 compositum
566 2336 612 2360 est
638 2336 672 2360 ut
699 2332 818 2367 bicolor,

162 2380 329 2414 versicolor,
351 2380 502 2414 atricolor,
521 2385 581 2409 etc.
625 2379 739 2410 Confer
756 2380 819 2411 viii.

162 2429 345 2459 655—659.
392 2428 452 2458 Pro
480 2430 511 2458 in
547 2435 635 2458 antro
672 2429 819 2460 Heinsius

162 2476 249 2508 dedit
273 2479 304 2533 {n
330 2484 417 2514 utra,
442 2482 472 2507 et
493 2488 547 2518 pro
574 2479 710 2508 unicolor
732 2479 820 2508 malit

162 2528 304 2557 atria-olor
319 2526 420 2568 (quod
433 2528 576 2558 voeabul.
592 2537 629 2557 ex
646 2527 748 2557 Plinio
764 2527 818 2558 de-

163 2575 290 2610 fendit,)
303 2581 356 2606 aut
368 2576 533 2615 aufuit-olor,
547 2575 628 2616 aequi
639 2586 709 2606 cum
720 2576 819 2606 ebeno

163 2628 229 2653 atra
235 2623 354 2660 coloris,
365 2625 463 2655 ebeno
475 2625 626 2661 concolor,
639 2624 704 2655 sine
713 2635 820 2656 causa.

171 2672 357 2703 [fnit-olorem
371 2680 403 2705 et
420 2673 545 2714 quidem
565 2679 665 2705 atrum
686 2674 821 2704 habebat

885 1120 995 1149 torum,
1012 1120 1046 1144 ut
1061 1114 1164 1144 omnia
1180 1120 1283 1144 essent
1299 1112 1409 1148 tristia,
1424 1113 1543 1144 aulam-

885 1172 946 1202 que
962 1162 1066 1192 Somni
1085 1168 1287 1198 ostentarent,
1304 1172 1400 1203 quum
1419 1161 1545 1192 ditiores

885 1211 1020 1241 Romani
1039 1211 1275 1242 versicoloribus
1298 1211 1399 1246 lectis,
1419 1210 1544 1252 spondis

886 1270 923 1289 ex
946 1260 1131 1296 terebintho,
1153 1271 1289 1301 auroque
1313 1260 1441 1295 ornatis,
1462 1265 1541 1290 stra-

884 1308 965 1348 gulis
985 1309 1159 1350 purpureis,
1180 1308 1272 1350 pictis
1291 1308 1539 1339 delectarentur:

885 1358 1071 1399 Propertius,
1087 1358 1152 1388 111.
1168 1369 1197 1388 v.
1214 1358 1273 1395 633
1289 1358 1449 1398 Virgilius,
1468 1358 1542 1388 jEn.

884 1406 904 1436 i.
934 1408 1009 1437 697.
1049 1407 1158 1437 Cicero
1193 1408 1285 1438 Tusc.
1316 1419 1346 1436 v.
1374 1408 1436 1436 21:
1471 1406 1542 1437 vide

884 1455 1014 1485 Salinas.
1039 1456 1077 1485 ad
1102 1456 1199 1486 Solin.
1223 1467 1254 1497 p.
1285 1457 1358 1486 417.
1405 1456 1543 1486 Membris

884 1506 1007 1540 s‹›luti.s;
1032 1504 1096 1534 vid.
1115 1504 1153 1534 ad
1171 1504 1222 1534 vii.
1244 1505 1316 1534 186.

929 1553 1001 1583 613.
1027 1553 1151 1588 Passim,
1177 1552 1316 1594 dispersa
1337 1551 1403 1582 sine
1425 1550 1542 1582 ordine.

888 1602 964 1636 Quot
988 1603 1093 1637 messis,
1110 1608 1170 1632 etc.
1186 1601 1323 1642 vulgaris
1343 1599 1542 1641 comparatio.

885 1651 1054 1681 Selectiora
1074 1651 1168 1681 habet
1182 1651 1300 1680 Seneca
1315 1649 1388 1680 (Ed.
1403 1659 1464 1679 ver.
1480 1649 1542 1678 600

885 1710 956 1740 sqq.
999 1699 1027 1728 A
1045 1699 1180 1729 Luciano
1194 1703 1401 1729 memorantur
1414 1707 1543 1738 procera

885 1755 916 1778 et
941 1747 1080 1782 humilia,
1106 1747 1236 1777 formosa
1260 1752 1291 1776 et
1316 1745 1469 1781 informia,
1491 1745 1542 1786 ju-

886 1796 1000 1831 cunda,
1026 1805 1130 1830 aurea,
1159 1794 1253 1830 alata,
1278 1799 1385 1824 ornata
1413 1794 1542 1824 somnia.

888 1846 988 1879 Geric,
1015 1845 1082 1880 fert,
1109 1844 1212 1874 habet.
1256 1843 1410 1879 Tibullus,
1437 1844 1480 1873 ΙΙ.
1500 1843 1542 1873 iv.

886 1894 938 1923 56.
970 1893 1123 1933 Quidquid
1160 1899 1186 1922 et
1223 1892 1381 1921 herbarum
1406 1891 1543 1921 Thessala

887 1950 969 1973 terra
982 1943 1074 1983 gerit.

929 1992 1003 2022 616.
1028 1992 1406 2030 Manibusque—dimovit,
1432 1996 1463 2020 ut
1488 1988 1542 2030 qui

886 2051 938 2081 per
961 2040 1057 2070 densa
1076 2040 1210 2080 virgulta
1231 2040 1390 2070 incedunt.
1434 2038 1494 2069 Sed
1517 2037 1542 2068 si

875 2090 1022 2129 jacebant
1046 2089 1175 2124 somnia,
1194 2099 1256 2118 non
1276 2087 1435 2118 commode
1457 2093 1543 2128 pote-

885 2143 955 2167 rant
979 2137 1121 2167 manibus
1142 2136 1300 2166 dimoveri.
1345 2136 1450 2171 Sacra,
1469 2136 1544 2176 quia

885 2187 1018 2216 Somnus
1034 2186 1131 2216 Deus.
1168 2185 1315 2216 Heinsius
1325 2184 1451 2226 conjicit
1464 2186 1543 2214 Atra

886 2237 1005 2266 domus:
1039 2235 1132 2269 male,
1164 2240 1307 2264 monente
1344 2234 1438 2264 etiam
1464 2235 1543 2264 Bur-

887 2295 1010 2314 manno.
1056 2283 1149 2324 Regii
1173 2283 1267 2313 nostri
1291 2283 1396 2313 Sacra,
1442 2282 1544 2318 Oculi,

887 2332 998 2373 quibus
1012 2332 1132 2373 obrepit
1146 2342 1282 2366 somnus,
1301 2337 1335 2361 ut
1352 2329 1448 2372 aperti
1466 2330 1540 2360 reti-

887 2381 951 2411 neri
965 2387 1132 2423 nequeant,
1142 2391 1246 2422 graves
1257 2379 1414 2414 dicuntur,
1426 2385 1457 2409 et
1469 2378 1542 2409 victi

887 2430 1013 2460 tandem
1025 2432 1300 2471 g²·avitatejucent.
1345 2428 1377 2458 Si
1391 2428 1479 2458 Deus
1489 2428 1541 2468 ja-

887 2479 979 2509 cebat
1005 2479 1036 2508 in
1062 2484 1136 2514 toro,
1158 2489 1219 2508 non
1241 2483 1361 2519 poterat
1387 2482 1542 2515 percutere

889 2529 1011 2557 nutanti
1034 2534 1154 2566 pectora
1180 2533 1288 2561 mento,
1317 2525 1347 2555 id
1369 2524 1452 2566 quod
1480 2535 1542 2555 non

888 2576 945 2606 nisi
962 2575 997 2606 iis
1011 2575 1122 2610 evenit,
1140 2575 1193 2616 qui
1208 2574 1350 2605 sedentes
1365 2573 1521 2603 dormiunt
1534 2583 1540 2602 :

889 2625 947 2655 nisi
971 2624 1079 2665 fingas,
1099 2635 1169 2655 eum
1191 2634 1260 2654 cum
1279 2622 1376 2654 oculis
1398 2628 1429 2652 et
1451 2632 1541 2663 supe-

889 2673 999 2704 riorem
1023 2673 1158 2714 corporis
1181 2679 1302 2714 partem
1328 2670 1433 2702 tollere
1456 2670 1544 2700 iden-
