1779 3130
341 170 956 215 MET'AMORPHOSEON
990 173 1105 214 LIB.
1140 174 1275 215 XIV.
1411 176 1493 216 421

117 283 216 329 Irin
243 285 304 331 ad
331 285 596 333 Hersiliam
621 286 923 334 descendere
948 288 1102 334 limite
1126 304 1274 335 curvo
1399 292 1494 335 830

116 359 349 422 Imperat,
376 370 426 408 et
450 378 617 409 vacuae
644 379 732 408 sua
758 364 827 409 sic
854 365 1085 410 mandata
1109 364 1286 412 referre
1308 382 1318 412 :

117 442 146 459 “
172 435 215 481 O
243 445 292 483 et
316 438 378 484 de
405 437 561 492 Latia,
589 455 616 484 o
642 446 692 484 et
714 439 776 484 de
802 450 949 500 gente
977 438 1164 485 Sabina

114 511 446 575 Praecipuum,
474 520 712 569 matrona,
740 515 916 570 decus3
958 515 1248 575 dignissima
1272 516 1393 562 tanti

113 587 245 635 Ante
270 588 421 635 fuisse
445 589 548 645 viri,
575 591 759 651 conjux
783 606 914 635 nunc
941 606 1050 636 esse
1077 589 1285 645 Quirini,

117 663 247 710 Siste
272 670 383 710 tuos
408 664 579 711 fletus:
620 671 684 719 et,
713 665 751 710 si
776 664 865 710 tibi
890 681 1007 711 cura
1029 665 1227 711 videndi
1398 672 1491 715 835

115 738 357 801 Conjugis
383 747 475 794 est,
497 739 625 786 duce
649 756 728 786 me
754 741 919 786 lucum
944 748 1074 803 pete,
1102 741 1228 787 colle
1253 741 1459 795 Quirino

116 813 213 867 Qui
238 815 374 869 viret,
403 823 452 861 et
476 816 716 878 templum
745 816 956 862 Romani
983 817 1111 877 regis
1137 817 1448 866 obumbrat.’⁷

116 889 282 945 Paret,
311 898 360 937 et
383 891 431 936 in
457 899 633 938 terram
662 892 822 954 pictos
848 892 1052 954 delapsa
1078 909 1165 954 per
1189 909 1347 949 arcus,

116 965 382 1013 Hersiliam
400 967 554 1029 jussis
579 968 847 1030 compellat
870 967 1072 1014 vocibus
1099 968 1207 1016 Iris.
1398 975 1493 1020 839

117 1042 212 1090 Illa
230 1043 507 1090 verecundo
526 1044 607 1089 vix
626 1044 802 1091 tollens
823 1045 1009 1091 lumina
1026 1045 1180 1101 vultu,
1200 1046 1362 1108 [ptum
1388 1055 1463 1094 est
1479 1067 1490 1106 3

116 1124 146 1142 “
169 1119 212 1165 O
244 1119 367 1174 Dea,
395 1135 610 1182 namque
635 1121 770 1177 mihi,
798 1137 888 1167 nec
914 1137 1025 1183 quae
1051 1122 1117 1167 sis
1143 1122 1306 1169 dicere
1332 1139 1493 1186 prom-

117 1194 182 1241 Et
197 1195 354 1258 liquet
371 1212 481 1243 esse
499 1195 656 1243 Deam
675 1215 685 1254 ;
715 1197 827 1252 duc,
850 1213 878 1244 o
897 1197 1043 1252 duc,'⁷
1063 1197 1240 1260 inquit,
1265 1204 1294 1221 “
1311 1206 1362 1246 et
1376 1200 1497 1248 offer

117 1271 356 1333 Conjugis
382 1287 466 1318 ora
492 1273 637 1319 mihi:
679 1288 790 1335 quae
817 1272 857 1319 si
882 1273 1028 1319 modo
1053 1289 1200 1335 posse
1225 1274 1390 1322 videre

116 1347 239 1394 Fata
263 1348 415 1394 semel
441 1347 684 1403 dederint,
707 1349 885 1395 coelum
912 1348 1166 1411 accepisse
1190 1348 1430 1398 fatebor.''

118 1422 225 1470 Nec
242 1439 393 1479 mora,
408 1424 679 1471 Romuleos
698 1441 811 1472 cum
831 1426 1018 1488 virgine
1034 1426 1376 1474 Thaumantea
1400 1432 1494 1477 845

117 1499 399 1561 Ingreditur
423 1501 602 1548 colles:
643 1501 710 1547 ibi
736 1502 872 1548 sidus
899 1502 960 1548 ab
986 1502 1166 1549 aethere
1190 1503 1383 1565 lapsum

119 1575 319 1622 Decidit
342 1576 392 1622 in
412 1583 592 1634 terras3
635 1593 663 1623 a
687 1579 762 1640 cuj
774 1594 828 1624 us
853 1578 1036 1624 lumine
1061 1577 1275 1639 flagrans

118 1651 344 1699 Hersiliae
369 1653 517 1699 crinis
543 1669 656 1700 cum
682 1653 840 1701 sidere
866 1653 1017 1700 cessit
1040 1653 1089 1699 in
1114 1669 1273 1700 auras.

116 1793 258 1824 Hersilia)
274 1793 305 1824 in
321 1794 448 1824 Horam.
494 1795 602 1824 Amicii
622 1793 771 1835 simplici-

117 1849 162 1873 ter
186 1842 342 1878 dicuntur,
360 1849 508 1884 tanquam
525 1843 619 1873 verbo
637 1843 771 1884 proprio,

118 1891 241 1931 cognati
257 1896 288 1921 et
304 1891 433 1932 proximi
451 1890 631 1929 morientes;
651 1891 719 1922 vide
733 1891 772 1921 ad

117 1939 264 1974 Plinium,
281 1940 340 1969 lx}
354 1940 412 1981 Ep.
428 1939 460 1969 ii.
479 1941 505 1970 1.
534 1940 594 1970 Pro
610 1940 774 1970 Hersiliam.

118 1988 218 2029 (quod
249 1987 361 2028 legitur
389 1988 420 2017 in
451 1988 561 2029 Regiis
596 1987 772 2028 codicibus)

116 2037 256 2067 nonnulli
291 2037 454 2067 Hersilien.
514 2037 629 2073 Vacuae,
658 2037 772 2074 viduae,

117 2085 200 2126 quod
220 2096 257 2116 ex
274 2084 526 2126 interpretatione
546 2085 663 2115 habent
681 2086 774 2116 MSS.

117 2133 218 2169 Junii,
235 2133 348 2175 Sprotii
372 2138 403 2163 et
426 2144 504 2164 unus
528 2133 625 2163 Basil.
670 2133 773 2163 Etiam

116 2194 210 2213 vacua
240 2184 351 2218 domus,
377 2193 473 2223 quum
502 2183 579 2212 alter
607 2182 773 2223 conjugum

118 2237 214 2261 morte
229 2231 370 2269 ablatu53
395 2230 512 2266 Livius,
530 2230 553 2260 i.
570 2231 621 2260 46.

160 2281 233 2310 834.
262 2279 314 2309 l'ir
328 2285 359 2309 ct
378 2280 526 2313 Quirinus
540 2278 597 2309 sibi
612 2288 773 2319 opponun-

119 2333 167 2358 tur
190 2328 264 2369 quia
286 2327 343 2357 hoc
365 2328 425 2357 Dei
450 2327 604 2357 notionem
628 2326 774 2365 involvit3

118 2377 236 2413 Florus,
253 2377 274 2407 i.
296 2378 324 2406 l.
344 2376 507 2410 Quirinum
531 2377 563 2405 in
585 2377 654 2406 cerlo
675 2377 774 2405 vocari

116 2426 263 2465 placitum
285 2425 363 2455 Diis.
407 2424 553 2454 Solebam
573 2430 677 2454 autem
697 2433 773 2453 con-

117 2474 245 2504 secratis
265 2484 344 2503 nova
363 2472 487 2503 nomina
505 2472 584 2506 dari.
601 2479 635 2502 ut
655 2472 773 2502 Leuco-

119 2522 197 2552 thea:
229 2527 259 2552 et
288 2521 470 2557 Pala-moui,
493 2520 534 2552 iv.
558 2522 632 2552 541.
679 2520 772 2550 Conf.

119 2570 312 2605 Lactantius,
344 2570 436 2600 Firm.
466 2570 486 2600 i.
516 2571 568 2599 21.
614 2570 673 2598 Pro
701 2570 774 2598 colle

121 2619 259 2654 Quirino,
283 2618 422 2659 plerique
447 2620 495 2659 (et
519 2618 610 2658 Regii
633 2617 774 2657 codices)

839 1796 912 1825 colle
930 1794 1074 1832 Quirini5
1095 1794 1165 1825 vide
1182 1795 1359 1827 Bentleium
1376 1797 1416 1828 ad
1432 1799 1497 1829 110-

840 1848 897 1873 rat.
912 1843 933 1874 i.
949 1843 1011 1874 Od.
1026 1844 1056 1873 2.
1098 1843 1249 1882 Templum
1263 1844 1398 1875 Romulo
1414 1847 1497 1888 posi-

840 1896 906 1921 tum
935 1892 966 1921 in
996 1891 1075 1922 colle
1103 1891 1243 1928 Quirino.
1301 1893 1438 1936 Templis
1466 1902 1497 1926 et

840 1940 990 1981 sepulcris
1005 1940 1077 1971 addi
1093 1941 1155 1971 fere
1170 1941 1309 1971 solebant
1326 1944 1398 1973 luci.

885 1990 957 2018 841.
983 1989 1045 2019 Nec
1062 1990 1110 2029 (et
1125 1988 1275 2029 πιστὴ-ετ
1290 1991 1415 2030 passim.
1454 1995 1495 2024 Ut

841 2048 901 2068 non
924 2042 1099 2079 promptum
1123 2038 1257 2069 est—ita
1275 2038 1385 2080 liquet.
1432 2042 1494 2073 Coe-

842 2088 904 2116 lum
940 2089 1079 2126 accepisse
1098 2086 1232 2127 fatebor.
1277 2088 1349 2118 Mos
1380 2100 1495 2128 eorum,

841 2134 895 2175 qui
912 2134 1069 2164 felicitatis
1086 2135 1245 2165 cumulum
1264 2135 1495 2177 adipiscuntur:

840 2182 981 2213 similiter
1013 2183 1144 2213 Deorum
1176 2186 1267 2214 vllam
1301 2188 1433 2217 nancisci
1465 2194 1496 2218 et

842 2230 903 2260 alia
917 2242 924 2268 3
948 2230 1017 2261 Cic.
1033 2231 1132 2261 Attio.
1147 2231 1178 2261 ii.
1197 2233 1223 2262 l.
1239 2234 1333 2273 digito
1347 2245 1375 2263 se
1390 2236 1495 2266 carlum

838 2286 949 2318 putant
972 2282 1143 2321 attingere,-
1168 2280 1325 2317 Horatius,
1346 2282 1370 2312 i.
1387 2283 1449 2314 Od.
1469 2286 1495 2316 l.

840 2329 957 2358 sublimi
971 2328 1088 2368 feriam
1111 2330 1219 2359 vertice
1244 2332 1353 2360 sidera.
1398 2333 1495 2363 Lenz.

842 2376 899 2406 hoc
919 2376 1009 2406 refert
1026 2377 1065 2407 ad
1086 2378 1257 2408 Romulum
1274 2379 1352 2409 inter
1370 2381 1494 2412 coelico—

841 2425 887 2454 las
915 2430 1085 2466 receptum.
1129 2425 1219 2456 Prius
1246 2427 1356 2458 melius
1380 2430 1495 2470 placet,

841 2473 956 2514 quippe
983 2473 1082 2504 simile
1111 2474 1156 2503 illi
1187 2487 1216 2505 v.
1246 2476 1318 2506 556.
1349 2479 1495 2518 ritumque

831 2521 956 2561 ιῘὶιίιςῖων
979 2524 1129 2561 accepisse.
1175 2523 1269 2553 Multi
1296 2530 1398 2554 autem
1419 2526 1495 2557 dant

841 2572 944 2600 cfflnm
965 2571 1247 2610 asparisse,liccebon
1293 2573 1384 2613 Regii
1404 2576 1493 2606 ambo

840 2621 991 2656 accepisse.
