1779 3130
400 168 1017 210 METAMORPHOSEON
1051 167 1169 209 LIB.
1196 169 1259 209 X.
1433 170 1515 210 169

130 284 333 330 Caecum
359 285 449 331 iter
473 284 722 346 explorat:
762 284 964 329 thalami
983 284 1088 344 jam
1116 283 1286 329 limina
1313 281 1504 342 tangit3

128 359 343 422 Jamque
369 360 496 406 fores
522 360 709 422 aperit;
745 361 849 421 jam
875 360 1072 406 ducitur
1097 359 1258 406 intus:
1299 365 1348 405 at
1373 359 1439 404 illi

129 436 325 499 Poplite
352 436 588 482 succiduo
615 452 777 497 genua
801 437 1125 491 intremuere3
1166 435 1392 497 fugitque

129 511 194 558 Et
219 512 366 567 color,
395 520 445 558 et
469 512 686 573 sanguis,
708 512 1002 574 animusque
1029 512 1263 574 relinquit
1287 519 1504 558 euntem.

128 587 339 650 Quoque
365 605 453 635 suo
479 589 676 651 propior
702 588 890 643 sceleri,
918 588 1075 649 magis
1101 589 1279 642 horret,
1307 595 1356 634 et
1381 588 1495 633 ausi·

127 664 360 719 Poenitet,
389 674 438 713 et
461 666 611 712 vellet
635 682 730 711 non
756 665 952 727 cognita
978 680 1124 728 posse
1149 663 1342 711 reverti.
1410 666 1502 709 461

127 740 459 788 Cunctantem
484 743 706 804 longaeva
730 758 877 788 manu
903 741 1131 796 deducit3
1174 747 1223 786 et
1247 740 1346 786 alto

124 815 390 863 Admotam
415 819 544 864 lecto
570 834 723 880 quum
748 818 982 871 traderet,
1013 821 1043 840 ‘⁶
1060 815 1298 878 Accipe‚''
1324 815 1480 870 dixit;

127 898 156 915 “
177 892 281 939 Ista
297 900 383 939 tua
403 900 493 949 est,
519 894 707 956 Cinyra
727 892 770 940 :³⁷
797 894 1075 954 devotaque
1097 907 1301 954 corpora
1319 891 1504 952 junxit.

124 969 322 1032 Accipit
345 970 575 1015 obscaeno
601 969 793 1031 genitor
819 984 909 1015 sua
932 968 1122 1014 viscera
1144 968 1273 1014 lecto
1292 985 1301 1020 ;
1408 969 1503 1012 465

124 1044 485 1107 Virgineosque
511 1052 672 1091 metus
698 1045 842 1099 levat,
865 1045 1186 1105 hortaturque
1211 1043 1485 1089 timentem.

126 1119 350 1166 Forsitan
376 1121 536 1166 aetatis
563 1136 763 1182 quoque
789 1120 1002 1173 nomine,
1032 1119 1170 1173 Filia,
1199 1119 1358 1174 dicat3

125 1195 270 1242 Dicat
297 1203 347 1243 et
370 1197 467 1252 illa,
496 1197 662 1252 Pater,
691 1196 865 1243 sceleri
891 1212 953 1243 ne
979 1196 1179 1242 nomina
1203 1195 1382 1242 desint.

124 1271 280 1319 Plena
304 1273 455 1335 patris
478 1273 708 1319 thalamis
734 1272 963 1327 excedit;
1004 1278 1054 1318 et
1078 1271 1230 1334 impia
1254 1270 1359 1317 diro

123 1348 326 1395 Semina
340 1348 434 1396 fert
448 1356 587 1396 utero
600 1368 610 1406 3
634 1356 979 1411 conceptaque
992 1348 1195 1394 crimina
1210 1353 1387 1410 portat.
1406 1348 1503 1391 470

121 1423 332 1472 Postera
351 1442 449 1471 nox
475 1425 664 1472 facinus
687 1425 906 1487 geminat
928 1442 937 1480 ;
978 1439 1070 1470 nec
1096 1423 1206 1470 finis
1231 1424 1280 1469 in
1306 1423 1387 1468 illa
1407 1427 1500 1467 est.

121 1499 286 1553 Quum
301 1503 501 1549 tandem
515 1502 742 1565 Cinyras,
756 1502 927 1548 avidus
940 1516 1238 1562 cognoscere
1255 1505 1503 1546 amantem

121 1576 244 1623 Post
267 1585 339 1624 tot
363 1579 673 1635 concubitus,
701 1579 836 1625 illato
861 1577 1046 1624 lumine
1070 1576 1193 1623 vidit

121 1651 187 1699 Et
212 1654 392 1709 scelus,
420 1661 471 1701 et
495 1662 662 1701 natam
683 1673 693 1712 3
733 1655 995 1716 verbisque
1022 1653 1190 1699 dolore
1209 1651 1433 1707 retentis,

842 1771 954 1801 frustra
977 1776 1058 1800 esset
1083 1778 1213 1803 reversa,
1236 1778 1306 1797 mox
1330 1766 1500 1797 rediturum

840 1820 984 1854 furorem,
1022 1818 1089 1858 ipsa
1126 1822 1325 1847 cunctantem
1363 1814 1501 1844 deducit.

841 1870 931 1898 Altus
947 1873 1012 1897 erat
1027 1867 1127 1896 lectus
1143 1863 1378 1906 magnificentia*
1396 1873 1501 1893 causti.

120 1779 200 1802 motu
236 1772 351 1803 dextrae
389 1784 494 1803 coecum
533 1775 591 1802 iter
628 1773 774 1812 explorat.

122 1823 238 1852 Cacum
267 1824 333 1858 iter,
364 1821 425 1855 via.
455 1832 518 1863 qua
547 1822 714 1852 incedebat
742 1821 774 1851 in

119 1869 264 1905 tenebris,
278 1880 371 1911 quam
383 1880 508 1900 cernere
520 1870 597 1900 adeo
614 1869 772 1910 nequibat.

119 1919 210 1949 Hanc
237 1925 317 1948 motu
345 1919 462 1948 dextrae
492 1920 634 1958 erlorat,
664 1918 774 1959 palpat

118 1977 224 2002 manu,
242 1977 280 1997 an
297 1967 398 1997 obstet
413 1966 546 2008 aliquid,
560 1977 620 2007 quo
636 1965 772 1996 offenda-

118 2022 178 2047 tur.
223 2016 383 2057 Expressit
398 2022 501 2046 autem
517 2016 621 2045 Tibul.
638 2015 682 2045 H.
697 2015 717 2044 i.
734 2016 773 2045 76

118 2076 194 2106 sqq:
217 2070 236 2082 ‘¹
251 2064 301 2094 Ad
313 2065 459 2106 juvenem
480 2064 616 2094 tenebris
636 2064 701 2094 sola
716 2074 773 2105 pu-

116 2114 179 2144 ella
201 2113 294 2149 venit,
310 2114 350 2143 Et
370 2113 501 2155 pedibus
521 2118 685 2154 praetentat
705 2112 772 2147 iter,

118 2173 267 2204 suspensa
289 2163 408 2197 timore,
433 2162 581 2203 Explorat
602 2172 702 2192 caecas
722 2162 772 2192 cui

117 2222 227 2242 manus
242 2217 313 2241 ante
328 2211 427 2241 vias.''
466 2210 626 2251 Virgilius,
642 2211 726 2240 Mor.
743 2210 772 2240 6.

118 2259 309 2300 Sollicitoque
339 2271 427 2290 manu
460 2261 591 2289 tenebras
619 2260 771 2298 eiplorat,

118 2309 223 2339 conser
246 2314 277 2338 et
296 2308 394 2343 Cirin,
419 2310 481 2339 209
504 2318 572 2349 sqq.
613 2308 691 2337 Mox
711 2307 772 2337 sin-

117 2357 207 2398 gulas
234 2357 300 2399 ejus
328 2357 463 2388 actiones
490 2362 638 2392 recenset,
669 2357 773 2387 limina

118 2409 229 2447 tangil,
252 2412 313 2437 etc.
358 2406 412 2445 lis,
435 2405 548 2447 quibus
572 2405 692 2435 animus
715 2404 772 2436 lin-

118 2455 232 2497 quitur,
245 2461 296 2485 aut
310 2454 363 2496 qui
380 2460 526 2487 tremunt.
540 2454 626 2484 suavi
637 2453 772 2494 imagine

117 2503 261 2534 tribuitur
281 2505 380 2542 poples
401 2504 570 2538 succiduus,
591 2501 623 2532 id
647 2508 704 2538 est,
726 2501 770 2532 la-

117 2552 213 2589 bans;
236 2554 332 2591 poples
346 2551 488 2593 defectus,
499 2551 530 2581 id
546 2557 602 2586 est,
614 2550 771 2586 deficiens,

119 2599 186 2630 xiii.
200 2601 273 2630 477.

162 2649 235 2678 462.
264 2649 462 2679 Cunctantem
492 2650 621 2689 longoem
650 2647 769 2687 mamm]

120 2697 245 2732 Nutrix,
282 2698 426 2738 quoniam
456 2697 592 2732 videbat,
630 2697 654 2726 si
688 2696 774 2735 virgo

168 2746 265 2775 YOL.
292 2746 349 2775 IV.

841 1917 963 1952 Jumit,
980 1915 1053 1946 fecit
1068 1920 1102 1944 ut
1113 1914 1332 1955 jungerentur.

884 1966 957 1996 465.
983 1965 1148 1998 Obsca’mcs,
1167 1963 1198 1992 in
1219 1973 1278 2003 quo
1301 1972 1350 1992 res
1363 1961 1498 1991 obscena

841 2014 952 2054 agitur.
1001 2013 1130 2043 Viscera.
1153 2011 1306 2045 Tibullus,
1332 2010 1360 2040 I.
1382 2010 1421 2041 vi.
1447 2009 1497 2039 66.

842 2069 913 2092 nuta
929 2064 1051 2103 sanguis
1067 2067 1107 2091 est
1124 2070 1204 2090 tuus.

885 2112 957 2141 468.
982 2111 1092 2141 Sceleri
1121 2121 1156 2139 ne
1184 2110 1303 2138 nomina
1331 2109 1438 2142 desint,
1462 2112 1497 2136 ut

841 2159 898 2200 ipsi
915 2158 1089 2189 nominibus
1105 2162 1244 2192 utantur,
1262 2156 1374 2196 quibus
1394 2155 1496 2185 scelus

840 2207 1002 2238 indicetur.
1029 2207 1123 2236 Plena
1137 2207 1246 2245 patris,
1264 2205 1358 2246 plena
1372 2202 1497 2233 seminis

840 2257 970 2298 paterni.
994 2256 1136 2290 Plautus,
1152 2253 1316 2295 Amphytr.
1335 2253 1391 2282 Sed
1406 2262 1495 2291 quum.

841 2312 868 2335 te
892 2307 1060 2346 gravidum,
1085 2310 1112 2333 et
1129 2304 1255 2342 pulchre
1278 2303 1395 2341 plenam
1417 2302 1495 2338 aspi-

839 2357 893 2390 cia,
907 2356 1034 2395 gaudeo,
1071 2353 1196 2387 Noster,
1212 2350 1254 2381 xi.
1273 2351 1347 2380 265.
1363 2350 1494 2389 ingenti-

839 2414 893 2443 que
908 2404 1008 2442 implet
1024 2402 1152 2432 Achille.
1193 2401 1337 2437 Cone-epta
1353 2399 1493 2432 crimina,

839 2452 949 2482 foeturn
977 2461 1030 2492 per
1059 2449 1172 2480 crimen
1208 2452 1415 2487 conceptum3
1452 2445 1496 2476 iii.

839 2501 914 2530 268.
953 2499 1108 2540 manifesta
1144 2499 1271 2527 crimina
1308 2496 1396 2533 pleno
1422 2494 1491 2535 fert

838 2556 934 2579 utero.
1460 2558 1464 2561 ¹

881 2598 955 2627 473.
979 2596 1072 2625 Illuto
1087 2594 1226 2634 lumina]
1245 2594 1387 2629 Quatuor
1401 2592 1492 2621 allato

841 2647 970 2675 lumine:
1010 2643 1065 2674 sed
1093 2644 1206 2684 inferre
1240 2643 1339 2672 lumen
1367 2640 1492 2681 phrasin

840 2694 991 2736 propriam
1007 2703 1072 2723 esse
1088 2693 1195 2733 probat
1212 2692 1420 2721 Burmannus.

970 2743 989 2771 Z
