1779 3130
350 164 971 207 METAMORPHOSEON
1003 166 1122 210 LIB.
1158 168 1248 210 IX.

1413 173 1495 212 101

116 277 265 325 Haud
290 279 485 341 poterit,
507 279 750 341 ibuntque
776 295 920 342 pares
946 280 996 326 in
1019 282 1225 329 vulnera
1248 283 1450 340 fratres;

118 354 478 416 Subductaque
505 370 620 400 suos
650 370 820 401 manes
846 355 1022 402 tellure
1047 357 1235 404 videbit

115 430 268 477 Vivus
294 431 455 478 adhuc
480 438 645 487 vates3
686 431 922 493 ultusque
947 440 1155 494 parente
1180 441 1436 496 parentem

117 506 297 562 Natus,
324 507 415 553 erit
439 506 569 553 facto
590 506 702 569 pius
728 514 778 552 et
803 507 1072 554 sceleratus
1099 509 1304 556 eodem:

1401 513 1498 557 408

116 581 471 645 Attonitusque
497 582 655 637 malis,
683 582 799 628 exul
825 582 1108 645 mentisque
1140 585 1433 648 domusque,

117 735 216 766 fectus
232 735 358 777 quidem
374 741 430 772 est,
446 736 502 767 sed
519 737 694 767 Alcmaeoni
711 735 772 766 filio

117 784 207 814 simul
228 785 399 820 mandavit,
417 796 455 816 ne
473 791 601 816 mortem
620 796 707 816 suam
726 786 772 815 in-

119 834 215 864 ultam
235 834 364 865 sineret:
389 833 421 864 id
441 834 523 875 quod
539 834 634 864 etiam
655 834 774 864 factum

116 889 179 920 est;
196 893 331 924 namque
348 890 436 914 nutus
454 885 538 913 ultus
553 890 594 913 est
608 890 773 922 parentem,

116 937 246 972 patrem,
268 939 404 971 parente,
430 938 527 962 matre
550 931 666 967 occisa,
692 931 774 962 unde

118 980 282 1011 Alcmaeon
311 980 342 1011 in
375 979 546 1010 matricidis
580 985 774 1011 numeratur.

118 1029 265 1069 Sicsacto
280 1031 375 1060 eodem
387 1031 465 1069 pius,
476 1036 595 1071 patrem
611 1029 775 1064 ulciscens,

118 1083 149 1108 et
164 1079 333 1113 sceleratus,
350 1084 479 1108 matrem
495 1077 683 1108 interimens
707 1078 775 1109 Cic.

117 1136 171 1167 pro
187 1126 284 1156 Rosc.
297 1127 372 1157 Am.
390 1127 446 1156 24:
475 1131 494 1143 ‘⁴
508 1126 684 1162 Videtisne,
699 1137 776 1167 quos

118 1175 206 1205 nobis
224 1182 323 1216 poetae
347 1175 550 1211 tradiderunt,
566 1175 662 1216 patris
683 1175 776 1205 ulcis-

118 1223 310 1254 cendicausa
318 1224 506 1265 supplicium
518 1223 556 1254 de
566 1229 663 1254 matre
673 1235 776 1265 sump-

119 1272 206 1308 sisse,
231 1283 327 1313 quum
352 1272 521 1313 praesertim
551 1273 691 1302 Deorum
718 1272 778 1302 im-

120 1321 296 1351 mortalium
307 1320 402 1362 jussis
424 1326 519 1362 atque
538 1321 671 1351 oraculis
687 1320 718 1352 id
734 1321 778 1352 fe-

121 1368 198 1399 cisse
225 1369 380 1406 dicantur‚
402 1375 505 1401 tamen
530 1375 564 1400 ut
587 1380 639 1401 eos
661 1370 780 1411 agitent

121 1417 232 1455 Furiae,
247 1429 349 1460 neque
364 1420 530 1450 consistere
551 1430 682 1460 usquam
697 1419 778 1461 pati-

121 1472 221 1503 antur,
232 1467 315 1509 quod
330 1478 368 1498 ne
382 1467 425 1509 pii
441 1467 567 1509 quidem
583 1468 648 1498 sine
664 1468 778 1499 scelere

120 1526 187 1546 esse
202 1523 368 1558 potuerunt
381 1516 417 1546 ’.Ψ
452 1517 544 1553 Quod
559 1516 642 1547 idem
658 1522 689 1547 et
703 1516 778 1547 Alc-

122 1564 234 1595 maeoni
251 1565 385 1596 accidit:
411 1576 546 1606 namque
563 1565 779 1606 magnitudine

121 1613 245 1644 sceleris
264 1614 514 1655 perterrefactus,
524 1616 669 1644 attonitus
685 1615 779 1649 malis,

121 1661 242 1693 insania
259 1669 429 1705 correptus,
446 1665 513 1694 exul
533 1665 649 1698 mentis,
663 1669 696 1693 ut
712 1665 779 1694 exul

119 1714 226 1750 patrioe
249 1713 358 1742 Horat.
381 1713 427 1743 ΙΙ.
450 1712 512 1743 Od.
537 1712 598 1743 xvi.
618 1713 666 1743 19.
684 1718 779 1744 terras

125 1760 224 1790 varias
239 1760 426 1801 peragravit,
443 1762 511 1791 exul
527 1763 639 1791 domus.
683 1761 777 1802 Mag-

123 1818 196 1838 nam
219 1809 301 1840 enim
326 1809 463 1851 possidet
482 1809 663 1850 religionem
686 1814 707 1827 “
721 1821 777 1852 pa-

122 1865 227 1888 ternus
250 1864 470 1899 maternusque
493 1858 637 1899 sanguis3
661 1869 699 1889 ex
718 1869 780 1900 quo

121 1908 146 1938 si
163 1918 225 1948 qua
239 1908 364 1938 macula
379 1913 530 1949 concepta
545 1913 601 1944 est,
615 1918 677 1938 non
688 1907 780 1938 modo

123 1956 186 1987 elui
201 1967 262 1987 non
282 1963 396 1998 potest,
415 1968 521 1987 verum
543 1968 641 1998 usque
660 1968 696 1988 eo
711 1968 780 1999 per-

122 2010 230 2035 manat
253 2005 292 2035 ad
317 2005 465 2041 animum,
482 2011 516 2035 ut
539 2016 676 2036 summus
700 2006 782 2036 furor

124 2058 218 2094 atque
235 2055 372 2084 amentia
388 2054 634 2095 consequatur.''
659 2055 780 2090 Cicero,

123 2101 208 2132 dieto
228 2102 306 2133 loco.
351 2102 390 2132 In
412 2102 494 2132 hunc
515 2113 647 2133 errorem
667 2103 782 2134 insani-

124 2160 236 2192 amque
264 2151 464 2192 conjecerunt
493 2162 564 2182 eum
594 2162 656 2182 suae
690 2153 781 2183 malae

125 2200 326 2230 conscientiae
342 2200 453 2238 animi;
471 2201 524 2231 sed
540 2207 638 2242 poetae
651 2202 784 2232 vultibus

124 2254 178 2279 aut
191 2249 279 2279 taedis
288 2249 460 2285 Furiarum,
471 2249 704 2292 occisorumque
715 2263 781 2281 um-

125 2299 184 2328 bris
200 2298 349 2333 tribuunt,
367 2298 449 2339 quod
469 2297 665 2329 conscientiae
686 2299 782 2330 tribu-

125 2346 242 2377 endum
258 2352 315 2377 est.
348 2347 468 2383 Cicero,
485 2347 568 2378 dicto
582 2348 666 2378 loco:
685 2353 704 2365 “
718 2349 782 2379 No-

124 2395 179 2425 lite
206 2395 288 2425 enim
317 2402 438 2437 putare,
461 2396 724 2437 quemadmodum
752 2398 783 2428 in

126 2444 240 2474 fabulis
263 2455 474 2486 saepenumero
497 2445 621 2482 videtis,
643 2457 706 2482 eos,
732 2447 785 2488 qui

128 2492 247 2533 aliquid
272 2493 366 2534 impie
386 2494 601 2535 scelerateque
619 2495 782 2526 commise-

126 2540 196 2577 rint,
212 2540 321 2581 agitari
338 2547 368 2572 et
383 2543 544 2583 perterreri
560 2543 718 2574 Furiarum
736 2555 784 2574 ar-

126 2589 272 2620 dentibus
295 2590 394 2621 taediS.
438 2592 501 2622 Sua
525 2602 679 2633 quemque
702 2593 784 2624 fraus

127 2644 158 2669 et
183 2649 258 2669 suus
282 2644 376 2670 terror
404 2640 538 2671 maxime
565 2647 669 2677 vexat,
694 2653 784 2673 suum

129 2697 284 2728 quemque
314 2688 416 2719 scelus
445 2688 554 2729 agitat,
585 2689 783 2731 amentiaque

841 736 938 766 afficit
951 749 957 766 z
975 747 1038 767 suae
1051 737 1142 768 malae
1158 737 1370 779 cogitationes,
1384 739 1502 769 consci-

841 784 996 825 entiaeque
1013 785 1108 815 animi
1125 792 1250 821 terrent,
1266 787 1348 816 etc.''
1394 790 1501 824 Quum

841 832 998 873 Psophide
1030 834 1142 876 Phegei
1179 835 1286 871 filiam,
1319 846 1412 877 quam
1451 837 1502 867 alii

842 880 1007 918 Arsinoen,
1035 883 1089 913 alii
1118 883 1357 924 Alphesiboeam
1380 892 1501 921 vocant,

842 929 994 966 duxisset,
1025 932 1151 962 tandem
1180 933 1264 963 venit
1292 933 1323 963 in
1353 933 1501 970 insulam,

843 989 936 1019 quam
974 979 1133 1011 Achelous
1171 981 1294 1017 fecerat,
1324 983 1503 1024 amavitque

846 1028 1029 1065 Callirhoen,
1045 1031 1168 1060 Acheloi
1183 1031 1290 1067 filiam,
1306 1042 1344 1061 ex
1359 1042 1422 1073 qua
1438 1042 1504 1062 sus-

843 1076 927 1117 cepit
937 1077 1015 1107 filios
1028 1078 1115 1114 duos,
1127 1079 1352 1120 Amphoterum
1365 1086 1395 1110 et
1406 1081 1504 1111 Acar-

844 1135 968 1160 nanem‚
985 1136 1003 1155 a
1027 1137 1088 1166 quo
1111 1127 1304 1163 Acarnanes,
1322 1135 1413 1159 antea
1437 1129 1500 1159 Cu-

843 1180 924 1204 retes
939 1174 1027 1210 dicti,
1046 1186 1160 1206 nomen
1176 1183 1373 1217 acceperunt.
1411 1179 1503 1209 Nova

845 1222 956 1264 conjux
978 1227 1070 1261 poscit
1092 1236 1213 1259 aurum,
1237 1225 1350 1256 monile
1376 1236 1503 1257 aureum

845 1271 956 1311 (etiam
981 1271 1146 1308 Homerus,
1172 1273 1235 1303 Od.
1258 1277 1297 1308 Λ,
1318 1276 1391 1306 325.
1415 1281 1505 1306 vocat

845 1321 972 1361 χρυσὸν
985 1320 1174 1362 τιμήεντα)
1190 1323 1273 1363 quod
1284 1323 1350 1364 jam
1366 1323 1504 1355 donave-

845 1374 893 1398 rat
908 1369 1025 1409 Phegei
1037 1369 1120 1400 filiae.
1144 1371 1305 1402 Profectus
1320 1371 1413 1412 igitur
1428 1373 1503 1403 Pso—

845 1416 942 1458 phida
959 1418 1081 1459 accepit
1101 1419 1216 1450 monile
1241 1430 1380 1455 aureum,
1396 1431 1504 1452 conse-

845 1466 996 1496 crandum
1006 1467 1146 1508 Apollini
1156 1468 1323 1509 Delphico.
1339 1470 1399 1500 Sed
1408 1481 1504 1511 quum

846 1514 991 1556 Phegeus
1005 1516 1210 1556 cognovisset,
1224 1517 1392 1549 Callirhoae
1409 1519 1503 1550 desti-

846 1569 954 1594 natum
970 1564 1001 1595 id
1018 1564 1146 1600 donum,
1163 1565 1240 1596 filios
1255 1566 1349 1602 misit,
1366 1567 1418 1608 qui
1437 1573 1503 1599 tru-

847 1613 986 1644 cidarent
998 1614 1210 1645 Alcmaeonem
1223 1627 1229 1644 t
1247 1615 1290 1646 sic
1306 1626 1413 1646 aurum
1427 1616 1506 1648 illud

836 1662 955 1703 fatale.
1002 1663 1052 1693 De
1072 1663 1176 1704 phrasi
1193 1665 1272 1695 latus
1287 1665 1419 1701 haurire,
1433 1666 1504 1697 vide

847 1712 886 1742 ad
902 1723 932 1742 v.
950 1713 1020 1743 126.
1060 1714 1240 1754 Cognatum,
1256 1714 1330 1755 quia
1343 1715 1507 1746 Alcmaeon

847 1761 1029 1792 affinitatem
1052 1767 1248 1793 contraxerat
1270 1771 1341 1791 cum
1360 1762 1507 1804 Phegeo;

847 1817 919 1837 nam
945 1810 1149 1849 cognationem
1174 1819 1228 1850 pro
1255 1809 1404 1850 affinitate
1431 1813 1504 1853 poni

847 1857 955 1888 docuit
970 1857 1147 1899 Schulting.
1161 1859 1200 1889 ad
1217 1860 1327 1892 Senec.
1357 1861 1505 1893 Controv.

848 1905 892 1937 iii.
916 1907 970 1936 21.
995 1913 1140 1937 monente
1165 1908 1362 1940 Burmanno.
1407 1911 1508 1942 Inter·

848 1956 928 1986 fecto
952 1956 1144 1992 Alcmaeone,
1172 1957 1323 1988 Callirhoe
1345 1961 1466 1998 supplex
1489 1973 1508 1990 ιι

847 2005 919 2035 Jove
931 2007 1030 2045 petiit,
1045 2010 1079 2035 ut
1094 2005 1175 2036 natis
1189 2016 1285 2036 annos
1299 2006 1401 2038 viriles
1415 2008 1507 2049 largi-

847 2059 932 2084 retur
943 2054 982 2084 ad
993 2064 1102 2084 necem
1112 2060 1273 2095 paternam
1284 2056 1507 2087 ulciscendam.

849 2103 959 2144 (Quod
983 2103 1146 2134 consilium
1173 2104 1318 2145 exprimit
1340 2116 1446 2136 versus
1468 2107 1507 2136 ab

848 2151 978 2181 Heinsio
1001 2152 1105 2182 forsan
1128 2157 1243 2182 temere
1268 2153 1397 2194 ejectus,
1414 2165 1506 2195 quem

848 2199 942 2230 variae
980 2200 1127 2230 lectiones
1173 2201 1321 2239 habent.)
1391 2203 1506 2234 Confer

850 2248 998 2289 Apollod.
1016 2249 1046 2279 d.
1062 2249 1084 2279 l.
1101 2249 1225 2290 Jupiter
1240 2251 1349 2281 anuuit
1363 2252 1508 2292 precibus

850 2303 882 2328 et
894 2297 1002 2328 tribuit
1012 2298 1067 2328 hos
1082 2308 1178 2328 annos
1194 2299 1310 2329 auxilio
1322 2300 1428 2330 Hebes
1440 2302 1506 2339 pri-

850 2348 957 2388 vignae‚
974 2357 1068 2388 quam
1084 2347 1167 2377 Juno
1187 2347 1252 2377 sine
1268 2354 1354 2389 patre
1375 2360 1505 2390 pepere-

851 2401 909 2430 rat,
934 2406 1096 2435 vzurusque,
1123 2406 1217 2436 quam
1243 2396 1404 2433 Hercules,
1420 2397 1510 2429 Jovis

851 2443 944 2479 filius,
961 2444 1104 2474 duxerat.
1152 2444 1328 2483 Praecipere,
1344 2456 1508 2487 occupare,

853 2497 924 2522 ante
946 2497 1068 2533 tempus
1087 2492 1233 2528 tribuere,
1249 2503 1287 2522 ex
1307 2504 1364 2523 usu
1382 2495 1508 2534 quidem

851 2540 937 2570 verbi
953 2540 1163 2581 exquisitiore.
1206 2541 1306 2572 Tacit.
1322 2541 1405 2572 Ann.
1420 2543 1474 2574 lib.
1486 2544 1508 2575 i.

851 2598 926 2629 cap,
945 2591 997 2620 55.
1017 2591 1176 2628 praecipere
1207 2591 1327 2626 bellum,
1357 2591 1509 2622 maturius

852 2637 964 2668 facere.
