1779 3130
388 160 1005 204 METAMORPHOSEON
1039 159 1157 200 LIB.
1191 158 1282 199 XI.
1430 158 1513 198 211

130 276 398 324 AEdificant
422 292 604 331 muros,
632 283 780 339 pacto
805 291 893 338 pro
918 273 1163 320 moenibus
1189 288 1323 319 auro.

132 354 309 400 Stabat
329 370 482 416 opus:
511 353 726 416 pretium
752 368 840 398 rex
865 350 1128 404 inficiatur,
1150 356 1201 396 et
1225 348 1378 404 addit,
1418 350 1514 394 205

130 429 356 476 Perfidiae
382 429 650 483 cumulum,
677 428 812 474 falsis
838 426 1054 489 perjuria
1077 425 1255 479 verbis,

131 511 160 529 “
191 506 303 551 Non
328 505 530 567 impune
555 503 682 550 feres
700 503 745 560 ;’'
764 510 926 550 rector
951 501 1097 548 maris
1120 500 1308 562 inquit:
1338 506 1388 545 et
1411 514 1514 545 om-

132 581 393 628 Inclinavit
417 596 571 643 aquas
598 580 659 626 ad
685 595 840 626 avarae
866 579 1009 625 litora
1033 577 1220 638 Trojae3
1406 576 1516 636 [nes

130 656 290 720 Inque
315 657 425 705 freti
450 657 655 703 formam
681 663 836 702 terras
863 653 1133 708 convertit3
1162 667 1383 714 opesque
1419 653 1515 697 209

128 733 351 780 Abstulit
375 733 628 795 agricolis3
665 739 717 779 et
741 731 974 778 fluctibus
1000 728 1163 776 obruit
1187 744 1316 774 arva.
1391 728 1514 788 [stro

129 809 286 857 Poena
304 827 467 873 neque
489 811 593 856 haec
611 810 731 856 satis
758 817 859 856 est:
890 808 1018 869 regis
1035 821 1235 868 quoque
1259 804 1360 850 filia
1378 819 1515 849 mon-

131 885 362 932 Poscitur
388 902 645 948 aequoreo:
676 900 825 949 quam
845 884 969 930 dura
993 883 1055 929 ad
1081 897 1202 928 saxa
1222 880 1492 927 revinctam

131 961 365 1009 Vindicat
389 963 607 1017 Alcides,
629 961 974 1025 promissaque
1000 974 1220 1012 munera,
1248 957 1408 1004 dictos

132 1094 270 1125 cundum
287 1096 457 1125 Homerum
474 1095 587 1125 servire
603 1105 657 1136 per
676 1105 792 1125 annum

133 1143 336 1173 Laomedonti
360 1143 459 1173 coacti
484 1148 566 1179 sunt,
583 1143 666 1184 quod
681 1145 792 1175 Jove-m

132 1190 248 1222 vincire
282 1191 463 1221 voluerant:
510 1202 609 1232 eoque
657 1197 793 1233 tempore

132 1239 298 1281 Neptunus
321 1240 428 1270 urbem
457 1245 488 1270 et
513 1250 615 1270 muros
639 1240 791 1276 condidit,

130 1287 245 1329 Apollo
275 1289 369 1318 boves
397 1289 494 1329 pavit.
539 1287 636 1329 Apud
662 1288 792 1329 Apollo-

130 1335 237 1366 dorum
259 1337 360 1371 ambo,
378 1337 441 1374 τήν
459 1335 682 1378 Λαομέδοντος
697 1336 793 1378 ὓβριν

131 1384 282 1425 πειράσαι
325 1384 486 1422 Θέλοντες,
520 1385 702 1426 promittunt
739 1386 794 1417 ἐπὶ

130 1434 238 1475 μισθῷ
253 1435 382 1475 τειχιεῖν
399 1436 435 1465 τὸ
454 1433 642 1476 Πέργαμον.
679 1435 794 1466 Confer

132 1489 162 1513 et
186 1483 356 1513 Hesiodum
376 1483 459 1525 apud
484 1484 590 1514 Schol.
616 1484 793 1525 Lycophro-

133 1532 189 1567 nis,
206 1533 281 1563 393.
319 1532 410 1562 Pacta
422 1543 508 1562 auro.
523 1532 678 1573 Hyginus,
694 1537 713 1549 ‘⁴
729 1533 793 1563 Vo-

133 1580 187 1617 vit,
212 1580 294 1621 quod
320 1591 413 1621 regno
433 1591 488 1610 suo
510 1580 630 1621 pecoris
653 1591 688 1610 eo
714 1591 795 1611 anno

133 1636 239 1659 natum
254 1635 347 1663 esset,
363 1628 634 1659 immolaturum.’'
673 1629 791 1660 Home-

132 1689 182 1708 rus
206 1678 246 1708 nil
272 1677 392 1713 definit,
408 1679 514 1719 μισθῷ
538 1678 591 1707 ἐπὶ
614 1676 791 1718 ῥητῷ,5ϊιι-

133 1728 192 1761 bat,
212 1727 388 1757 absolutum
412 1733 487 1762 erat,
505 1732 539 1756 ut
565 1726 608 1756 iii.
627 1727 700 1756 131.
723 1726 793 1756 Jam

132 1777 250 1805 stabant
270 1776 380 1811 Thehae,
398 1775 448 1805 ubi
468 1775 538 1805 vide
558 1781 676 1805 notam.
718 1776 792 1805 Pre—

133 1827 219 1860 tium,
249 1824 435 1854 mercedem.
482 1824 558 1853 Mox
584 1823 658 1854 ordo
682 1824 790 1853 verbo-

133 1884 222 1904 rum:
249 1879 280 1903 et
304 1873 389 1903 falsis
414 1872 513 1903 verbis
537 1872 625 1902 addit
647 1872 791 1914 perjuria,

134 1922 294 1952 cumulum
318 1921 454 1962 perfidiae
469 1932 476 1957 3
502 1921 552 1950 cui
568 1920 730 1950 sententiae
746 1920 791 1950 in·

134 1971 379 2012 terpunctionem
396 1969 710 2000 accommodavimus,

176 2020 250 2049 208.
271 2020 377 2048 Amr-cr
396 2018 518 2058 Trojan]
546 2019 622 2048 Mox
640 2028 704 2048 ver.
719 2019 793 2049 215.

131 2069 256 2106 perjura
282 2070 386 2098 moenz'a
416 2067 533 2106 Trqjae;
559 2067 646 2107 Virg.
670 2068 743 2097 AEn.
764 2078 794 2097 v.

136 2117 208 2147 810.
224 2118 355 2155 perjura-
369 2119 475 2146 ma’nia
494 2116 600 2155 ijae,
618 2120 648 2146 et
663 2116 704 2146 iv.
721 2117 795 2146 542.

139 2165 357 2195 Luomedonteae
381 2166 520 2204 perjuria
545 2166 654 2205 gentis.
700 2164 794 2195 Adde

138 2214 245 2243 Horat.
261 2213 323 2242 Ill.
335 2213 396 2243 Od⁷
409 2212 452 2242 iii.
465 2213 503 2242 21
521 2223 589 2253 sqq.
605 2212 696 2242 Adeo
712 2212 794 2242 enim

138 2262 266 2292 Veteres
290 2262 368 2291 lianc
391 2260 611 2291 Laomedontis
634 2260 794 2301 perfidiam

136 2311 352 2351 perjuramque
374 2309 535 2340 avaritiam
557 2309 688 2339 aversati
711 2316 793 2346 sunt,

137 2366 170 2390 ut
191 2369 259 2389 earn
282 2358 337 2389 toti
357 2358 442 2399 genti
458 2358 657 2399 imputarent,
675 2364 705 2388 et
721 2357 793 2388 inde

136 2408 239 2439 omnia
263 2408 346 2438 mala
369 2407 508 2448 Trojanis
534 2417 702 2447 eorumque
724 2417 793 2448 pos-

137 2457 210 2487 teris
238 2456 357 2487 inflicta
386 2461 571 2496 repeterent.
631 2455 793 2496 Virgilius,

137 2506 252 2547 Georg.
268 2505 288 2535 i.
304 2506 376 2535 520.
391 2504 461 2535 ideo
476 2504 515 2534 (le
531 2504 620 2534 bellis
635 2504 793 2534 Romano-

138 2565 204 2584 rum
242 2554 396 2589 civilibus,
438 2553 655 2584 Laomedonteae
688 2554 798 2583 luimus

137 2606 273 2643 perjuria
291 2603 396 2642 Trqjae.
436 2602 520 2632 Freti
531 2602 647 2643 forma,
664 2601 775 2632 fretum
790 2613 798 2639 ;

142 2652 212 2682 vide
229 2652 267 2682 ad
284 2651 304 2682 i.
318 2652 369 2682 73.

183 2701 257 2730 211.
272 2700 363 2731 Poena
378 2711 469 2739 neque
485 2701 553 2734 haec,
568 2699 644 2738 etc.]
667 2699 726 2729 Hic
742 2698 798 2728 ali-

859 1092 936 1134 quid
965 1091 1172 1134 supplendum
1201 1100 1238 1120 ex
1270 1087 1459 1130 Apollodoro
1487 1093 1519 1118 et

860 1142 996 1183 Hygino.
1029 1140 1142 1182 Apollo
1152 1137 1292 1180 Trojanis
1308 1136 1517 1178 pestilentiam

858 1191 1040 1224 immiserat,
1077 1189 1244 1229 Neptunus
1278 1196 1349 1216 cum
1385 1184 1519 1215 inunda-

860 1239 942 1269 tione
980 1244 1096 1268 cetum.
1151 1235 1325 1266 Oraculum
1362 1234 1519 1269 monebat,

860 1294 925 1318 tum
949 1287 1075 1318 demum
1100 1285 1252 1315 malorum
1277 1284 1402 1313 istorum
1426 1282 1518 1312 finem

860 1337 936 1373 fore,
962 1336 987 1366 si
1016 1333 1195 1365 Laomedon
1226 1333 1395 1363 Hesionem
1421 1330 1518 1361 filiam

861 1391 928 1417 ceto
946 1384 1149 1426 exposuisset.
1195 1383 1285 1412 Hanc
1308 1381 1402 1421 igitur
1424 1390 1519 1421 quum

861 1433 1022 1468 Hercules,
1038 1433 1076 1462 ab
1092 1430 1289 1472 expeditione
1305 1434 1414 1459 contra
1424 1428 1520 1458 Ama-

862 1493 951 1512 zones
966 1481 1099 1516 rediens,
1115 1490 1189 1510 saxo
1205 1478 1365 1519 alligatam
1381 1475 1518 1511 vidisset,

861 1537 964 1562 cetum
990 1528 1146 1564 interficit,
1170 1527 1383 1568 virginemque
1403 1531 1519 1555 servat.

865 1581 995 1610 Pactam
1017 1577 1191 1609 mercedem
1208 1587 1304 1617 quum
1327 1585 1345 1605 a
1366 1584 1437 1614 rege
1457 1583 1520 1603 non

858 1629 1047 1670 impetraret,
1064 1626 1129 1657 abit
1144 1631 1209 1655 tum
1225 1624 1362 1666 quidem,
1379 1622 1434 1653 sed
1448 1632 1518 1663 pos-

860 1683 911 1708 tea
935 1676 1015 1707 redit
1038 1686 1108 1706 cum
1131 1675 1311 1709 Telamone,
1330 1672 1519 1713 Trojamque

861 1726 954 1767 capit.
1000 1725 1151 1756 Hesiones
1178 1723 1316 1753 fabulam
1341 1724 1521 1751 narraverat

861 1774 1058 1809 IIellanidas,
1074 1773 1156 1803 unde
1178 1782 1266 1802 suam
1290 1770 1401 1801 habuit
1422 1768 1521 1810 Apol-

858 1824 1003 1861 lodorus;
1027 1823 1108 1853 conf.
1125 1821 1220 1851 Diod.
1236 1820 1297 1850 Sic.
1314 1819 1357 1849 iv.
1372 1820 1424 1848 42.
1469 1818 1518 1847 Si-

859 1872 933 1902 mile
949 1872 1024 1912 quid
1041 1869 1249 1901 Andromedae
1271 1867 1386 1901 accidit
1401 1868 1442 1897 iv.
1457 1867 1520 1897 662

860 1931 928 1962 sqq.
1512 1962 1517 1967 θ

903 1969 977 1999 213.
1003 1969 1105 1997 Dictos
1121 1968 1214 2007 poscit
1230 1965 1342 2005 equos.]
1366 1963 1520 1994 Nonnulll

858 2025 959 2058 pactos
980 2019 1073 2057 poscit
1097 2027 1202 2056 equos‚·
1226 2014 1279 2045 sed
1306 2015 1413 2048 dicere,
1435 2012 1519 2042 idem

861 2067 943 2109 quod
960 2066 1152 2107 promittere.
1186 2064 1306 2094 Passim
1322 2064 1419 2092 dicere
1433 2063 1521 2097 dona,

858 2118 991 2156 prcemia,
1018 2117 1135 2150 dotem,·
1159 2112 1229 2142 vide
1256 2111 1440 2141 Heinsium:
1466 2110 1520 2140 sed

861 2164 935 2206 quia
957 2163 1095 2205 proxime
1115 2161 1274 2204 praecessit
1294 2161 1436 2198 promissa
1455 2170 1521 2189 min-

862 2218 1118 2254 nera,propterea
1132 2209 1265 2241 Lenzius
1279 2208 1446 2249 legendum
1463 2218 1521 2248 pu-

862 2267 907 2292 tat
931 2263 1023 2292 divos.
1068 2259 1161 2300 Regii
1187 2257 1280 2288 nostri
1309 2259 1412 2287 dictos.
1457 2256 1521 2285 Im·

862 2311 1007 2341 mortales
1022 2309 1066 2339 illi
1083 2307 1166 2349 equi,
1183 2317 1259 2347 quos
1271 2306 1343 2335 Troi
1364 2315 1417 2346 pro
1432 2309 1521 2345 rapto

862 2357 1046 2400 Ganymede
1070 2356 1200 2387 dederat
1218 2354 1363 2395 Jupiter;
1391 2353 1519 2384 Homer.

862 2409 901 2439 Il.
923 2412 959 2438 Y.
988 2408 1069 2444 1453
1102 2404 1281 2446 Apollodor.
1313 2403 1343 2433 d.
1369 2403 1392 2432 l.
1422 2402 1521 2443 Super

863 2465 960 2496 aquas
987 2459 1018 2484 et
1044 2453 1152 2483 aristas
1175 2451 1334 2482 ambulare
1358 2456 1521 2492 poterant;

864 2504 1019 2544 Hyginus.
1064 2501 1144 2542 Equi
1168 2501 1213 2531 illi
1240 2501 1278 2531 de
1304 2500 1422 2530 semine
1448 2499 1521 2530 solis

863 2561 1013 2593 equorum
1049 2555 1137 2580 erant
1165 2547 1331 2591 progeniti.
1384 2548 1522 2578 Mercede

865 2606 987 2641 negata.
1012 2598 1162 2628 Mortales
1186 2608 1282 2639 equos
1307 2597 1375 2627 loco
1396 2597 1520 2627 immor-

867 2648 974 2679 talium
1010 2647 1138 2677 Herculi
1173 2646 1295 2677 dedisse
1333 2645 1464 2676 traditur
1502 2655 1521 2675 a

865 2697 968 2728 Schol.
984 2695 1155 2727 Homerid.
1167 2696 1188 2726 l.
1232 2695 1280 2725 Bis
1293 2697 1427 2734 perjura.
1442 2693 1520 2730 Qui-
