1779 3130
400 158 1021 201 METAMORPHOSEON
1056 159 1175 200 LIB.
1200 160 1264 200 X.
1432 162 1516 201 155

130 271 229 318 Dat
253 272 420 334 digitis
446 290 684 335 gemmas,
712 274 958 337 longoque
984 274 1186 320 monilia
1211 275 1338 321 collo
1361 293 1371 331 ;

123 348 258 396 Aure
272 350 404 396 leves
420 351 605 406 baccae,
624 351 913 398 redimicula
928 358 1129 414 pectore
1145 353 1388 414 pendent:
1412 356 1508 399 265

125 424 324 472 Cuncta
347 426 548 483 decent3
590 443 682 473 nec
709 428 844 474 nuda
869 428 1030 474 minus
1060 428 1273 475 formosa
1296 428 1505 475 videtur.

124 500 353 548 Collocat
377 503 503 549 hanc
529 503 710 558 stratis,
739 504 930 550 concha
957 504 1196 551 Sidonide
1221 504 1418 561 tinctis3

120 576 459 641 Appellatque
484 579 575 626 tori
601 580 815 637 sociam3
858 580 1205 643 acclinataque
1230 581 1359 627 colla

120 653 360 701 Mollibus
386 656 434 701 in
460 656 657 718 plumis,
683 663 923 719 tanquam
949 673 1170 712 sensura,
1198 657 1409 720 reponit.

121 729 270 778 Festa
294 732 400 778 dies
427 732 624 787 Veneri,
651 740 755 779 tota
779 734 1103 781 celeberrima
1130 734 1318 797 Cypro,
1408 738 1505 781 270

116 806 363 864 Venerat3
404 816 454 855 et
479 810 655 871 pandis
681 810 897 857 inductae
923 810 1158 857 cornibus
1185 827 1358 857 aurum

116 883 454 931 Conciderant
477 885 588 931 ictae
615 885 757 932 nivea
781 886 972 933 cervice
992 888 1246 949 juvencae3

114 959 346 1023 Turaque
367 960 645 1009 fumabant:
687 978 841 1025 quum
864 979 1066 1010 munere
1087 963 1287 1010 functus
1310 965 1372 1010 ad
1393 981 1501 1011 aras

118 1036 375 1092 Constitit,
398 1046 447 1084 et
472 1038 670 1086 timide:
702 1045 731 1062 ‘⁶
752 1039 805 1085 Si
833 1040 898 1086 Di
921 1041 1040 1088 dare
1066 1048 1247 1087 cuncta
1272 1041 1500 1104 potestis,

117 1113 195 1160 Sit
209 1116 392 1176 conjux
409 1114 575 1177 0pt0,''
592 1116 712 1176 (non
730 1132 897 1172 ausus,
917 1123 946 1140 “
960 1118 1179 1164 eburnea
1192 1117 1378 1179 virgo,’'
1402 1121 1499 1164 275

116 1190 296 1239 Dicere
309 1191 647 1255 Pygmalion,)
661 1194 869 1240 “similis
884 1194 1197 1250 mea,''dixit,
1211 1194 1502 1241 “eburnea''

115 1268 300 1325 Sensit,
329 1276 383 1316 ut
407 1270 514 1332 ipsa
540 1270 641 1316 suis
669 1272 838 1318 aderat
863 1271 1034 1319 Venus
1060 1287 1209 1318 aurea
1233 1270 1389 1325 festis,

111 1344 242 1393 Vota
267 1345 389 1408 quid
413 1346 496 1393 illa
520 1347 698 1394 velint:
739 1355 803 1404 et,
833 1348 977 1395 amici
1003 1347 1217 1394 numinis
1244 1363 1406 1403 omen,

113 1421 337 1470 Flamma
356 1431 429 1470 ter
450 1440 660 1471 accensa
676 1433 767 1482 est,
783 1425 1077 1489 apicemque
1097 1441 1185 1488 per
1201 1440 1315 1471 aera
1335 1424 1494 1471 duxit.

112 1498 183 1545 Ut
202 1499 364 1556 rediit,
392 1500 658 1548 simulacra
681 1518 783 1549 suae
808 1502 936 1566 petit
959 1502 1042 1549 ille
1068 1502 1246 1565 puellae
1264 1520 1274 1558 3

154 1618 226 1648 267.
253 1619 384 1648 Collocat
401 1620 477 1650 hanc
491 1619 622 1659 stratis]
650 1619 768 1650 Arnob.

109 1668 140 1698 d.
164 1667 185 1698 l.
209 1667 330 1697 solebat
350 1667 496 1697 demens:
524 1668 718 1708 “Tanquam
742 1669 768 1698 si

108 1716 216 1747 uxoria
229 1726 277 1746 res
289 1722 381 1751 esset,
396 1716 557 1747 sublevato
573 1716 604 1747 in
616 1716 767 1747 lectulum

107 1765 244 1801 numine,
261 1766 435 1807 copularier
453 1766 650 1807 amplexibus
672 1772 766 1807 atque

107 1825 169 1851 ore,
186 1825 296 1856 resque
313 1814 390 1845 alias
405 1825 496 1855 agere
513 1815 652 1845 libidinis
668 1826 766 1846 vacua

107 1863 329 1903 imaginatione
345 1863 573 1894 frustrabiles.''

151 1914 225 1943 271.
250 1914 366 1943 Pamlis
380 1913 419 1943 de
434 1924 488 1943 suo
504 1913 591 1944 dedit
606 1912 764 1950 Heinsius,

107 1972 204 2003 quum
227 1962 322 1993 MSS.
346 1973 452 1992 omnes
473 1962 611 1993 habeant
633 1964 764 1994 blandis.

106 2010 224 2041 Hostiae
246 2011 373 2052 quidem
397 2010 553 2041 interdum
578 2013 693 2042 blanda:
716 2011 763 2042 di-

106 2065 228 2095 cuntur,
237 2070 305 2100 quae
314 2060 483 2090 offeruntur
492 2059 563 2090 Diis
570 2060 686 2090 blando
697 2060 763 2090 ani-

107 2118 156 2138 mo
180 2108 259 2149 (vid.
278 2108 420 2149 Heynius
443 2109 482 2138 ad
505 2108 611 2139 Tibul.
634 2110 696 2140 ΙΙΙ.
720 2109 763 2140 iii.

104 2157 156 2197 2.)
181 2157 235 2187 sed
266 2158 375 2187 blanda
407 2157 540 2188 victimae
572 2170 685 2188 cornua
711 2159 763 2189 vix

106 2206 177 2237 ferri
193 2213 332 2247 possunt,
346 2208 469 2243 iudum,
482 2214 609 2238 ornatae.
634 2208 763 2237 Munere

94 2256 241 2297 junctus,
264 2256 358 2286 sacris
377 2256 478 2286 factis.
524 2256 603 2286 'sure
624 2262 758 2292 tantum,

104 2316 163 2336 non
175 2305 452 2345 sanguineA⁷eneri
464 2316 551 2336 sacra
561 2307 760 2337 factaBurm.

104 2360 209 2385 monet
234 2365 250 2384 e
274 2355 405 2385 Meursii
429 2355 544 2397 Cypro,
568 2355 623 2386 lib.
646 2355 666 2386 i.
691 2366 761 2397 cap.

105 2404 153 2434 16.
195 2404 256 2434 Sed
282 2403 378 2434 Ovid.
402 2410 540 2445 tempora
564 2416 665 2435 rursus
688 2415 760 2435 con—

103 2451 216 2483 fundit.
242 2453 335 2493 Seqq.
345 2453 426 2483 enim
443 2454 632 2494 temporibus
645 2453 759 2484 Veneri

101 2500 210 2542 utique
225 2501 333 2531 hostiae
346 2507 488 2532 mactatae
501 2508 586 2537 sunt,
599 2502 671 2533 licet
687 2513 758 2533 san-

101 2549 225 2590 guinem
237 2550 400 2582 infundere
411 2561 470 2580 arae
484 2550 569 2580 nefas
581 2551 755 2581 haberetur.

99 2598 200 2629 Tacit.
216 2599 302 2630 Hist.
318 2599 360 2629 iii.
376 2600 405 2630 3.
443 2599 554 2630 Horat.
570 2600 594 2629 l.
612 2599 676 2630 Od.
693 2600 757 2629 xix.

104 2647 152 2677 16.
167 2647 271 2688 ibique
285 2647 373 2679 Jani.

144 2696 216 2726 277.
241 2698 352 2731 Aurea,
370 2697 509 2738 pulchra.
542 2697 601 2728 Sed
620 2698 675 2727 hoc
693 2697 756 2738 epi-

1399 1505 1497 1548 280

836 1620 921 1650 theto
937 1631 955 1651 a
970 1619 1091 1651 Graecis
1107 1625 1138 1650 et
1154 1619 1273 1650 Latinis
1288 1618 1387 1661 poetis
1405 1629 1495 1649 orna-

835 1674 884 1699 tur
900 1670 931 1699 in
943 1669 1048 1710 primis
1058 1670 1178 1704 Venus,
1191 1669 1363 1710 quaejuxta
1378 1670 1495 1710 Sapph.

833 1720 958 1758 χρυσοῦ
980 1718 1186 1759 χρυσότερος.
1225 1718 1380 1748 Homerus
1399 1718 1492 1749 etiam

833 1767 959 1807 passim,
977 1769 1086 1807 χρυσῆ
1098 1765 1284 1807 Ἀφροδίτη.

876 1817 949 1846 279.
967 1816 1114 1851 Flamma,
1127 1814 1279 1856 imprimis
1295 1822 1339 1845 ter
1355 1827 1490 1851 accensa,

833 1865 940 1895 laetum
969 1870 1016 1894 est
1039 1875 1144 1895 omen.
1191 1866 1281 1904 Aper,
1307 1864 1432 1895 flamma
1458 1866 1490 1895 in

833 1913 955 1954 apicem
993 1912 1186 1943 acuminata.
1233 1914 1306 1943 Non
1345 1924 1423 1943 nove
1461 1921 1492 1944 et

832 1962 908 1993 mire
924 1963 968 1993 sic
984 1963 1106 1993 locutus
1124 1968 1171 1992 est
1186 1961 1332 1997 Ovidius,
1350 1969 1384 1992 ut
1399 1963 1489 1993 Schi-

831 2011 935 2042 rachio
962 2011 1145 2048 videbatur3
1181 2021 1253 2040 nam
1278 2010 1374 2041 etiam
1404 2011 1491 2053 Virg.

833 2061 960 2091 AEneid.
975 2061 1007 2090 ii.
1023 2062 1099 2091 683.
1113 2072 1187 2099 apex
1201 2060 1422 2101 visus-fictitiere
1443 2062 1490 2091 lu-

831 2121 909 2146 men,
924 2111 976 2140 ubi
993 2110 1055 2140 vid.
1070 2110 1222 2151 Heynius.
1268 2110 1381 2140 Noster
1404 2110 1489 2141 Fast.

832 2159 873 2188 vi.
905 2160 978 2189 636.
1009 2161 1097 2198 inque
1123 2170 1204 2189 coma
1223 2159 1384 2199 flammeus
1415 2161 1489 2189 arsit

830 2219 923 2247 aper5
947 2218 984 2238 ex
1001 2209 1094 2238 Pont.
1108 2209 1167 2239 IV.
1184 2209 1226 2238 ix.
1242 2208 1292 2238 54.
1310 2208 1425 2247 Detque
1440 2209 1490 2237 Ino-

831 2269 902 2287 num
926 2264 990 2288 voto
1014 2259 1132 2288 lucidus
1155 2268 1237 2287 omen
1260 2268 1353 2295 aper,
1390 2258 1433 2287 sic
1458 2264 1490 2288 et

829 2306 1033 2342 Claudianus,
1069 2306 1111 2337 iv.
1146 2306 1240 2337 Cous.
1268 2306 1384 2336 Honor.
1413 2307 1487 2336 200.

827 2356 958 2390 Seneca,
978 2354 1083 2395 OEdip.
1100 2356 1176 2385 310.
1193 2357 1331 2384 verticem
1351 2354 1484 2384 flammae

828 2403 948 2434 tribuit.

870 2454 944 2483 280.
970 2453 1140 2483 Simulacra
1168 2462 1225 2482 suet
1249 2452 1366 2489 puellae,
1390 2451 1485 2483 simu·

826 2500 923 2532 latam
934 2511 1023 2532 suam
1038 2500 1186 2542 puellam.
1217 2501 1293 2530 Mox
1309 2511 1402 2530 unum
1415 2507 1485 2542 post

825 2550 956 2580 alterum
987 2550 1057 2580 vitae
1086 2550 1208 2590 signum
1238 2555 1324 2580 tactu
1352 2550 1483 2591 percipit

826 2600 939 2629 mirans
955 2598 1151 2639 Pygmalion.
1202 2598 1308 2637 Tepere
1327 2598 1365 2628 de
1381 2599 1483 2630 calore

825 2648 957 2688 (emporis
971 2647 1108 2678 humaui.
1140 2647 1214 2677 Yul.
1233 2647 1272 2677 ix.
1289 2649 1371 2685 365,
1397 2649 1459 2678 393
1474 2659 1479 2677 :

825 2697 866 2726 ibi
885 2699 980 2737 tepido
995 2704 1025 2728 ct
1038 2699 1168 2727 caluere.
