1779 3130
203 171 288 212 388

599 167 649 206 Ρ.
683 163 895 206 OVIDII
928 162 1208 204 NASONIS

213 286 386 345 Osque
410 295 576 328 meum
597 279 727 326 sensi
755 278 918 341 pando
943 277 1270 324 occallescere
1296 282 1452 322 rostro
1473 294 1484 330 ;

212 359 356 406 Colla
378 365 568 403 tumere
593 355 742 402 toris:
768 361 817 401 et
843 370 944 416 qua
967 352 1114 400 modo
1141 352 1321 415 pocula
1342 359 1483 415 parte

213 436 425 497 Sumpta
448 432 566 478 mihi
591 431 800 486 fuerant,
828 430 913 476 illa
938 429 1146 491 vestigia
1169 428 1292 475 feci:

1427 426 1592 488 [suntl

213 511 443 572 Cumque
478 509 652 555 eadem
680 507 858 570 passis,
889 513 1083 553 tantum
1116 504 1446 551 medicamina
1480 519 1593 566 pos-

213 586 431 633 Claudor
454 585 600 632 hara:
629 585 890 646 solumque
917 583 1019 629 suis
1045 581 1262 629 caruisse
1286 581 1443 644 figura
1499 581 1596 625 286

209 663 438 709 Vidimus
466 661 832 724 Eurylochum3
863 660 996 705 solus
1022 659 1138 705 data
1162 658 1341 721 pocula
1363 656 1504 718 fugit.

212 739 336 793 Quae
361 738 454 785 nisi
478 737 703 792 vitasset,
731 736 922 800 pecoris
947 752 1060 799 pars
1085 751 1183 782 una
1207 749 1457 781 manerem

212 816 358 862 Nunc
385 829 587 877 quoque
613 813 843 875 setigeri:
872 829 964 859 nec
985 819 1135 859 tantae
1157 810 1312 858 cladis
1338 810 1400 857 ab
1426 809 1508 856 illo

213 892 407 938 Certior
432 891 494 938 ad
521 890 700 937 Circen
726 890 854 937 ultor
878 889 1095 936 venisset
1122 887 1316 934 Ulixes.

1499 887 1598 931 290

212 967 408 1015 Pacifer
432 967 547 1013 huic
573 967 780 1013 dederat
804 966 974 1013 florem
1001 964 1260 1028 Cyllenius
1286 964 1483 1018 album3

212 1044 355 1108 Moly
378 1051 558 1091 vocant
585 1043 790 1106 Superi3
820 1042 960 1104 nigra
984 1041 1149 1088 radice
1173 1048 1385 1087 tenetur.

211 1121 370 1167 Tutus
397 1136 471 1175 eo,
498 1119 798 1181 monitisque
827 1119 970 1165 simul
996 1117 1282 1164 coelestibus
1308 1116 1458 1162 intrat

215 1197 306 1243 1116
331 1197 532 1243 domum
559 1196 761 1242 Circes:
803 1203 851 1242 et
877 1195 938 1242 ad
964 1194 1201 1240 insidiosa
1225 1200 1426 1240 vocatus

214 1273 419 1327 Pocula,
447 1280 709 1320 conantem
734 1273 871 1334 virga
895 1272 1112 1318 mulcere
1138 1270 1343 1333 capillos

1502 1270 1598 1314 295

216 1349 483 1412 Reppulit3
525 1355 574 1395 et
597 1349 768 1395 stricto
794 1349 1023 1412 pavidam
1049 1347 1288 1394 deterruit
1313 1361 1447 1392 ense.

214 1425 338 1472 Inde
365 1426 503 1477 fides,
522 1425 813 1486 dextraeque
839 1424 968 1471 datae
993 1441 1001 1471 :
1031 1424 1350 1484 thalamoque
1370 1428 1601 1484 receptus

217 1502 340 1564 Conj
351 1501 449 1562 ugii
474 1501 657 1556 dotem,
682 1500 928 1547 sociorum
947 1515 1168 1562 corpora,
1198 1498 1376 1561 poscit.

258 1678 331 1707 286.
350 1678 484 1707 Cluudm·
507 1679 605 1713 Ῐιαι·(ι;
630 1678 722 1718 vulgo
740 1679 875 1708 Ctaudor

217 1729 245 1755 ιἰι
276 1733 387 1762 mitra,-
421 1728 480 1756 suis
507 1727 611 1760 solum,
642 1732 703 1756 etc.
756 1727 875 1767 Regius

215 1775 311 1804 codex
336 1775 377 1805 A.
394 1774 519 1815 quidem
544 1775 639 1805 habet
663 1775 742 1806 hanc
766 1776 873 1817 vulga-

214 1828 277 1852 tam
307 1823 484 1858 lectionem,
513 1823 567 1853 sed
597 1824 675 1854 bene
703 1834 739 1854 ex
769 1824 876 1854 multis

216 1871 364 1901 Heinsius
380 1871 477 1901 voluit
493 1871 585 1902 scribi
599 1873 686 1908 hara,
702 1872 784 1912 quod
796 1872 874 1913 legi-

215 1926 264 1949 tur
279 1919 310 1949 in
323 1919 424 1960 Regio
436 1919 462 1948 B
477 1931 484 1957 3
501 1926 589 1950 antra
607 1920 688 1950 enim
701 1931 737 1950 ex
754 1921 876 1961 glossa5

217 1969 291 1998 hara
307 1974 412 1998 autem
427 1968 552 2009 propria
567 1975 638 1998 sunt
653 1970 768 1999 suibus.-
792 1970 876 2000 unde

216 2016 344 2047 Heroid.
364 2016 385 2046 i.
409 2017 480 2047 104.
504 2020 662 2048 immundae
685 2029 761 2048 rura
773 2019 877 2058 fidelis

215 2066 303 2094 harae.
368 2064 566 2104 Eurylochus,
598 2066 651 2106 qui
689 2073 761 2096 ante
798 2067 877 2098 fores

217 2118 383 2148 manserat,
406 2113 445 2143 ad
473 2123 583 2144 navem
614 2115 760 2150 cucurrit,
784 2121 877 2156 atque

221 2162 338 2202 Ulyssi,
355 2161 429 2202 quid
447 2163 563 2192 factum
579 2162 618 2192 sit
634 2164 793 2204 exposuit3
813 2164 876 2195 Ho-

217 2220 296 2240 mer.
314 2209 377 2240 Od.
395 2214 435 2241 K.
452 2212 525 2240 244.

259 2259 332 2288 291.
347 2259 472 2299 Pac-iser
488 2260 557 2290 huic
573 2261 707 2295 dederat,
722 2261 798 2301 etc.]
813 2261 877 2292 Ve-

216 2307 313 2337 nienti
328 2307 432 2348 [lyssi
449 2309 582 2338 occurrit
598 2309 785 2343 Mercurius.
801 2322 876 2351 χρυ-

218 2354 386 2396 σόῤῥαπις,
403 2361 498 2397 atque
515 2362 578 2386 tam
600 2356 874 2393 medicamentum,

218 2403 398 2444 φάρμακον,
421 2403 449 2434 ei
479 2405 608 2446 praebet,
632 2416 725 2445 quam
753 2406 878 2437 consilis

218 2462 289 2481 eum
301 2451 424 2481 instruit
434 2463 441 2489 3
451 2452 545 2483 Hom.
556 2453 666 2484 Od.K.
676 2454 737 2483 277
747 2465 792 2495 sq.
807 2455 876 2485 Flo-

219 2511 277 2529 rem
293 2501 403 2531 album.
427 2501 515 2531 Idem
532 2502 604 2531 304.
622 2501 693 2543 ῥιζῇ
704 2502 876 2542 μὲνμέλαν

216 2549 295 2583 ἔσκε,
309 2547 449 2590 γάλακτι
461 2549 490 2580 δὲ
507 2550 631 2581 εἴκελον
645 2551 755 2587 ἄνθος.
774 2553 876 2582 Μῶλυ

217 2596 246 2626 δέ
273 2609 329 2637 μιν
355 2597 506 2628 καλέουσι
531 2599 606 2630 Θεοί.
652 2598 784 2635 Plinius,
803 2611 876 2630 xxv.

218 2646 235 2673 4
250 2658 256 2674 2
283 2650 302 2662 ‘⁴
325 2645 554 2677 Laudatissima
570 2647 732 2677 herbarum
747 2653 795 2678 est
810 2649 873 2678 Ho-

217 2703 300 2723 mero
317 2700 406 2729 teste,
425 2705 517 2734 quam
533 2695 636 2726 vocari
659 2706 675 2724 a
698 2696 765 2725 Diis
787 2703 873 2737 putat

942 1678 1043 1718 Moly,
1065 1683 1095 1707 et
1118 1676 1329 1707 inventionem
1360 1675 1426 1716 ejus
1446 1675 1605 1705 Mercurio

943 1726 1091 1766 assignat,
1115 1732 1285 1766 contraque
1307 1734 1429 1755 summa
1452 1723 1603 1754 veneficia

943 1775 1144 1806 demonstrat.
1189 1773 1286 1805 Nasci
1311 1784 1379 1804 eam
1404 1773 1495 1804 hodie
1519 1773 1604 1803 circa

943 1824 1117 1860 Pheneum,
1133 1829 1163 1854 et
1184 1823 1215 1853 in
1232 1822 1363 1863 Cyllene
1378 1821 1522 1852 Arcadiae
1541 1828 1602 1852 tra-

944 1873 1033 1907 dunt,
1050 1873 1152 1913 specie
1171 1871 1226 1902 illa
1243 1871 1420 1906 Homerica,
1436 1871 1540 1901 radice
1554 1881 1603 1902 ro·

943 1921 1042 1952 tunda
1071 1921 1232 1962 nigraque,
1256 1919 1469 1961 magnitudine
1496 1929 1605 1960 caepae,

945 1970 1017 2000 folio
1033 1969 1130 2000 scillae.
1145 1981 1152 2006 3
1177 1968 1269 1999 effodi
1286 1975 1389 1999 autem
1406 1967 1605 1998 difficulter.'’

945 2019 1074 2053 Putant,
1105 2018 1297 2057 Nymphaeam
1333 2018 1431 2047 albam
1458 2015 1604 2056 intelligi,

945 2068 994 2097 cui
1020 2066 1153 2101 Plinius,
1170 2066 1224 2096 lib.
1240 2077 1314 2096 xxxv.
1331 2067 1371 2096 37
1387 2076 1456 2106 sqq.
1472 2066 1524 2095 26.
1539 2065 1602 2094 vim

945 2114 1201 2156 refrigeratricem
1232 2115 1350 2145 tribuit.
1406 2115 1519 2144 Vocant
1546 2114 1605 2143 Su-

944 2166 1029 2203 peri5
1054 2163 1125 2194 vide
1149 2163 1188 2194 ad
1211 2163 1251 2194 xi.
1267 2163 1340 2193 640.
1386 2163 1502 2193 Radice
1525 2169 1605 2192 lene-

946 2219 1009 2248 την,
1029 2211 1130 2242 radice
1151 2211 1335 2253 conjunctus
1354 2217 1401 2242 est
1420 2221 1490 2241 cum
1512 2216 1604 2247 terra,

944 2261 1081 2291 radicem
1108 2260 1212 2291 habet.
1247 2261 1333 2290 Bene
1359 2262 1509 2291 insidiosa.
1548 2261 1604 2290 Co-

947 2316 1064 2339 nantem
1087 2311 1238 2345 mulcere;
1262 2309 1356 2339 immo
1380 2309 1533 2350 percussit
1558 2319 1604 2339 re-

945 2369 1017 2388 vera
1041 2358 1214 2388 secundum
1237 2358 1420 2392 Homerum,
1435 2368 1500 2388 ver.
1518 2358 1580 2388 319
1596 2370 1602 2387 ;

944 2405 1074 2447 Ῥιίβὸῳ
1112 2407 1318 2448 πεπληγυῖα.
1380 2407 1491 2436 stricto
1527 2417 1604 2441 ense,

946 2455 1033 2496 ξίφος
1045 2453 1274 2496 ἐρυσσάμενος,
1291 2465 1309 2485 a
1325 2454 1483 2485 Mercurio
1497 2454 1603 2485 admo-

945 2504 1038 2538 nitus,
1054 2503 1085 2534 in
1101 2514 1170 2533 eam
1187 2502 1294 2541 irruit3
1319 2514 1383 2534 ver.
1400 2504 1474 2533 294.

986 2553 1059 2582 298.
1099 2551 1241 2591 Coqjugii
1278 2554 1385 2588 dotem,
1419 2551 1603 2582 concubitus

942 2600 1086 2641 pretium.
1130 2600 1287 2641 Cupiebat
1323 2601 1378 2631 illa
1412 2600 1602 2638 εὐνηθῆναι.

941 2648 992 2679 Sic
1013 2651 1192 2679 connubium
1212 2660 1313 2690 supra,
1335 2656 1365 2680 et
1389 2660 1471 2690 saepe
1494 2650 1602 2687 cmgjur

941 2708 995 2737 pro
1023 2704 1156 2728 amante.
1208 2699 1356 2729 Sociorum
1384 2708 1504 2737 corpora
1534 2707 1600 2738 pro,
