1779 3130
405 154 1024 197 METAMORPHOSEON
1057 154 1176 195 LIB.
1200 154 1292 196 XI.

1453 157 1537 197 2:27

156 270 446 317 Ascendunt
471 270 602 326 illuc,
631 276 912 332 stratosque
938 269 986 315 in
1011 268 1151 315 litore
1179 275 1344 315 tauros

157 345 285 391 Cum
311 345 497 407 gemitu
523 345 786 407 aspiciunt,
812 351 1210 406 vastatoremque
1235 352 1437 392 cruento

155 420 256 468 Ore
281 421 453 476 ferum,
481 422 654 482 longos
679 421 915 467 infectum
941 421 1180 482 sanguine
1200 421 1357 468 villos

1438 425 1533 468 396

154 497 277 544 Inde
299 513 474 543 manus
500 497 709 544 tendens
735 497 782 542 in
809 496 965 558 aperti
992 497 1132 542 litora
1157 497 1311 558 ponti,

155 573 432 620 Caeruleam
454 573 636 620 Peleus
663 572 980 627 Psamathen,
1009 579 1063 618 ut
1082 572 1222 618 finiat
1247 572 1383 627 iram,

155 649 293 704 Orat,
320 665 568 712 opemque
592 649 741 696 ferat:
782 665 873 695 nec
898 649 1102 695 vocibus
1127 649 1211 695 illa
1234 649 1451 710 rogantis

154 725 394 772 Flectitur
405 726 639 772 AEacidae.
667 725 839 772 Thetis
856 728 981 773 lianc
993 742 1081 788 pro
1097 727 1307 788 conjuge
1324 727 1537 790 supplex

151 802 363 865 Accepit
387 802 607 848 veniam:
635 802 722 848 sed
747 801 878 849 enim
898 809 1155 848 revocatus
1182 803 1243 848 ab
1270 801 1369 848 acri

1438 805 1529 848 401

153 878 306 925 Caede
329 879 475 941 lupus
502 885 704 942 perstat,
731 878 994 925 dulcedine
1020 878 1271 940 sanguinis
1293 894 1465 941 aspe1·;

154 953 326 1001 Donec
348 954 671 1002 inhaerentem
696 955 870 1001 lacerae
896 954 1086 1001 cervice
1105 955 1332 1016 juvencae

154 1029 401 1077 Marmore
426 1031 661 1078 mutavit:
701 1047 897 1095 corpus,
925 1038 1205 1094 praeterque
1231 1032 1445 1078 colorem

154 1105 337 1152 Omnia
361 1106 599 1154 servavit:
639 1107 818 1170 lapidis
845 1108 978 1154 color
1003 1107 1187 1154 indicat
1212 1107 1350 1153 illum

1437 1110 1532 1154 405

150 1181 180 1227 J
185 1198 264 1228 am
289 1199 387 1229 non
412 1198 522 1229 esse
546 1183 735 1246 lupum,
757 1185 861 1246 jam
887 1200 985 1229 non
1010 1184 1191 1230 debere
1216 1182 1393 1230 timeri.

152 1257 199 1304 N
205 1274 261 1305 ec
285 1265 454 1305 tamen
478 1258 571 1305 hac
596 1259 861 1322 profugum
887 1258 1159 1306 consistere
1185 1257 1339 1306 Pelea
1362 1265 1492 1306 terra

193 1416 267 1446 396.
293 1415 494 1456 Oreferum.]
513 1416 620 1447 Potest
628 1416 721 1457 ferus
735 1417 808 1447 sub-

150 1465 282 1495 stantive
298 1466 380 1506 capi,
393 1470 428 1495 ut
443 1465 526 1507 apud
536 1465 625 1506 Virg.
641 1471 671 1496 et
686 1465 809 1496 Phaedr.

150 1513 189 1544 de
218 1524 309 1555 equo,
340 1524 441 1549 cervo,
470 1515 570 1550 leone,
600 1520 662 1545 etc.
720 1515 808 1545 Tunc

150 1569 282 1593 vastator
293 1563 386 1604 ferus
408 1562 525 1593 dictum
541 1563 630 1598 foret,
646 1569 680 1593 ut
696 1574 724 1594 x.
736 1564 808 1593 540.

150 1618 283 1651 raptores
312 1612 385 1650 lupi.
441 1612 582 1650 [ipen-1145,
612 1611 701 1652 cujus
737 1621 809 1642 con-

151 1667 276 1701 spectus
294 1660 355 1690 late
377 1665 473 1700 patet,
489 1664 524 1689 ut
543 1665 663 1699 apertus
680 1671 809 1699 campus,

151 1719 213 1739 non
227 1708 345 1739 obsitus
358 1708 526 1744 arboribus,
542 1708 614 1738 111110
630 1708 720 1749 longe
737 1719 810 1738 con-

150 1757 340 1799 spiciendus,
362 1764 499 1796 apertum
523 1759 640 1791 caelnm,
667 1767 727 1787 non
752 1758 807 1787 ob-

149 1806 278 1836 ductum
308 1807 455 1841 nubibus,
484 1805 555 1837 hinc
590 1805 689 1836 oculis
719 1806 810 1847 longe

149 1855 276 1896 lateque
292 1862 417 1896 patens,

194 1905 266 1935 400.
290 1904 450 1943 Alae-idm]
484 1903 591 1934 Codex
622 1903 742 1943 Regius
771 1903 810 1933 Β.

151 1953 264 1984 Graeca
297 1954 404 1989 forma,
438 1953 587 1982 AEaciclos.
643 1952 807 1988 Flectitur,

149 2007 212 2033 etc.
262 2002 322 2033 Sed
337 2001 477 2032 Thetidis
500 2000 644 2042 precibus
668 2000 810 2040 mitigata

150 2056 208 2086 est,
238 2055 272 2081 ut
298 2051 421 2081 veniam
450 2049 539 2079 daret
570 2049 674 2079 Peleo.
732 2049 809 2079 Mox

150 2105 275 2130 auctore
292 2099 420 2129 Heinsio
435 2109 451 2129 e
467 2097 686 2128 vetustioribus
702 2097 809 2138 pleris—

150 2158 211 2188 que
227 2148 319 2178 MSS.
331 2147 465 2189 przetuli,
481 2153 646 2177 revocatus.
683 2146 810 2176 Frustra

150 2198 203 2227 diu
243 2197 447 2227 revocabatur
485 2206 504 2226 a
534 2195 669 2226 Nereide
704 2194 806 2235 lupus,

152 2245 262 2281 (101100,
283 2251 343 2276 etc.
394 2245 446 2274 Ita
467 2245 546 2274 bene
572 2249 696 2274 notatur
718 2242 809 2273 ardor

151 2300 183 2326 et
198 2293 448 2335 sanguinolentia
461 2292 538 2334 lupi.
584 2292 646 2329 Qui
663 2295 808 2323 irrevoca-

150 2351 198 2375 tus
220 2350 356 2379 tuentur,
380 2342 540 2384 explicant
562 2341 807 2372 irrevocabilem.

152 2394 238 2424 Acris
265 2394 363 2427 caedes,
390 2401 485 2427 saeva,
516 2390 660 2431 plurima.
706 2391 809 2429 Asper,

153 2442 274 2477 ardens,
297 2441 455 2475 incitatus,
477 2445 510 2469 ut
527 2438 615 2479 Virg.
632 2438 745 2478 Georg.
762 2438 808 2468 iii.

152 2491 226 2520 434.
242 2500 365 2531 serpens
380 2499 464 2527 asper
478 2490 540 2524 sili,
552 2488 635 2518 etix.
651 2488 703 2517 62.
719 2488 810 2528 lupus

151 2545 273 2578 asperet
291 2539 435 2577 improbus
452 2539 496 2567 ira
510 2538 608 2567 Swvit.
635 2536 708 2565 Non
719 2535 810 2565 modo

150 2586 208 2622 ira,
235 2597 413 2628 quanquam
441 2595 479 2616 ea
507 2584 710 2626 potissimum,
739 2593 810 2613 cum

153 2637 311 2674 asperitate
325 2640 531 2676 comparatur,
540 2632 593 2663 sed
607 2632 705 2663 omnis
717 2632 811 2661 etiam

155 2684 249 2714 animi
264 2684 407 2724 impetus.
434 2683 582 2713 Inlurrere
598 2681 635 2711 de
652 2680 809 2711 mordente

876 1416 978 1447 bestia
992 1416 1085 1447 etiam
1101 1416 1122 1447 i.
1138 1418 1215 1448 535.
1261 1417 1365 1448 Verbo
1383 1418 1490 1448 hoerere
1505 1422 1535 1447 et

877 1465 1055 1506 compositis
1083 1464 1238 1496 ablativus
1264 1464 1419 1495 interdum
1448 1464 1537 1495 addi-

877 1519 936 1549 tur,
961 1513 1018 1545 nisi
1043 1513 1133 1544 malis
1156 1513 1214 1544 hoc
1238 1514 1306 1545 loco
1329 1513 1447 1544 dictum
1471 1524 1538 1555 pro,

877 1564 1034 1593 haerentem
1059 1564 1090 1593 ιή
1115 1565 1238 1593 cervice.
1286 1563 1418 1598 Lacercr,
1442 1570 1537 1603 quam

876 1611 1014 1642 lacerare
1030 1611 1173 1652 parabat.
1218 1610 1384 1651 Ingeniose
1400 1615 1538 1641 vastato-

877 1670 940 1690 rem
969 1659 1000 1689 in
1030 1659 1096 1700 ipso
1125 1659 1322 1690 lacerationis
1350 1664 1422 1689 actu
1448 1658 1537 1698 fingit

877 1712 1041 1738 mutatum.
1075 1707 1238 1742 Marmore,
1255 1708 1287 1737 111
1301 1717 1451 1744 marmor3
1467 1707 1538 1738 vide

879 1756 918 1786 ad
934 1756 976 1786 ix.
992 1757 1042 1786 81.
1079 1756 1224 1786 Mutatus
1240 1762 1344 1786 autem
1358 1755 1411 1785 ille
1428 1766 1489 1785 11011
1504 1755 1536 1785 111

878 1815 1009 1835 marmor
1028 1804 1169 1840 informe,
1190 1805 1244 1835 sed
1268 1815 1383 1844 corpus,
1407 1804 1537 1834 sormam

878 1853 955 1894 lupi,
968 1855 1132 1893 omniaque,
1144 1863 1250 1882 omnes
1263 1853 1331 1893 ejus
1345 1858 1461 1893 partes,
1474 1862 1536 1883 ser-

877 1901 972 1932 vavit.
1023 1902 1179 1931 Laborare
1212 1906 1318 1931 tamen
1352 1901 1402 1931 hic
1431 1910 1538 1932 sensus

877 1950 959 1981 visus
988 1956 1035 1980 est
1063 1955 1132 1991 post
1160 1949 1326 1990 Micyllum
1357 1950 1538 1980 Burmanno

878 1998 931 2039 qui
955 2009 971 2029 0
997 1998 1095 2029 tribus
1111 1998 1205 2028 MSS.
1220 1998 1307 2039 legit,
1321 1999 1537 2028 z'nltoerentis—

878 2049 1005 2077 mutavit
1026 2058 1141 2086 corpus,
1160 2052 1225 2082 aut,
1242 2052 1275 2077 ut
1295 2056 1461 2077 concursus
1485 2057 1537 2087 ge-

878 2096 1044 2126 nitivorum
1061 2097 1184 2132 vitetur,
1201 2097 1371 2131 inhaerenti,
1388 2101 1422 2125 ut
1441 2101 1487 2126 est
1505 2095 1536 2126 in

878 2154 939 2174 uno
959 2145 1032 2175 MS.
1049 2145 1220 2175 Puteaneo.
1256 2143 1373 2174 Anton.
1388 2143 1539 2174 Liberalis

877 2193 916 2223 de
930 2193 987 2223 hoc
1003 2203 1096 2223 saxeo
1112 2193 1196 2234 lupo,
1213 2194 1266 2223 καὶ
1288 2193 1367 2234 ἄχρι
1382 2192 1537 2223 πλείστου

876 2239 993 2282 διέμενε
1009 2242 1129 2283 μεταξὺ
1146 2240 1301 2282 Λοκρίδος
1324 2242 1376 2272 καὶ
1392 2243 1451 2278 τῆς
1466 2244 1533 2271 Φω-

875 2290 959 2328 κίδος
974 2294 1047 2333 γῆς.
1072 2290 1149 2321 Inde
1162 2290 1303 2331 colligas,
1314 2301 1422 2320 saxum
1438 2289 1535 2331 quod-

876 2338 960 2375 dam,
976 2339 1061 2369 illius
1076 2339 1137 2369 loci
1153 2339 1280 2369 formam
1296 2338 1360 2380 lupi
1376 2344 1534 2379 utcunque

876 2388 1020 2423 referens,
1036 2388 1174 2418 fabulam
1190 2387 1357 2429 peperisse.

921 2437 994 2467 407.
1022 2437 1213 2476 Consistere.]
1249 2437 1402 2467 observat
1426 2436 1534 2466 Burm.

878 2490 1036 2526 praeeuute
1060 2484 1166 2515 Servio
1191 2484 1231 2514 ad
1259 2483 1347 2524 Virg.
1369 2484 1445 2513 AEn.
1470 2482 1535 2514 viii.

880 2535 931 2563 10.
948 2535 1102 2563 consistere
1121 2532 1183 2563 dici
1204 2531 1244 2562 de
1263 2532 1309 2567 iis,
1327 2532 1379 2573 qui
1394 2537 1463 2573 post
1478 2541 1533 2562 va-

877 2591 931 2622 gos
959 2591 1073 2611 errores
1101 2581 1133 2611 in
1162 2580 1254 2611 certis
1277 2580 1404 2610 sedibus
1430 2579 1534 2620 quies-

877 2636 962 2661 cant.
1021 2630 1211 2671 Pin-gamina
1240 2631 1338 2665 sumit,
1373 2634 1533 2669 purgatur,

878 2678 1033 2713 lustratur,
1062 2676 1258 2719 καθαίρεται.
1311 2677 1423 2719 Neque
1449 2676 1532 2707 enim
