1779 3130
368 182 987 224 METAMORPHOSEON
1021 182 1141 223 LIB.
1170 182 1307 225 VIII.
1459 187 1516 228 29

134 296 358 344 Forsitan
383 304 434 344 et
458 297 634 360 Pylius
660 297 784 343 citra
807 296 1021 359 Trojana
1043 300 1253 360 perisset

1419 303 1515 347 365

133 373 406 436 Tempora:
436 374 525 420 sed
552 381 747 436 sumpto
774 374 937 436 posita
961 374 1219 421 conamine
1247 375 1308 420 ab
1334 376 1492 432 hasta,

131 448 334 495 Arboris
358 450 562 503 insiluit,
590 465 701 511 quae
727 450 892 495 stabat
916 450 1158 511 proxima,
1186 451 1361 507 ramis;

133 525 480 588 Despexitque
504 526 612 572 loco
638 533 791 580 tutus,
821 518 1199 588 quem'fugeran
1227 528 1436 575 hostem.

132 601 379 648 Dentibus
406 602 486 648 ille
511 601 649 648 ferox
673 602 723 647 in
750 617 938 663 querno
960 601 1130 664 stipite
1156 603 1299 657 tritis,

131 677 365 724 Imminet
389 678 570 732 exitio;
610 678 944 740 frendensque
969 679 1250 725 recentibus
1273 679 1436 735 armis,

131 754 380 801 Actoridae
407 755 572 816 magni
597 762 755 801 rostro
780 755 938 801 femur
962 755 1128 801 hausit
1152 756 1361 803 adunco.
1421 761 1511 804 371

132 831 201 877 At
225 831 424 892 gemini,
453 831 670 877 nondum
697 830 919 877 coelestia
945 831 1121 886 sidera,
1149 831 1340 888 fratres,

133 907 296 953 Ambo
324 907 596 970 conspicui,
625 907 736 954 nive
762 907 1131 953 candidioribus
1158 909 1303 955 ambo

133 984 475 1030 Vectabantur
499 983 658 1045 equis,
686 984 832 1030 ambo
856 983 1046 1029 vibrata
1066 1000 1154 1046 per
1178 1000 1321 1031 auras

136 1060 406 1107 Hastarum
431 1060 640 1106 tremulo
667 1060 960 1121 quatiebant
986 1060 1179 1123 spicula
1203 1068 1357 1108 motu.

1423 1065 1519 1109 375

135 1135 354 1183 Vulnera
377 1136 638 1191 fecissent3
679 1135 772 1181 nisi
798 1135 980 1197 setiger
1004 1135 1132 1183 inter
1156 1152 1354 1199 opacas,

138 1211 245 1258 Nec
265 1213 445 1274 jaculis
471 1213 591 1258 isset
616 1227 706 1258 nec
732 1228 862 1273 equo
888 1213 998 1258 loca
1021 1213 1202 1275 pervia,
1231 1213 1395 1260 silvas.

137 1287 465 1351 Persequitur
489 1288 742 1343 Telamon,
762 1289 1029 1351 studioque
1055 1289 1283 1336 incautus
1310 1291 1475 1346 eundi,

137 1363 333 1412 Pronus
359 1366 420 1412 ab
442 1366 647 1412 arborea
670 1365 851 1412 cecidit
873 1366 1039 1413 radice
1064 1373 1303 1414 retentus.

139 1441 272 1488 Dum
296 1443 426 1490 levat
448 1443 579 1489 hunc
604 1442 804 1498 PeleuS,
821 1443 1033 1491 celerem
1052 1443 1266 1505 Tegeaea
1290 1443 1521 1504 sagittam

139 1596 290 1627 novianus
313 1597 434 1633 tertius,
451 1599 600 1633 succiduo,
617 1598 700 1638 quod
720 1597 794 1627 olim

139 1646 287 1676 Heinsius
302 1647 497 1688 probaverat.
527 1646 621 1687 Regii
637 1647 731 1676 nostri
749 1646 795 1676 ni-

139 1693 184 1723 hil
211 1700 346 1725 mutant.
393 1696 454 1725 Pro
478 1697 587 1725 succiso
616 1695 720 1731 Silius,
750 1696 794 1725 iv.

141 1744 215 1773 343.
226 1754 294 1773 carso
306 1745 435 1783 poplite;
451 1743 505 1774 sed
519 1745 678 1774 succiduus
687 1744 796 1785 poples

140 1798 187 1823 est
213 1803 328 1828 eorum,
350 1791 463 1833 quibus
487 1792 609 1823 animus
636 1792 797 1833 linquitur.

140 1841 223 1871 Vide
261 1841 485 1872 Burmannum.
547 1841 655 1877 Nervi,
684 1841 737 1882 qui
766 1841 798 1872 in

138 1892 250 1929 poplite
276 1897 346 1921 sunt
374 1890 522 1930 plurimi;
553 1890 637 1921 unde
662 1901 800 1921 nervosus

138 1941 247 1978 poples.
294 1939 476 1979 Liquerunt,
492 1940 686 1970 defecerunt.

187 1989 262 2019 365.
282 1989 402 2028 Pylias,
418 1990 544 2019 Nestor.
594 1990 690 2023 Citra,
715 1994 799 2019 ante.

146 2038 277 2077 Trqjana
321 2044 460 2077 tempora,
493 2038 593 2078 Trojae
634 2037 801 2073 excidium,

142 2091 178 2116 ut
196 2092 279 2116 recte
300 2085 520 2126 interpretatur
541 2085 671 2126 Regius.
720 2086 801 2115 Tem-

140 2145 214 2173 pora
230 2134 312 2164 enim
329 2133 454 2175 passim,
469 2133 563 2164 etiam
580 2133 663 2174 apud
679 2133 802 2163 Cicero-

144 2193 226 2218 nem,
254 2183 294 2214 de
323 2183 505 2213 calamitoso
543 2188 626 2213 statu
660 2182 802 2219 hominis,

146 2238 201 2262 aut
217 2231 372 2262 civitatis:
397 2231 468 2261 vide
487 2231 608 2262 Ernesti
627 2231 716 2262 Clav.
732 2230 802 2262 Cic.

146 2280 179 2310 h.
202 2291 234 2310 ν.
281 2281 402 2310 Sumere
425 2292 575 2315 conamen,
596 2279 658 2310 vim
688 2280 803 2311 addere

146 2329 270 2360 salienti
308 2328 437 2370 corpori.
494 2329 596 2359 Posita
633 2331 669 2358 ab
705 2331 801 2365 hasta,

146 2376 237 2407 hasta
252 2377 355 2408 telluri
367 2377 528 2418 impressa.
555 2377 669 2407 Confer
682 2377 714 2408 ii.
725 2379 804 2415 7863

146 2425 188 2456 iv.
205 2427 278 2456 710.
325 2426 473 2467 Fugerat,
486 2426 648 2467 effugerat.

191 2475 265 2506 369.
297 2474 419 2515 Tritis]
453 2475 578 2505 Laudat
606 2476 806 2505 Burmannus

148 2523 258 2554 Senec.
274 2524 301 2553 I.
320 2523 358 2553 de
377 2524 466 2553 Orat.
487 2523 506 2553 i.
528 2525 628 2553 dentes
650 2529 807 2553 acuuntur

150 2574 274 2602 attritu.
326 2572 416 2602 Idem
454 2571 563 2607 nescit,
601 2583 703 2602 annon
736 2572 806 2613 jure

150 2626 250 2661 poetae
286 2620 456 2651 luxurianti
493 2621 585 2661 objici
613 2621 721 2662 possit,
749 2620 807 2651 hoc

152 2668 298 2709 longioris
313 2680 404 2699 morae
422 2669 516 2700 fuisse
532 2680 539 2705 3
565 2679 665 2710 neque
681 2670 807 2699 vacasse

153 2726 236 2758 apro,
253 2722 297 2748 tot
314 2717 585 2749 circumstantibus
601 2716 807 2753 venatoribus,

862 1598 893 1628 in
919 1599 1025 1629 arbore
1051 1608 1161 1628 acuere
1185 1597 1314 1628 dentes:
1340 1596 1372 1626 in
1393 1607 1454 1637 quo
1475 1596 1522 1627 ni-

863 1647 921 1677 mis
949 1658 1073 1677 severus
1100 1652 1147 1676 est
1170 1646 1214 1675 vir
1237 1645 1357 1676 doctus.
1403 1645 1521 1681 Quidni

865 1695 1021 1725 vacaverit
1042 1705 1115 1736 apro
1141 1694 1250 1724 dentes
1276 1703 1398 1729 acuere,
1424 1704 1520 1734 quum

864 1748 1026 1773 venatores
1050 1742 1173 1783 longius
1201 1741 1310 1772 remoti
1345 1746 1458 1776 essent,
1489 1747 1521 1772 et

862 1792 1063 1833 plurimorum
1078 1791 1142 1821 tela
1157 1792 1357 1821 aberrarent?
1403 1790 1520 1821 Recen-

866 1843 908 1871 tia
923 1852 1018 1876 arma,
1035 1841 1154 1875 dentes,
1167 1850 1245 1880 quos
1262 1844 1400 1869 acuerat.
1431 1840 1521 1869 Acro-

866 1891 949 1925 ridoe,
972 1889 1020 1919 vel
1050 1888 1170 1929 Euryti,
1197 1888 1246 1917 vel
1273 1887 1387 1922 Cteati‚
1415 1898 1521 1919 versus

868 1938 944 1968 308.
979 1937 1089 1967 Femur
1108 1937 1218 1967 hausit.
1238 1935 1321 1966 Vide
1342 1935 1381 1965 ad
1399 1947 1426 1965 v.
1445 1937 1519 1966 126.

911 1988 984 2017 372.
1001 1988 1041 2016 At
1057 1985 1197 2027 gemini.]
1222 1985 1332 2016 Castor
1354 1990 1386 2014 et
1410 1985 1522 2015 Pollux

869 2046 931 2077 prae
953 2035 1073 2066 caeteris
1092 2033 1320 2068 memorabiles,
1339 2034 1455 2074 quippe
1472 2033 1527 2074 qui

870 2089 978 2124 postea
1005 2084 1085 2114 inter
1113 2083 1215 2113 sidera
1243 2082 1305 2113 sint
1333 2082 1433 2112 relati.
1488 2084 1527 2113 In

869 2132 906 2163 iis
934 2131 1147 2163 describendis
1170 2131 1305 2173 pondere
1336 2141 1527 2172 numeroque

872 2182 1033 2212 verborum
1053 2181 1168 2211 utitur:
1193 2180 1266 2210 hinc
1291 2181 1443 2210 hastarum
1467 2182 1528 2219 spi-

870 2232 951 2266 cula,
980 2241 1034 2272 pro
1061 2230 1178 2267 hastis;
1211 2231 1328 2259 vibrata
1355 2230 1529 2268 quatiebant

871 2280 997 2309 tremulo
1034 2285 1128 2313 motu,
1160 2288 1214 2319 pro
1249 2288 1312 2307 una
1340 2277 1529 2315 vibrabant;

871 2328 1000 2358 verbum
1015 2327 1175 2357 sonantius
1191 2328 1411 2361 vectabantur,·
1437 2332 1468 2355 et
1483 2336 1531 2356 re-

871 2376 980 2417 petitio
1003 2377 1059 2406 τοῦ
1085 2377 1176 2410 ambo,
1192 2375 1224 2404 in
1249 2384 1312 2415 qua
1335 2380 1440 2404 tamen
1465 2374 1531 2404 exi-

871 2424 964 2454 miam
1002 2428 1197 2453 venustatem
1237 2432 1307 2452 cum
1345 2423 1529 2452 Burmanno

872 2471 1005 2513 reperire
1026 2481 1160 2512 nequeo.
1210 2471 1342 2500 Candidi
1365 2472 1430 2510 equi
1445 2470 1530 2511 Tyn-

874 2521 991 2552 daridis
1013 2520 1080 2550 dari
1101 2520 1251 2554 solebant,
1267 2519 1351 2549 unde
1371 2530 1390 2549 a
1405 2518 1532 2550 Pindar.

874 2570 913 2599 1‘.
930 2569 951 2599 i.
970 2570 1040 2598 127.
1054 2569 1254 2598 λευκοπῶλοι
1269 2573 1430 2598 vocantur.
1466 2567 1531 2597 Ho-

875 2628 942 2648 rum
968 2628 1091 2658 quoque
1112 2617 1217 2658 jactus
1238 2615 1339 2646 inanis
1358 2616 1533 2646 excusatio-

875 2677 945 2697 nem
964 2667 1150 2696 merebatur.

920 2715 991 2745 380.
1014 2715 1115 2745 Peleus
1132 2713 1300 2745 secundum
1319 2711 1465 2753 Apollod.
1484 2712 1530 2742 in-
