1779 3130
333 183 952 227 METAMORPHOSEON
987 183 1106 224 LIB.
1140 184 1272 226 XIV.
1419 185 1505 225 3823

122 299 187 346 Et
204 301 309 362 Jam
336 315 648 363 prensurum,
670 299 878 361 jamjam
904 313 1015 344 mea
1037 298 1226 345 viscera
1251 299 1394 345 rebar

120 375 178 422 In
205 392 295 422 sua
318 391 615 431 mersurum;
657 373 915 436 mentique
941 374 1163 421 haerebat
1187 375 1350 436 imago

117 451 376 516 Temporis
401 453 547 507 illius,
575 467 674 514 quo
699 451 796 497 vidi
822 451 939 497 bina
964 466 1183 497 meorum

117 527 215 575 Ter
240 535 420 590 quater
444 528 598 589 affligi
626 528 875 574 sociorum
906 542 1114 590 corpora
1136 533 1278 573 terrae
1301 545 1310 581 ;

118 602 242 657 Quae
269 620 418 666 super
442 604 549 666 ipse
569 605 759 665 jacens,
787 602 961 649 hirsuti
986 618 1120 649 more
1145 602 1318 657 leonis,

117 680 441 743 Visceraque,
465 688 516 727 et
535 696 726 736 carneS‚
744 695 960 742 cumque
981 679 1106 726 albis
1125 695 1239 725 ossa
1258 679 1502 731 medullis,

119 757 529 819 Senianimesque
541 764 676 803 artus
688 757 882 803 avidam
896 756 1146 803 condebat
1161 755 1210 802 in
1223 756 1504 802 alvum.209

120 833 206 880 Me
229 840 410 880 tremor
435 834 634 880 invasit:
660 834 854 880 stabam
874 835 980 880 sine
1006 832 1246 894 sanguine
1266 838 1471 878 moestus
1490 849 1501 888 ;

119 909 548 972 Mandentemque
573 910 762 964 videns,
790 910 1192 972 ejectantemque
1219 914 1449 954 cruentas

121 985 222 1033 Ore
246 986 417 1049 dapes,
447 993 496 1033 et
516 985 674 1031 frusta
699 1001 834 1032 mero
861 985 1136 1046 glomerata
1159 990 1456 1037 vomentem,

119 1061 260 1109 Talia
283 1062 530 1124 fingebam
556 1062 734 1109 misero
760 1061 879 1108 mihi
905 1061 1007 1107 fata
1030 1060 1190 1124 parari
1213 1078 1222 1107 ε

121 1138 320 1200 Perque
342 1138 448 1186 dies
464 1138 646 1185 multos
662 1137 880 1192 latitans,
899 1152 1199 1198 omnemque
1214 1135 1505 1182 tremiscens

118 1214 198 1261 Ad
217 1215 496 1278 strepitum,
520 1222 828 1276 mortemque
849 1213 1047 1267 timens,
1070 1211 1386 1275 cupidusque
1403 1227 1505 1257 mo-

316 1291 413 1346 riri,
1410 1290 1506 1333 215

121 1366 318 1414 Glande
342 1366 522 1414 famem
548 1367 756 1430 pellens,
785 1373 834 1414 et
859 1366 1016 1413 mixta
1039 1364 1293 1412 frondibus
1320 1363 1488 1419 herba,

1407 454 1504 497 205

120 1442 283 1498 Solus,
312 1443 470 1506 inops,
499 1459 698 1506 exspes,
724 1443 823 1490 leto
849 1457 1108 1506 poenaeque
1134 1441 1352 1494 relictuS,

118 1585 179 1616 lius
200 1585 244 1616 ita
265 1585 405 1627 impediti
427 1591 525 1622 erant,
546 1592 580 1616 ut
597 1591 693 1616 morte
716 1585 775 1615 mi-

118 1634 235 1665 nimum
258 1641 443 1670 moveretur,
473 1635 546 1665 dum
571 1640 684 1665 caetera
707 1645 776 1675 quae

118 1683 251 1719 viderat,
290 1694 471 1725 quanquam
511 1684 683 1719 metuebat,
719 1682 778 1714 sibi

117 1732 183 1774 ipse
217 1739 288 1764 aute
317 1733 423 1763 oculos
453 1738 598 1774 poneret;
635 1733 710 1774 quin
748 1738 779 1763 et

118 1788 246 1813 mortem
270 1787 391 1824 optaret
414 1782 526 1824 potius,
550 1793 643 1823 quam
667 1788 780 1812 caetera

119 1831 175 1861 illa
193 1830 370 1861 sustineret.
416 1831 548 1871 Jamjam
571 1841 633 1861 mea
656 1832 779 1867 viscera,

119 1886 181 1910 etc.
199 1879 271 1910 vide
295 1879 335 1910 ad
351 1879 391 1911 vi.
410 1880 468 1910 651
492 1886 523 1911 et
543 1880 618 1910 664.
665 1880 779 1921 Imago,

121 1934 156 1959 ut
185 1928 226 1960 xi.
257 1929 332 1959 427.
381 1928 460 1959 Bina
488 1940 609 1965 corpora
637 1930 779 1959 sociorum

120 1977 241 2013 melius,
257 1987 350 2018 quam
367 1977 456 2008 binos
473 1976 585 2007 socios.
624 1977 778 2013 Quoniam

118 2026 202 2068 apud
219 2026 388 2056 Homerum
405 2031 450 2056 ter
466 2032 554 2057 vorat
573 2025 671 2062 binos,
688 2036 778 2067 prop-

119 2081 205 2106 terea
227 2075 321 2106 etiam
345 2075 403 2105 hoc
425 2075 493 2105 loco
519 2075 645 2116 quidam
669 2074 778 2105 distin-

119 2129 219 2165 guunt
247 2129 316 2165 post
343 2130 398 2154 ter.
444 2123 560 2154 Melius
590 2124 646 2153 Ter
672 2130 778 2163 quater·

119 2172 359 2214 conjunguntur,
387 2182 444 2203 nec
469 2171 624 2207 definitur,
656 2171 778 2212 quoties

119 2231 242 2252 coenam
266 2220 323 2251 sibi
346 2221 501 2262 paraverit
526 2231 542 2250 e
567 2220 669 2251 sociis.
714 2220 777 2250 Ex-

120 2269 230 2312 pressit
252 2275 357 2300 autem
379 2269 472 2300 Hom.
495 2268 558 2300 Od.
576 2273 602 2300 Ι.
618 2270 681 2299 289
697 2279 753 2309 sqq
768 2280 774 2297 ε

122 2320 190 2350 Σὺν
212 2318 243 2349 δὲ
265 2317 322 2349 δύο
342 2318 485 2360 μάρψας,
504 2319 583 2349 ὥστε
604 2317 778 2354 σκύλακας,

122 2368 198 2398 ποτὶ
224 2367 301 2409 γαίῃ
328 2367 447 2398 Κόπτ’.
488 2366 614 2398 Ἠστθιε
636 2365 674 2402 δ’,
699 2366 778 2397 ὥστε

119 2415 203 2447 λέων
214 2416 428 2457 ὀρεσίτροφος,
439 2415 509 2447 οὐδ’
518 2414 779 2456 ἁπέλειπενἘγ-

121 2464 205 2495 κατά
227 2477 273 2501 τε,
299 2476 423 2506 σαρκας
444 2477 488 2500 τε,
514 2465 566 2495 καὶ
590 2463 684 2495 ὀστέα
705 2475 778 2505 μυε-

120 2513 250 2545 λόεντα.
274 2514 323 2545 Cf.
338 2514 428 2555 Virg.
441 2515 515 2545 AEn.
526 2514 569 2544 iii.
582 2514 655 2544 623.
668 2513 721 2544 ubi
733 2523 779 2544 re-

121 2562 251 2604 supinus
273 2563 305 2594 in
327 2569 426 2598 antro,
442 2573 569 2605 corpora
587 2562 779 2604 illafrangit

121 2614 160 2642 ad
181 2623 293 2652 samm.
337 2612 444 2643 Jacere
459 2617 490 2642 et
511 2618 591 2642 stare
607 2622 698 2653 super
713 2621 778 2641 cor-

122 2670 195 2701 pora
210 2660 333 2701 dejecta
349 2660 494 2691 dicuutur
510 2660 593 2697 ferae,
608 2660 702 2700 idque
722 2659 778 2689 hoc

121 2708 189 2739 loco
211 2709 312 2740 minus
327 2709 405 2740 bene
422 2709 603 2740 translatum
625 2708 663 2739 ad
684 2707 777 2747 Poly-

843 1584 1002 1626 phemum.
1051 1584 1119 1614 Nec
1140 1588 1280 1624 apparet,
1298 1592 1352 1612 cur
1371 1583 1505 1612 albitudo

843 1633 1036 1674 potissimum
1061 1631 1269 1662 medullarum
1297 1630 1346 1660 hic
1371 1640 1506 1660 comme-

844 1687 965 1713 morata
981 1681 1032 1712 sit.

888 1733 961 1762 211.
988 1731 1229 1770 Ejectantemque
1253 1735 1404 1764 cruentas,
1428 1729 1504 1768 etc.]

846 1781 892 1810 Ex
906 1780 1033 1811 Homer.
1050 1779 1113 1810 Od.
1129 1784 1157 1811 Ι.
1170 1780 1250 1810 373;
1267 1777 1411 1820 φάρυγος
1423 1777 1447 1808 δ’
1459 1778 1506 1813 23-

847 1828 960 1860 ἔσσυτο
977 1829 1074 1866 οἶνος,
1086 1827 1198 1869 Ψωμοί
1209 1827 1234 1859 τ’
1248 1826 1429 1868 ἀνδρόμεοι·
1445 1826 1462 1857 ὁ
1481 1825 1506 1857 δ’

847 1879 992 1921 ἐρεύγετο
1004 1878 1226 1920 οἰνοβαρείων.
1249 1877 1364 1918 Vix-gil.
1376 1878 1449 1907 AEn.
1462 1876 1506 1908 iii.

848 1929 921 1958 632.
946 1930 1056 1957 saniem
1082 1934 1222 1957 eructans
1243 1938 1277 1956 ac
1296 1926 1405 1966 fi‘ustu
1434 1937 1505 1955 cru-

846 1984 914 2008 ento
929 1978 989 2007 Per
1003 1987 1135 2007 somnum
1150 1977 1304 2006 commista
1318 1985 1407 2005 mei-0.
1445 1975 1505 2005 Pro

847 2029 1020 2066 effectantem
1047 2024 1195 2055 Heinsius
1229 2022 1391 2058 suadebat,
1419 2034 1505 2053 eruc-

848 2082 971 2106 tantem.
1016 2074 1078 2105 Sed
1107 2072 1259 2115 expressit
1298 2071 1382 2102 haud
1412 2072 1505 2103 dubie

845 2123 985 2166 Euripid.
1000 2123 1133 2164 Cyclop.
1145 2132 1207 2152 ver.
1223 2122 1296 2152 588.
1307 2120 1340 2155 ἐξ
1351 2120 1506 2158 ἀναιὸοῦς

845 2172 1013 2214 φάρυγγος
1043 2170 1160 2209 ὠθὴσει
1186 2169 1272 2212 κρέα.
1320 2169 1504 2205 Glomerata,

846 2222 1032 2259 commixta3
1056 2220 1184 2251 AEneid.
1202 2219 1246 2250 ix.
1262 2219 1336 2250 349.
1351 2230 1417 2249 cum
1436 2230 1504 2249 san-

843 2273 938 2311 guine
952 2272 1005 2300 mia
1013 2277 1043 2300 ta
1055 2271 1126 2299 vina
1138 2268 1243 2309 refert.
1268 2267 1354 2297 BIero
1365 2266 1418 2297 illo
1432 2277 1503 2297 eum

846 2318 977 2360 Ulysses
992 2317 1207 2348 inebriaverat.

888 2368 963 2398 214.
990 2367 1104 2406 Perque
1114 2367 1174 2395 dies
1183 2365 1300 2399 multos,
1313 2364 1391 2403 etc.]
1408 2363 1504 2394 Totus

847 2415 896 2446 hic
917 2414 1005 2445 locus
1024 2425 1041 2445 e
1058 2414 1145 2455 Virg.
1166 2414 1239 2443 AEn.
1258 2412 1301 2443 iii.
1323 2412 1504 2442 645—652.

847 2474 1020 2506 expressus.
1034 2463 1160 2502 Eas-pes,-
1171 2461 1314 2501 omnispe
1325 2460 1504 2491 destitutus.

849 2514 948 2555 Fuga,
984 2511 1125 2552 fugiendi
1164 2509 1309 2545 facultas,
1346 2515 1380 2539 ut
1422 2517 1504 2540 recte

847 2562 956 2592 Burin.
991 2561 1084 2595 Mori,
1101 2560 1238 2590 animum
1255 2560 1377 2589 AEneae.
1423 2559 1504 2588 Gra-

847 2612 922 2645 ium,
941 2616 1001 2640 etc.
1017 2609 1122 2639 confer
1139 2618 1200 2638 ver.
1220 2608 1290 2638 163.
1305 2618 1360 2637 cur
1377 2608 1504 2637 barbara

849 2660 978 2690 Graium
998 2659 1092 2688 Prora
1111 2659 1197 2687 vehit.
