1779 3130
364 170 983 212 METAMORPHOSEON
1017 171 1137 212 LIB.
1162 172 1299 213 VIII.
1461 175 1517 216 39

136 286 266 332 Nam
291 286 353 333 de
374 292 532 332 matre
556 301 748 340 manus,
777 285 868 331 diri
895 285 987 331 sibi
1014 285 1215 333 conscia
1237 286 1371 342 facti,
1421 290 1518 334 530

135 362 319 424 Exegit
342 379 531 425 poenaS,
561 369 670 409 acto
695 378 783 425 per
805 362 996 409 viscera
1019 362 1160 409 ferro.

136 439 250 485 Non
275 440 393 485 mihi
419 439 460 485 si
485 446 686 486 centum
714 439 852 486 Deus
878 455 962 486 ora
986 439 1212 486 sonantia
1236 439 1432 500 linguis,

135 516 499 578 Ingeniumque
524 532 700 579 caan,
724 523 985 579 totumque
1005 515 1250 563 Helicona
1273 515 1516 572 dedisset;

134 592 317 639 Tristia
342 609 668 656 persequerer
692 593 983 639 miserarum
1003 592 1142 639 dicta
1166 607 1386 638 sororum
1406 608 1415 638 :

136 668 458 716 Immemores
477 670 672 716 decoris
698 670 900 717 liventia
924 677 1126 733 pectora
1150 669 1388 723 tundunt3
1422 671 1517 715 535

137 745 371 807 Dumque
413 752 581 792 manet
617 761 813 809 corpus,
853 762 1030 809 corpus
1071 743 1409 806 refoventque,
1449 743 1518 791 fo-

332 829 551 883 ventque
570 839 579 868 ε

136 895 325 943 Oscula
349 897 470 943 dant
494 897 605 960 ipsi,
634 897 795 960 posito
820 899 941 944 dant
965 898 1135 944 oscula
1158 898 1304 944 lecto.

135 971 260 1019 Post
279 973 514 1027 cinerem,
536 973 726 1020 cineres
753 973 955 1020 haustos
978 975 1040 1020 ad
1066 980 1269 1037 pectora
1293 980 1521 1036 pressant

137 1048 425 1112 Affusaeque
445 1051 616 1112 jacent
639 1051 857 1107 tumulo;
899 1051 1195 1113 signataque
1220 1066 1343 1096 saxa

139 1124 352 1172 Nomine
377 1127 667 1189 complexae,
694 1126 922 1173 lacrimas
948 1127 998 1172 in
1023 1127 1220 1174 nomine
1240 1126 1467 1173 fundunt.

138 1200 275 1254 Quas
302 1201 616 1248 Parthaoniae
642 1203 844 1250 tandem
870 1202 1044 1250 Letoia
1065 1203 1208 1249 clade

134 1333 191 1374 git.
226 1333 370 1363 Summus
385 1332 488 1363 luctus
504 1333 698 1365 describitur.
737 1335 795 1364 Cu-

134 1384 223 1412 nities
237 1387 269 1412 et
288 1383 390 1411 vultus
405 1383 508 1412 seniles
525 1382 629 1413 valent
645 1382 685 1412 ad
702 1382 795 1414 mise-

135 1430 286 1461 rationem
306 1430 495 1461 faciendam.

179 1479 254 1510 531.
279 1480 353 1509 Acro
367 1490 419 1518 per
433 1479 671 1519 visceresferr0.]
698 1480 797 1511 Juxta

136 1528 214 1558 alios
228 1528 341 1569 laqueo
356 1528 451 1558 vitam
469 1528 578 1558 finivit.
608 1528 690 1559 Vide
701 1530 796 1559 Mun-

135 1578 241 1608 kerum
260 1577 299 1607 ad
316 1576 432 1618 Hygini
452 1577 514 1607 fab.
533 1577 604 1608 174.
650 1577 705 1607 Nil
720 1577 796 1607 defi-

138 1626 182 1656 nit
192 1625 355 1667 Hyginus:
382 1637 502 1657 msfrens
516 1628 547 1656 in
565 1628 647 1656 luctu
665 1628 798 1657 decessit.

181 1676 254 1706 532.
279 1676 309 1705 δι’
325 1681 441 1705 centum
462 1675 554 1711 Deus,
571 1676 652 1715 ete.]
680 1675 730 1705 Sic
751 1686 798 1706 res

137 1724 250 1754 arduas
285 1724 461 1764 exprimunt
498 1731 609 1765 poetae,
637 1723 798 1765 Virgilius,

139 1774 253 1814 Georg.
268 1772 301 1803 ii.
316 1774 376 1809 42;
403 1772 529 1803 AEneid.
545 1772 586 1803 vi.
604 1774 666 1804 625
683 1785 689 1809 ;
717 1773 796 1803 Hos-

140 1822 201 1852 tius
229 1821 313 1863 apud
341 1822 482 1852 Macrob.
509 1822 550 1852 vi.
581 1824 623 1860 33
661 1823 797 1858 Persius,

139 1872 205 1901 Sat.
231 1871 272 1901 V.
300 1870 321 1900 i.
348 1870 408 1907 26;
446 1870 614 1900 Claudiam.
644 1871 676 1901 in
706 1870 800 1902 Cons.

141 1919 238 1960 Olyb.
255 1925 286 1949 et
310 1919 402 1949 Prob.
425 1921 477 1949 55.
493 1918 546 1960 qui
570 1929 678 1949 omnes
701 1920 800 1950 secuti

140 1974 212 1998 sunt
226 1968 318 1997 Hom.
330 1967 369 1997 Il.
383 1971 419 1998 B.
436 1968 496 1997 488
513 1979 518 1996 :
547 1968 686 2006 Πληθὺν
702 1966 726 1997 δ’
743 1968 801 1998 οὐκ

139 2017 183 2048 ἂν
194 2016 256 2058 ἐγὼ
267 2016 460 2058 μυθήσομαι,
473 2015 536 2047 οὐδ’
550 2016 712 2057 ὀνομὴσω,
727 2016 800 2047 Οὐδ’

141 2065 166 2097 εἴ
182 2067 234 2107 μοὶ
251 2064 324 2096 δέκα
340 2067 399 2106 μὲν
411 2066 570 2107 γλῶσσαι,
590 2064 665 2096 δέκα
681 2065 712 2096 δὲ
727 2066 800 2096 στό-

140 2114 213 2156 ματ’
241 2114 316 2149 εἶεν,
350 2115 448 2153 Φωνὴ
479 2113 503 2145 δ’
533 2113 704 2156 ἅῤῥηκτος,
735 2120 798 2145 etc.

141 2164 202 2194 Sed
217 2164 331 2194 Noster
346 2163 378 2194 in
393 2174 424 2194 re
442 2163 555 2194 leviore
569 2174 678 2204 parum
699 2163 798 2194 felici-

141 2218 188 2243 ter
202 2213 268 2243 haec
283 2213 437 2243 adhibuit.

184 2263 258 2293 535.
283 2262 392 2298 Decus,
409 2273 484 2292 cura
503 2267 534 2292 et
553 2267 679 2292 ornatus
694 2272 800 2302 corpo-

140 2311 191 2342 ris.
238 2311 390 2346 Livenfia,
407 2316 442 2341 ut
463 2311 592 2341 liveant.
639 2310 801 2351 quovent-

142 2371 216 2400 que;
240 2360 312 2390 vide
338 2360 376 2390 ad
398 2370 462 2390 ver.
483 2360 564 2397 163;
588 2365 619 2389 et
642 2359 680 2389 de
695 2359 803 2400 fovere

143 2409 182 2440 ad
202 2409 234 2439 ii.
250 2409 331 2439 339:
357 2419 450 2449 quem
471 2408 574 2439 locum
595 2418 716 2438 ornnem
731 2418 804 2438 cum

142 2457 200 2488 hoc
222 2457 374 2488 conferas.
421 2457 522 2492 Lecto,
548 2456 677 2487 feretro:
709 2457 803 2486 etiam

144 2506 255 2537 Graece
284 2505 393 2544 κλίνη.
439 2505 523 2535 Vide
555 2505 804 2535 Kirchmannum

144 2553 184 2584 de
199 2553 370 2589 funeribus,
387 2553 419 2583 ii.
434 2553 465 2583 9.
497 2553 606 2583 Oscula
622 2555 688 2591 ipsi,
705 2554 805 2582 oscula

146 2602 241 2638 lecto,-
266 2601 310 2632 sic
327 2601 502 2642 distingue:
528 2602 635 2631 oscula
650 2601 805 2640 dantipsi,

146 2650 179 2681 id
202 2656 261 2686 est,
287 2651 448 2691 Meleagro
471 2660 524 2681 seu
551 2649 682 2691 corpori,
705 2649 806 2691 posito

147 2699 253 2730 oscula
275 2698 352 2730 dant
375 2700 470 2736 lecto;
494 2704 529 2730 ut
551 2698 682 2729 alterum
707 2699 807 2729 oscula

1424 1205 1515 1249 541

865 1334 903 1365 ad
919 1345 1042 1376 corpus,
1059 1334 1190 1364 alterum
1213 1334 1252 1365 ad
1271 1334 1388 1364 lectum
1408 1333 1522 1364 refera-

864 1389 925 1414 tur.

907 1433 981 1463 538.
1007 1432 1077 1462 Post
1097 1434 1236 1466 cinerem,
1252 1438 1416 1472 postquam
1439 1442 1523 1462 com-

863 1482 972 1512 bustus
995 1486 1070 1511 erat.
1115 1480 1176 1511 Sed
1200 1485 1285 1510 amat
1306 1479 1439 1511 Ovidius
1465 1481 1523 1511 hu-

861 1530 998 1572 jusmodi
1013 1529 1223 1572 repetitiones,
1241 1530 1311 1559 Post
1327 1532 1466 1565 cinerem,
1482 1532 1524 1560 cz'-

865 1591 957 1615 neres,
973 1584 1033 1609 etc.
1072 1579 1226 1614 Pressunt,
1242 1577 1356 1619 saepius
1368 1583 1525 1619 premunt.

864 1628 1008 1658 Imitatus
1027 1633 1074 1658 est
1093 1627 1197 1662 Silius,
1214 1626 1280 1657 viii.
1302 1627 1378 1657 129:
1408 1628 1466 1657 Cui
1480 1630 1523 1658 cl—

864 1688 962 1707 nerem
985 1678 1091 1706 arbane
1110 1682 1244 1715 pressant
1264 1677 1303 1705 acl
1323 1681 1442 1715 pectora
1464 1687 1526 1705 ma-

865 1732 932 1756 tres.
979 1726 1120 1760 Haustos,
1152 1724 1310 1759 collectos,
1338 1730 1372 1754 ut
1399 1724 1440 1754 ix.
1469 1726 1524 1756 35.

867 1776 989 1805 haustus
1017 1775 1126 1813 puluis.
1182 1773 1302 1803 Similia
1330 1773 1468 1804 lamenta
1492 1779 1527 1804 et

866 1824 975 1854 eadem
991 1824 1054 1854 fere
1070 1823 1165 1853 verba
1178 1822 1275 1852 habes
1291 1821 1355 1852 xiii.
1372 1823 1444 1853 424.
1469 1823 1527 1864 Af-

857 1873 959 1914 fusae;
985 1871 1056 1902 vide
1082 1871 1121 1901 ad
1145 1870 1188 1901 iii.
1210 1871 1282 1900 438.
1329 1870 1469 1901 Fundere
1496 1873 1528 1902 in

868 1923 985 1951 nomine
999 1927 1082 1951 recte
1098 1919 1160 1950 dici
1175 1919 1267 1950 docet
1283 1920 1492 1951 Burmannus.

918 1971 993 2001 541.
1042 1970 1224 1999 Parthaonis
1268 1967 1351 1998 filius
1396 1969 1526 2000 OEneus.

871 2019 970 2060 Gorge
1004 2023 1153 2059 nupserat
1183 2017 1398 2053 Andraemoni,
1430 2018 1528 2058 Deja-

869 2067 936 2097 nira
957 2066 1098 2102 Herculi,
1121 2072 1153 2096 et
1179 2065 1223 2096 sic
1249 2077 1346 2096 nurus
1372 2067 1529 2098 Alcmenae.

869 2117 935 2147 Has
950 2116 1029 2146 duas
1047 2115 1141 2146 etiarn
1158 2115 1302 2156 Hyginus
1322 2120 1354 2145 et
1369 2115 1529 2146 Nicander

867 2170 1066 2206 exceperunt.
1111 2163 1290 2194 Secundum
1306 2163 1388 2194 hunc
1401 2164 1529 2194 Baccho

869 2213 1056 2255 deprecante
1092 2211 1130 2243 iis
1164 2217 1272 2242 natura
1311 2221 1368 2242 sua
1404 2212 1527 2243 relicta.

869 2263 1000 2296 Allermt,
1013 2271 1085 2291 aves
1107 2270 1173 2290 esse
1186 2260 1296 2301 jussit:
1323 2260 1529 2297 Claudianus,

872 2312 922 2346 18,
946 2311 1028 2340 295:
1064 2310 1171 2339 Eleuat
1198 2310 1274 2339 hanc
1297 2310 1419 2348 plumis,
1442 2320 1528 2349 squa-

869 2361 923 2390 mis
953 2361 1030 2389 hanc
1056 2358 1172 2400 j'abula
1203 2360 1301 2388 vestit.
1347 2358 1431 2388 Aves
1459 2358 1530 2389 illas

870 2408 984 2438 Noster
1001 2417 1107 2448 parum
1124 2405 1287 2447 perspicue
1301 2405 1431 2435 notavit.
1477 2406 1530 2437 In-

871 2457 969 2497 telligi
994 2466 1059 2491 eas,
1076 2466 1146 2495 quae
1162 2454 1253 2484 Linn.
1294 2454 1441 2484 Numidae
1458 2455 1529 2486 Me-

872 2505 1037 2546 leagrideS,
1054 2503 1177 2534 Nostris
1203 2503 1396 2533 Perlhillmer
1418 2503 1530 2534 dicun-

872 2559 933 2588 tur,
951 2552 1041 2582 docet
1064 2551 1244 2582 Schneider.
1260 2551 1299 2581 ad
1315 2551 1434 2581 AEliani
1458 2552 1530 2582 His-

873 2608 930 2632 tor.
947 2600 1086 2630 Animal·
1105 2601 1148 2630 iv.
1166 2601 1219 2630 42.
1267 2600 1422 2630 Caeterum
1438 2599 1530 2631 variae

872 2660 920 2680 res
941 2648 1041 2680 omnis
1060 2648 1153 2689 hujus
1170 2647 1285 2678 fabulae
1302 2647 1483 2688 Calydoniae
1499 2647 1531 2679 in

874 2698 1010 2730 nummis
1025 2702 1057 2728 et
1072 2697 1141 2728 aliis
1155 2696 1364 2728 monumentis
1379 2707 1530 2738 expressae
