1779 3130
242 173 325 213 152
640 173 690 213 P.
724 171 939 213 OVIDII
973 173 1254 216 NASONIS

241 286 509 333 Lactentes
533 286 728 342 vitulOS,
758 286 1201 336 Amathusiacasve
1227 289 1487 338 bidentes:

240 362 438 425 Hospes
465 369 572 409 erat
596 378 755 409 caesus
779 380 788 410 :
829 363 982 410 sacris
1008 363 1200 411 offensa
1224 365 1467 422 nefandis,

236 438 355 501 Ipsa
379 454 495 484 suas
520 439 684 492 urbes,
710 439 1056 501 Ophiusiaque
1082 456 1196 488 arva
1221 443 1430 504 parabat
1457 444 1630 504 [urbes

237 514 483 562 Deserere
517 515 646 561 alma
665 514 834 562 Venus
859 533 868 563 :
913 515 1014 563 Sed
1043 517 1163 578 quid
1198 518 1307 565 loca
1336 527 1490 580 grata,
1510 520 1631 582 quid

237 591 518 638 Peccavere
539 593 696 639 meae?
729 593 864 655 quod
891 593 1094 649 crimen,
1116 593 1258 649 dixit,
1277 595 1326 640 in
1346 595 1470 642 illis?
1531 599 1622 643 231

238 668 401 716 Exilio
427 685 625 732 poenam
652 670 816 732 potius
845 686 967 732 gens
994 671 1146 733 impia
1171 672 1375 734 pendat,

235 745 329 792 Vel
350 762 474 793 nece
494 764 504 801 ;
537 747 612 792 vel
634 747 673 792 si
697 747 817 808 quid
837 747 1056 794 medium
1078 748 1351 811 mortisque
1370 748 1626 812 fugaeque3

235 822 397 884 quue
423 822 544 884 quid
564 838 673 869 esse
698 831 882 885 potest,
906 823 1001 870 nisi
1022 840 1177 870 versae
1204 841 1351 887 poena
1375 825 1579 887 figurae?

236 897 368 944 Dum
385 899 600 954 dubitat,
623 916 722 961 quo
743 908 903 948 mutet
920 917 1020 956 eos,
1043 902 1105 947 ad
1122 918 1305 948 cornua
1319 903 1510 949 vultum
1531 906 1628 949 235

235 975 427 1023 Flexit:
469 984 520 1022 et
545 976 800 1023 admonita
825 985 903 1024 est
927 977 1034 1024 haec
1055 978 1150 1024 illis
1176 994 1324 1041 posse
1348 979 1590 1042 relinqui;

233 1053 556 1116 Grandiaque
570 1054 618 1099 in
629 1062 791 1101 torvos
804 1055 1121 1102 transformat
1133 1057 1355 1102 membra
1364 1057 1381 1118 j
1391 1072 1623 1103 uvencos.

233 1130 362 1176 Sunt
387 1139 555 1177 tamen
581 1131 813 1178 obscenae
841 1131 1090 1179 Venerem
1118 1132 1431 1195 Propoetides
1461 1149 1592 1180 ausae

232 1205 358 1254 Esse
385 1223 564 1268 negare
594 1207 782 1255 Deam:
824 1225 910 1271 pro
937 1225 1035 1271 quo
1064 1225 1153 1255 sua
1181 1209 1396 1256 numinis
1421 1209 1492 1256 ira

231 1283 458 1346 Corpora
483 1300 597 1330 cum
623 1284 777 1332 forma
803 1286 972 1348 primae
991 1287 1226 1347 vulgasse
1250 1285 1500 1343 feruntur3
1529 1289 1627 1333 240

236 1350 405 1422 thue
432 1361 590 1423 pudor
615 1361 783 1416 cessit,
812 1363 1115 1425 sanguisque
1144 1362 1362 1409 induruit
1386 1363 1500 1418 oris,

235 1434 290 1480 Iu
318 1436 530 1497 rigidum
557 1453 705 1500 parvo
733 1437 922 1485 silicem
948 1439 1231 1486 discrimine
1256 1455 1428 1486 versae.
1527 1441 1625 1501 [tes

286 1512 376 1559 VI.
393 1513 529 1567 Quas
547 1515 663 1577 quia
679 1515 719 1560 P
746 1516 979 1577 *ginalion
992 1532 1150 1562 aevum
1168 1532 1256 1580 per
1272 1516 1458 1563 crimen
1475 1532 1623 1578 agen-

271 1638 345 1668 229.
371 1638 438 1677 Ipsa
459 1649 527 1668 snas
547 1638 661 1677 nrbes]
713 1638 822 1669 Venus
838 1649 893 1679 per

227 1696 335 1716 omnes
363 1686 457 1727 Cypri
487 1689 571 1717 urbes
599 1687 717 1728 templa
745 1687 893 1723 habebat,

227 1735 332 1775 ibique
351 1735 501 1776 imprimis
513 1737 686 1766 colebatur.
710 1736 793 1767 Hinc
811 1737 893 1767 Diva

225 1792 325 1822 potens
343 1785 440 1824 Cypri
455 1786 564 1815 Horat.
578 1786 604 1815 I.
621 1786 738 1816 othni.
753 1787 780 1816 l.
799 1786 892 1825 Ophi-

225 1836 290 1863 usia
308 1834 382 1863 olim
399 1834 485 1864 dicta
501 1834 624 1875 Cyprus
645 1835 683 1865 ob
701 1834 892 1875 serpentium

225 1883 475 1913 multitudinem.
530 1883 605 1913 Vid.
645 1883 815 1925 Spanhem.
852 1884 891 1914 ad

226 1932 386 1973 Aristoph.
415 1933 499 1962 Plut.
531 1943 561 1973 p.
590 1933 663 1962 717.
709 1933 890 1963 Burmauno

227 1986 332 2010 autem
359 1990 467 2021 parum
492 1981 597 2021 placet
623 1981 753 2021 vulgata
776 1981 890 2012 lectio:

226 2029 252 2058 is
276 2029 371 2069 igitur
393 2029 441 2060 vel
464 2040 534 2059 cum
556 2040 618 2059 uno
640 2030 698 2060 MS
718 2030 803 2070 legit,
822 2030 891 2069 Ipsa

225 2089 294 2108 snus
320 2080 399 2108 sedes
424 2085 515 2117 (nam
545 2081 623 2109 sedes
649 2079 788 2109 Deorum
819 2086 891 2109 sunt

228 2127 308 2162 loca,
321 2127 373 2157 ubi
388 2127 549 2165 coluntur)
562 2127 623 2163 vel,
640 2128 708 2166 Ipsa
725 2139 792 2158 suas
807 2130 890 2159 (sdes.

228 2177 334 2207 Causa
349 2176 537 2207 emendandi
557 2176 615 2207 suit
631 2176 709 2212 haec,
725 2176 801 2218 quia
818 2187 889 2207 mox

224 2236 290 2266 seq.
312 2227 384 2265 qnid
406 2228 502 2261 urbes,
524 2236 594 2266 quae
617 2225 758 2267 repetitio
777 2225 805 2256 ei
830 2237 890 2257 non

225 2275 340 2315 placet,
365 2275 438 2316 quia
464 2282 538 2305 tunc
564 2282 595 2306 et
621 2286 693 2305 ανυιι
720 2275 890 2316 repetenda

222 2330 336 2358 essent,
363 2334 459 2364 quum
484 2333 566 2354 nunc
589 2325 651 2353 loca
675 2330 767 2365 grata
792 2323 888 2359 dicat,

223 2382 294 2412 quae
312 2378 375 2402 tam
392 2372 519 2413 templa,
536 2383 631 2412 quam
649 2373 739 2402 urbes
756 2378 786 2402 et
802 2382 888 2407 arva,

224 2426 330 2451 notare
356 2427 498 2461 possunt.
544 2420 626 2461 Ergo
651 2431 721 2450 vero
743 2420 887 2461 iniquum

223 2480 290 2500 esse
312 2470 454 2504 arbitror,
474 2475 637 2510 poetarum
658 2469 728 2500 loca
749 2469 789 2500 ad
809 2469 887 2500 tales

226 2517 311 2558 leges
327 2517 464 2558 exigere.

267 2568 341 2597 233.
358 2567 457 2608 fugo,
474 2567 618 2598 exilium:
643 2569 772 2598 medium
787 2569 888 2598 mortis

215 2616 372 2655 jugesque,
390 2615 459 2646 vide
476 2616 515 2646 ad
532 2627 595 2646 ver.
612 2617 682 2646 174.

268 2664 344 2693 238.
372 2664 527 2699 Observare,
546 2664 620 2705 quia
635 2672 743 2706 postea
759 2675 886 2706 corpora

224 2712 402 2753 vulgarunt..
446 2712 557 2743 Barth.
583 2713 713 2744 Adrers.
740 2713 804 2744 viii.
837 2715 884 2745 17.

959 1638 1107 1679 explicat,
1129 1637 1253 1680 impias.
1304 1637 1445 1668 Numinis
1468 1638 1625 1673 i1·a‚irata

959 1688 1070 1718 Venus
1092 1687 1235 1717 incitavit
1253 1687 1285 1717 in
1308 1693 1427 1718 tantam
1449 1687 1623 1724 libidinem,

958 1746 992 1767 ut
1007 1743 1067 1767 etc.
1095 1739 1226 1775 Corpora
1244 1739 1383 1778 vulgant,
1400 1747 1469 1777 quae
1485 1736 1624 1767 omnium

959 1785 1083 1815 libidini
1100 1791 1208 1826 patent
1221 1797 1228 1822 3
1243 1785 1380 1826 formam
1398 1785 1536 1825 vulgant,
1553 1796 1623 1826 quae

959 1834 1075 1869 formae,
1084 1834 1152 1865 scil.
1162 1833 1404 1874 pulchritudinis
1415 1844 1476 1863 sua:
1489 1833 1623 1864 fructum

959 1883 1102 1913 omnibus
1127 1882 1301 1924 promiscue
1324 1882 1514 1913 concedunt.
1560 1883 1623 1913 Sed

959 1933 1158 1962 Burmannus
1177 1931 1277 1967 malit,
1295 1942 1415 1970 corpora
1439 1942 1504 1961 cum
1518 1932 1623 1972 famu,

959 1987 992 2011 ut
1021 1991 1083 2011 non
1109 1981 1191 2011 clam
1225 1991 1278 2010 eas
1303 1981 1424 2015 coiisse,
1442 1991 1546 2021 neque
1574 1980 1619 2011 fa-

959 2039 1042 2059 mam
1077 2029 1263 2070 pudicarum
1303 2028 1466 2059 affectasse
1503 2029 1623 2069 signifi—

958 2086 1055 2109 cetur.
1093 2078 1229 2108 Omnino
1247 2077 1371 2119 Cypriae
1393 2078 1538 2108 mulieres
1554 2089 1623 2120 pro·

959 2127 1056 2158 clives
1075 2125 1106 2156 in
1123 2127 1278 2157 Venerem
1302 2126 1394 2157 fuisse
1413 2126 1569 2162 videntur,
1591 2133 1623 2158 et

959 2181 1112 2217 quaestum
1133 2175 1266 2216 corporis
1282 2175 1410 2206 fecisse:
1439 2175 1501 2206 vid.
1523 2175 1621 2207 Justi-

959 2235 1026 2259 nus,
1043 2224 1098 2254 lib.
1117 2224 1204 2254 xviii.
1220 2235 1289 2266 cap.
1305 2226 1338 2255 5.

1000 2274 1074 2304 241.
1112 2273 1208 2314 thue
1232 2275 1331 2313 pudor
1359 2273 1470 2313 cessit-J
1512 2275 1620 2316 Impu-

957 2322 1116 2358 dentibus‚
1140 2322 1214 2364 quia
1236 2333 1396 2364 nunquam
1420 2324 1620 2359 erubescunt,

957 2372 1045 2406 dura,
1058 2372 1237 2412 exsanguis,
1249 2372 1347 2402 ferrea
1355 2372 1447 2408 frons,
1461 2382 1619 2412 exsangue

954 2431 1001 2456 os,
1019 2427 1081 2451 etc.
1099 2421 1244 2451 tribuitur
1258 2433 1266 2458 3
1291 2420 1422 2456 Plinius,
1433 2431 1549 2462 paneg.
1563 2422 1618 2452 35.

956 2470 1040 2500 Hinc
1061 2470 1152 2500 facile
1177 2470 1234 2500 fuit
1254 2470 1447 2510 figmentum,
1471 2470 1619 2500 mulieres

956 2518 1131 2560 impudicas
1146 2519 1301 2549 transiisse
1316 2518 1348 2548 in
1364 2518 1479 2549 silices.
1517 2519 1618 2549 Parvo

956 2569 1127 2598 discrimine
1142 2579 1239 2597 tvi-scr.
1285 2568 1385 2608 Supra
1400 2567 1441 2597 vi.
1459 2568 1511 2596 62.
1531 2569 1618 2606 par-vi

955 2618 1137 2646 ‹liserimiuis
1153 2618 1271 2646 umbrat.
1298 2616 1446 2646 Induruit
1462 2616 1505 2645 sic
1520 2616 1615 2646 etiam

956 2671 1001 2695 cst
1017 2664 1059 2694 iv,
1076 2665 1148 2695 749.
1164 2671 1195 2695 et
1210 2664 1369 2694 multoties
1384 2664 1469 2695 alibi.

996 2715 1180 2745 243—297.
1214 2714 1420 2755 Pygmalionis
1441 2720 1542 2744 statua
1568 2713 1613 2743 vi·
