1779 3130
388 157 1008 200 METAMORPHOSEON
1040 160 1158 200 LIB.
1192 160 1283 200 IX.

1426 161 1506 202 121

122 268 223 316 Aut
247 271 400 326 stetit,
428 279 513 318 aut
536 272 640 318 visa
664 279 768 319 est:
798 272 989 319 inerant
1014 273 1203 320 lunaria
1226 273 1371 320 fronti

121 344 340 402 Cornua,
368 363 479 392 cum
506 348 655 409 spicis
681 347 836 394 nitido
861 348 1155 394 flaventibus
1181 365 1313 403 auro,

124 418 190 466 Et
214 422 378 482 regale
402 422 554 468 decus
574 439 584 468 :
613 438 725 468 cum
751 438 851 483 qua
875 423 1076 469 latrator
1101 424 1309 478 Anubis,

121 495 408 559 Sanctaque
427 497 679 553 Bubastis,
697 499 960 560 variusque
975 500 1221 545 coloribus
1239 499 1384 562 Apis;
1405 503 1501 546 690

122 571 320 635 Quique
346 574 524 636 premit
547 590 734 629 vocem,
761 574 1018 636 digitoque
1044 575 1239 621 silentia
1259 576 1463 632 suadet;

119 724 309 765 AEgyptiaca
328 735 451 766 quoque
473 726 661 767 mythologia
680 727 772 757 attin-

114 773 206 812 gitur,
223 773 298 803 forte
321 784 389 803 eam
415 774 549 805 maxime
571 776 610 805 ob
633 785 770 811 causam,

116 822 198 861 quod
218 822 326 851 Roma>-
348 822 441 852 etiam
462 822 564 853 Isiaca
583 834 670 853 sacra
689 824 771 854 cele-

114 869 252 905 brantur,
269 870 417 911 pluraque
441 872 555 912 templa
573 872 653 902 intra
672 872 769 913 ipsam

114 918 222 947 urbem
239 919 297 948 Isis
314 919 459 949 habebat.
486 919 559 950 vid.
576 920 650 955 Dio,
665 921 707 950 xl.
719 921 770 950 47.

113 966 218 1006 ibique
234 966 409 997 Reimarus.
455 967 569 997 Confer
582 978 651 998 cum
669 974 770 999 nostro

112 1012 183 1044 loco
200 1014 308 1044 Amor.
325 1016 369 1045 11.
385 1015 449 1045 xiii.
467 1016 499 1047 7:
516 1016 618 1046 Tibul.
632 1016 656 1045 1.
670 1016 715 1046 iii.
728 1018 768 1047 23

113 1073 181 1104 sqq.
205 1063 299 1103 Apud
316 1063 508 1093 Antoninum
522 1065 694 1094 Liberalem
710 1065 767 1095 La-

116 1117 195 1142 tonae
212 1122 301 1152 opem
318 1111 462 1153 implorat
479 1118 588 1143 mater.
615 1113 675 1143 Sed
693 1114 767 1144 Cre-

112 1165 213 1190 tenses
226 1159 316 1190 sacile
329 1159 442 1190 habere
458 1161 550 1190 etiam
566 1162 769 1202 Aigyptiacas

112 1207 276 1248 religiones
312 1214 491 1249 potuerunt.

114 1257 345 1297 AEgypdorum,
357 1256 388 1286 in
404 1268 496 1298 quam
514 1259 559 1294 10,
570 1259 680 1288 Inachi
694 1259 768 1295 filia,

113 1310 232 1335 mutata
257 1304 459 1343 credebatur3
486 1306 556 1337 vide
584 1307 615 1336 in
641 1307 718 1338 libro
741 1309 769 1339 I.

112 1353 174 1383 fab.
188 1364 218 1383 Χ.
262 1354 344 1383 Hinc
361 1354 558 1385 simulacrum
576 1355 642 1396 ejus
656 1355 767 1395 βούκε-

111 1413 172 1442 ρον
195 1401 343 1432 Herodot.
367 1402 399 1433 ii.
416 1404 467 1433 40.
512 1403 573 1433 Sed
596 1410 693 1439 eraut,
714 1405 767 1445 qui

112 1449 226 1480 Isidem
250 1460 320 1480 cum
338 1451 426 1480 Luna
448 1450 578 1481 eandem
596 1462 663 1482 esse
681 1451 766 1482 dice-

549 1210 678 1245 Inachis,
712 1211 769 1241 Isis

109 1505 186 1534 rent,
199 1499 273 1539 quia
287 1505 397 1529 statuae
414 1500 480 1540 ejus
492 1499 522 1529 in
536 1500 632 1530 fronte
644 1502 766 1530 lunaria

109 1558 232 1582 cornua,
243 1547 348 1577 lunam
361 1549 584 1577 corniculatam
598 1550 763 1588 gerebant;

109 1596 295 1626 Plutarchus
319 1596 357 1626 de
381 1596 464 1626 Iside
486 1603 517 1626 et
540 1596 624 1627 Osir.
641 1608 671 1638 p.
689 1599 763 1628 467.

107 1644 162 1674 ed.
180 1643 289 1674 Reisk.
326 1644 577 1684 Inerantfrouti,
593 1646 718 1684 gerebat
733 1645 764 1675 in

110 1693 219 1722 fronte.
243 1692 378 1728 Cornua,
392 1703 460 1733 quae
478 1704 523 1733 pr.
540 1693 595 1723 sic.
606 1693 763 1729 dicuntur,

108 1741 223 1771 rectius
237 1741 324 1771 dicas
339 1742 550 1782 inessesronti.
582 1741 643 1771 Vix
660 1750 764 1772 autem

108 1790 236 1820 dubium
266 1796 321 1824 est,
352 1790 465 1820 Isidem
494 1790 586 1820 fuisse
614 1791 762 1830 reginam,

108 1848 177 1878 quae
201 1849 270 1868 cum
291 1838 413 1868 Osiride
431 1839 562 1879 conjuge
588 1849 693 1878 agrum
712 1851 761 1870 co-

107 1886 169 1916 lere
185 1897 254 1916 suos
269 1886 426 1924 docuerit;
443 1887 537 1917 Diod.
555 1887 616 1917 Sic.
632 1887 651 1917 i.
668 1899 697 1928 p.
714 1889 762 1918 17.

110 1933 190 1964 Hinc
228 1937 310 1973 spicas
337 1936 486 1975 flaventes
522 1946 610 1969 univ,
645 1946 760 1966 aureae.

105 1982 289 2013 Tertullian.
314 1983 352 2012 de
376 1983 488 2013 Coron.
511 1993 582 2023 cap.
603 1984 632 2013 7.
656 1990 762 2014 auctor

104 2037 161 2066 est,
192 2031 306 2061 Isidem
335 2031 467 2072 primam
497 2037 632 2072 repertas
661 2033 762 2073 spicas

105 2079 208 2120 capite
224 2079 462 2110 circumtulisse.

149 2129 224 2158 689.
250 2128 363 2169 Regale
387 2129 485 2163 decus,
502 2127 658 2163 diadema,
676 2128 759 2167 quod

106 2176 199 2206 etiam
215 2186 233 2206 a
249 2176 336 2206 Curt.
352 2176 392 2206 V.
406 2175 469 2205 viii.
486 2177 532 2205 13.
548 2178 636 2205 decus
653 2177 759 2214 capitis

106 2230 250 2261 vocatur3
274 2223 443 2254 Claudian.
468 2224 570 2254 Laud.
593 2223 714 2254 Stilich.
736 2224 758 2254 i.

107 2272 135 2302 7.
152 2275 273 2303 victoris
287 2274 385 2307 decus,
401 2273 520 2302 laurea.
542 2273 579 2302 In
592 2284 695 2311 pompa
713 2283 758 2303 sc.

105 2320 254 2350 comitatu
278 2326 344 2350 erat
359 2321 472 2350 Anubis
496 2321 633 2355 latrator,
648 2320 678 2350 id
703 2328 760 2357 est,

103 2369 201 2399 canis.
246 2370 385 2410 Propert.
408 2369 472 2399 III.
498 2369 541 2399 ix.
568 2370 620 2399 41.
645 2370 759 2399 latrans

105 2419 230 2448 Anubis.
264 2417 394 2448 Osiridis
409 2417 519 2452 filium,
537 2425 621 2448 metu
636 2417 759 2458 Typho-

105 2465 151 2495 nis
166 2466 349 2507 expositum,
363 2465 476 2506 reperit
490 2467 586 2501 canis,
597 2476 690 2506 quem
706 2465 758 2496 ille

103 2514 228 2549 deinde,
244 2515 382 2544 Anubim
398 2514 529 2550 dictum,
541 2514 686 2544 comitem
701 2513 758 2544 sibi

104 2568 135 2592 et
149 2562 306 2593 custodem
323 2562 397 2593 fecit
412 2569 593 2604 perpetuum
606 2574 614 2600 ;
633 2562 759 2608 1³lutar-

106 2610 193 2646 chus,
208 2611 239 2641 d.
255 2611 278 2641 l.
295 2622 326 2652 p.
341 2612 413 2642 407.
460 2611 523 2641 Alii
545 2611 641 2641 filium
658 2610 759 2652 ipsum

103 2668 177 2688 cum
192 2659 270 2689 facie
286 2659 398 2690 canina
418 2659 511 2690 fuisse
530 2659 668 2690 tradunt.
697 2658 761 2689 Alii

152 2707 253 2737 VOL.
276 2707 338 2736 IV.

840 737 943 757 rursus
972 726 1162 757 Mercurium
1197 727 1235 757 ab
1267 725 1426 767 Aigyptiis
1453 726 1497 757 sic

840 775 1003 805 formatum
1024 781 1054 806 et
1072 775 1188 806 dictum
1210 776 1405 806 existimant:
1430 775 1496 806 vid.

839 823 1002 864 Jablonsky
1028 824 1141 854 Panth.
1167 835 1196 854 v.
1222 826 1246 854 l.
1292 824 1372 853 Cum
1396 824 1497 865 capite

839 872 949 901 canino
974 872 1097 902 Anubis
1126 872 1260 902 cernitur
1282 883 1319 902 ex
1347 882 1497 903 marmore

838 931 998 962 expressus
1011 921 1092 961 apud
1104 920 1260 951 Boissard.
1284 921 1392 961 Antiq.
1403 921 1495 951 Rom.

838 968 877 998 P.
900 971 932 999 6.
957 981 989 1010 p.
1011 971 1065 1000 78.
1112 970 1251 999 Bubastis
1278 970 1436 1000 colebatur
1463 970 1495 1000 in

838 1018 913 1048 urbe
938 1019 1090 1053 Bubasto,
1110 1026 1140 1049 et
1164 1018 1272 1048 eadem
1296 1029 1367 1048 cum
1391 1018 1497 1048 Diana

838 1064 931 1095 fuisse
949 1076 967 1096 a
986 1066 1092 1096 multis
1108 1065 1295 1107 perhibetur.
1340 1067 1422 1104 Apis,
1438 1067 1494 1096 bos

836 1113 987 1144 candidus
999 1125 1070 1144 cum
1081 1113 1212 1144 maculis
1223 1113 1328 1154 nigris,
1339 1113 1494 1144 Osiridem

836 1162 995 1199 reserens3
1027 1163 1226 1197 Plutarchus,
1251 1163 1282 1192 d.
1307 1163 1327 1192 l.
1351 1174 1381 1203 p.
1406 1164 1492 1200 4523

836 1210 932 1241 Solin.
947 1221 1018 1252 cap.
1036 1212 1095 1241 134
1111 1223 1118 1249 5
1132 1211 1290 1241 Ammian.
1303 1211 1404 1240 Marc.
1417 1210 1492 1241 xxii.

840 1261 898 1288 14:
925 1259 996 1289 hinc
1017 1262 1115 1289 varius
1137 1261 1291 1295 coloribus,
1308 1260 1492 1297 versicolor3

840 1309 942 1337 varius
962 1307 1056 1337 etiam
1079 1307 1262 1348 simpliciter
1283 1307 1327 1337 ita
1346 1308 1492 1348 ponitur;

836 1354 949 1386 Claud.
961 1355 1005 1384 R.
1020 1355 1055 1385 P.
1068 1356 1114 1385 ΙΙ.
1129 1355 1284 1390 Praef.27,
1294 1357 1380 1385 varia
1392 1358 1494 1395 tigris.

879 1404 951 1433 691.
978 1404 1093 1443 Quique
1115 1406 1232 1442 premit,
1256 1404 1334 1443 etc.]
1368 1404 1490 1445 Harpo-

835 1457 947 1485 crates,
965 1451 1058 1481 Isidis
1073 1451 1164 1485 filius,
1182 1451 1234 1491 qui
1251 1452 1406 1481 meliorem
1425 1452 1489 1482 De-

835 1508 921 1528 orum
939 1498 1081 1529 notitiam
1101 1499 1164 1529 suis
1183 1499 1363 1533 tradiderat,
1379 1499 1488 1540 pinge-

831 1547 923 1576 batur
946 1557 1016 1576 cum
1041 1547 1138 1586 digito
1161 1546 1204 1576 ori
1228 1547 1382 1587 imposito,
1405 1548 1487 1588 quod

833 1599 898 1623 erat
914 1594 1133 1624 taciturnitatis
1150 1595 1338 1635 symbolum.
1386 1596 1423 1625 In
1439 1606 1487 1626 sa-

832 1643 890 1672 cris
914 1643 980 1684 ejus
1006 1643 1211 1678 clamabatur,
1232 1644 1367 1684 γλῶσσα
1392 1644 1488 1685 τύχη,

832 1692 966 1732 γλῶσσα
994 1690 1142 1732 δαίμωυ;
1182 1692 1379 1728 Plutarchus,
1409 1693 1440 1722 d.
1468 1694 1489 1724 l.

832 1751 862 1780 p.
879 1742 952 1770 488.
997 1741 1135 1776 Sistrwn,
1156 1740 1379 1782 crepitaculum
1404 1752 1487 1773 aene-

832 1800 882 1818 um
901 1794 932 1819 et
948 1789 1124 1824 rotundum,
1142 1789 1210 1819 ἀπὸ
1231 1791 1287 1820 τοῦ
1306 1790 1454 1827 σείεσθαι,
1471 1802 1490 1822 a

834 1837 1038 1867 concutiendo
1054 1838 1097 1868 sic
1113 1838 1244 1868 dictum.
1280 1839 1317 1868 In
1333 1840 1488 1880 superiore

830 1893 917 1926 parte
934 1885 1056 1926 sculpta
1073 1893 1138 1915 erat
1157 1886 1226 1915 felis
1244 1896 1313 1917 cum
1333 1887 1413 1917 facie
1431 1888 1487 1918 hu-

830 1944 932 1968 mana,
964 1934 995 1963 in
1023 1933 1164 1964 inferiore
1193 1933 1262 1964 Isis.
1309 1935 1391 1964 Usus
1421 1936 1488 1976 ejus

828 1990 893 2013 erat
918 1982 950 2012 in
979 1982 1075 2012 sacris
1099 1982 1202 2018 Isidis,
1229 1983 1357 2023 ejusque
1384 1983 1486 2014 sonitu

828 2031 960 2072 Typhon
985 2031 1089 2061 terreri
1117 2031 1313 2061 credebatur.
1360 2031 1486 2062 Plutar-

829 2079 914 2114 chus,
932 2090 961 2120 p.
977 2080 1053 2109 488.
1100 2080 1241 2109 Formam
1268 2079 1334 2120 ejus
1360 2089 1484 2120 expres-

827 2137 894 2157 sam
910 2127 998 2157 vides
1016 2127 1047 2156 in
1064 2127 1202 2168 Lipperti
1222 2127 1354 2167 Dactyl.
1371 2127 1393 2156 i.
1410 2128 1484 2158 870.

830 2176 956 2205 Osiridis
970 2186 1079 2216 corpus
1095 2175 1271 2216 a‘l'yphone
1287 2175 1318 2205 in
1335 2181 1483 2215 quatuor-

828 2224 927 2254 decim
944 2230 1046 2264 partes
1062 2223 1250 2264 discerptum
1267 2223 1376 2258 fuerat,
1389 2229 1483 2264 atque

828 2271 1004 2312 disjectum.
1048 2271 1124 2301 Illas
1138 2277 1242 2311 partes
1258 2270 1394 2311 undique
1410 2282 1483 2302 con-

828 2320 957 2360 quisitas
981 2320 1153 2360 composuit
1176 2319 1234 2349 Isis
1257 2329 1292 2349 eo
1315 2319 1381 2360 ipse
1405 2319 1485 2356 loco,

828 2380 889 2409 quo
905 2379 1061 2409 quamque
1078 2368 1248 2398 invenerat.
1282 2367 1481 2404 Plutarchus,

827 2429 857 2458 p.
874 2418 946 2447 411.
991 2418 1029 2446 In
1048 2416 1114 2457 ejus
1132 2416 1175 2446 rei
1197 2416 1374 2445 memoriam
1395 2425 1486 2446 sacra

827 2465 978 2502 instituta,
1004 2465 1035 2494 in
1065 2463 1178 2504 quibus
1206 2463 1382 2493 sacerdotes
1411 2473 1483 2493 cum

826 2514 897 2543 fletu
923 2513 1104 2554 quaerebant
1127 2511 1293 2547 Osiridem‚
1317 2521 1387 2541 mox
1410 2521 1482 2541 cum

825 2566 918 2592 cantu
955 2560 1118 2591 redeuntes
1150 2569 1182 2589 se
1219 2558 1373 2589 invenisse
1409 2568 1481 2590 eum

826 2609 983 2640 dicebant.
1006 2608 1166 2638 Minucius
1181 2607 1280 2643 Felix,
1297 2607 1358 2638 xxi.
1375 2607 1393 2637 7
1409 2617 1480 2648 sqq.

826 2658 897 2688 hinc
914 2667 1133 2697 nunquamque,
1149 2661 1209 2687 etc.

956 2704 987 2734 R
