1779 3130
253 175 312 216 923·
643 174 693 215 P.
728 173 942 215 OVIDII
976 173 1257 215 NASONIS

255 289 520 350 Indignere
547 289 722 350 inagiS,
753 288 1005 352 Nymphis
1030 289 1190 335 latura
1214 304 1449 344 coronas3

254 365 416 426 Inque
432 365 541 410 sinu
553 381 778 426 puerum,
791 365 877 427 qui
894 365 1113 411 nondum
1129 365 1424 427 impleverat
1439 378 1639 415 annum,

254 441 415 487 Dulce
439 440 630 487 ferebat
654 456 794 496 onUS,
819 440 1078 503 tepidique
1103 457 1198 503 ope
1219 440 1362 486 lactis
1390 439 1571 486 alebat.

253 517 403 564 Haud
429 517 601 580 procul
627 532 656 563 a
680 523 872 578 stagno,
890 516 1068 580 Tyrios
1093 517 1284 563 imitata
1308 516 1516 570 colores,
1543 517 1641 560 340

252 593 314 639 In
339 608 479 656 spem
504 593 770 639 baccarum
795 593 1003 639 florebat
1028 593 1260 655 aquatica
1283 593 1426 638 lotos.

256 669 527 732 Carpserat
552 669 666 715 hinc
694 669 917 732 Dryope,
946 685 1071 731 quos
1098 668 1436 715 oblectamina
1459 674 1575 713 nato

254 745 555 807 Porrigeret,
583 746 756 802 flores;
797 752 847 792 et
871 745 1004 792 idem
1028 745 1220 791 factura
1243 745 1470 800 videbar3

254 821 487 884 Namque
512 821 740 868 aderam:
779 821 879 867 vidi
904 828 1069 882 guttas
1096 838 1122 868 e
1147 822 1266 868 flore
1292 827 1522 867 cruentas

254 899 517 954 Decidere,
545 906 595 945 et
618 899 828 946 tremulo
854 914 1015 945 ramos
1042 899 1239 944 horrore
1266 897 1468 944 moveri.

1541 897 1637 941 345

252 976 475 1031 Scilicet,
502 982 557 1021 ut
576 974 794 1022 referunt
816 975 943 1021 tardi
964 990 1095 1020 nunc
1121 974 1337 1036 denique
1364 980 1604 1035 agrestes,

252 1052 389 1099 Lotis
414 1052 463 1098 in
488 1052 615 1098 hanc
642 1051 897 1114 Nymphe,
924 1050 1117 1112 fugiens
1139 1052 1374 1097 obscoena
1400 1049 1585 1113 Priapi,

254 1129 551 1176 Contulerat
574 1144 758 1184 verSOS,
786 1135 978 1176 servato
1004 1127 1218 1182 nomine,
1244 1127 1426 1174 vultus.

253 1290 346 1332 igitur
362 1289 572 1320 innocentiam
588 1295 618 1319 et
633 1288 831 1319 securitatem
854 1299 913 1330 pu-

252 1340 323 1371 eliae
347 1339 519 1369 declarant.
564 1338 667 1368 Etiam
691 1348 759 1378 sqq.
779 1338 912 1367 multum

254 1388 360 1419 valent
389 1387 428 1418 ad
462 1386 761 1417 commiserationem
796 1387 913 1416 facien—

253 1437 338 1472 dam,
368 1436 578 1476 affectumque
614 1434 814 1465 tenerrimum
851 1434 912 1476 spi-

254 1492 335 1516 rant.
385 1485 642 1524 Tepidi—alebat,
672 1483 811 1514 lactabat
838 1494 913 1526 pue-

252 1545 334 1566 rum.
525 1557 535 1564 .

298 1583 370 1613 340.
397 1582 500 1622 Tyrios
525 1583 640 1611 imitata
663 1582 781 1616 colores,
798 1580 915 1610 habens

254 1633 343 1662 flores
368 1641 548 1673 purpureos.
594 1629 716 1660 Imitari
743 1630 781 1660 de
806 1629 913 1659 simili-

253 1681 361 1711 tudine
387 1680 545 1717 colorum3
569 1680 680 1709 Horat.
706 1679 751 1709 II.
771 1679 870 1720 Epist.
895 1678 914 1708 i.

255 1731 327 1759 207.
346 1729 433 1758 Lana
460 1729 549 1758 riolas
576 1729 704 1758 imitata.
751 1727 848 1762 Lotus,
868 1737 915 1757 al·-

254 1780 309 1809 bor
324 1777 483 1812 Africana,
500 1777 555 1807 sed
579 1781 609 1807 et
632 1777 733 1807 Italiae
759 1777 914 1818 frequens,

254 1828 356 1858 fructu
371 1827 586 1859 saluberrimo,
606 1826 694 1867 cujus
710 1826 769 1856 tria
784 1836 913 1866 genera.

253 1875 337 1906 Plin.
353 1876 394 1906 H.
411 1875 454 1905 N.
471 1874 536 1904 xiii.
552 1874 604 1904 27.
651 1873 724 1904 Dici
745 1874 837 1904 hodie
859 1876 912 1904 ,ἶί-

251 1926 370 1964 :iphum
385 1924 476 1954 docet
491 1923 623 1954 Martin.
638 1923 677 1953 ad
694 1923 782 1964 Virg.
799 1924 914 1964 Georg.

254 1973 287 2004 ii.
326 1974 380 2003 84.
441 1972 563 2002 Nostris
599 1971 824 2010 Jzy'ubenbaam
861 1978 914 2002 aut

255 2022 518 2052 Brustbeerlmum.
566 2022 727 2060 Aquaticu,
756 2021 844 2060 (vide
874 2021 913 2051 ad

252 2071 284 2102 ii.
300 2072 390 2108 853.)
408 2070 482 2110 quia
503 2076 586 2100 amat
609 2079 716 2110 aquas.
761 2070 833 2100 Fuit
858 2080 912 2100 au-

253 2126 317 2150 tem
334 2120 427 2149 Lotos
448 2118 605 2159 nympha3
629 2129 723 2159 quam
748 2129 843 2158 quum
866 2119 912 2148 in-

253 2174 432 2209 sequeretur
447 2167 588 2208 Priapus,
605 2173 639 2197 ut
662 2177 730 2197 eam
749 2174 912 2207 premeret,

255 2216 453 2247 miseratione
480 2216 619 2245 Deorum
643 2216 675 2245 in
701 2216 839 2246 arborem
865 2217 912 2248 sui

254 2265 387 2296 nominis
403 2275 552 2295 conversa
564 2270 622 2295 est.
654 2265 777 2295 Florere
789 2267 821 2295 in
836 2276 913 2305 spem

253 2317 411 2345 baccarum
448 2314 614 2355 exquisite,
650 2315 775 2345 fioribus
809 2315 913 2346 facere

251 2375 338 2406 spem
354 2365 532 2394 baccarum.
577 2363 681 2394 Βαιϊα7
695 2364 769 2399 illae,
781 2375 913 2405 quarum

255 2413 352 2443 forma
373 2412 463 2443 olivis
486 2411 607 2447 similis,
634 2412 816 2443 suavissimo
841 2419 914 2443 sunt

254 2472 381 2503 sapore3
405 2462 572 2498 Homerus,
591 2461 654 2492 Od.
669 2461 704 2492 ii.
720 2463 761 2492 92
777 2473 846 2503 sqq.

297 2511 370 2540 344.
396 2510 532 2550 Namque
554 2512 692 2540 aderam.-
717 2512 790 2546 vidi,
812 2511 910 2541 Hein-

253 2558 316 2590 sius
332 2570 369 2589 ex
384 2569 445 2589 uno
460 2570 514 2589 suo
530 2559 669 2590 malebat
687 2559 767 2595 Vidi,
785 2571 912 2600 numque

251 2610 385 2638 aderam.
429 2607 536 2637 Nostri
561 2608 653 2648 Regii
678 2607 755 2637 nihil
778 2614 910 2639 mutant.

253 2657 450 2697 figmentum
470 2662 631 2696 poetarum
645 2656 846 2698 cyclicorum,
862 2668 910 2687 ar-

254 2705 379 2735 boribus
406 2705 514 2739 sacris,
542 2711 596 2735 aut
626 2705 658 2736 in
686 2716 765 2746 quas
793 2705 906 2747 puellae

981 1294 1109 1318 mutatae
1126 1293 1240 1323 essent,
1256 1287 1428 1318 vulneratis
1449 1292 1552 1327 guttas
1572 1295 1642 1315 san·

980 1338 1083 1378 guinis
1100 1348 1235 1372 manare,
1251 1337 1335 1379 quod
1351 1337 1423 1368 inde
1443 1337 1536 1368 etiam
1553 1345 1643 1365 acce-

981 1387 1026 1428 pit
1048 1387 1137 1428 Virg.
1154 1387 1283 1417 AEneid.
1300 1386 1343 1416 iii.
1357 1387 1409 1416 28.
1457 1385 1572 1416 Confer
1592 1394 1642 1414 su-

982 1446 1047 1476 pra,
1063 1435 1127 1465 viii.
1144 1435 1216 1465 761.
1233 1446 1302 1476 sqq.
1337 1435 1389 1465 Sic
1406 1445 1421 1464 e
1438 1433 1644 1464 Phaethontis

981 1484 1146 1519 sororibus,
1162 1484 1239 1514 libro
1255 1484 1287 1514 ii.
1305 1484 1378 1514 360.
1389 1485 1421 1513 iu
1437 1484 1560 1513 arbores
1576 1492 1643 1513 ver-

981 1533 1032 1569 SiS‚
1046 1534 1225 1574 Saugztiueoe
1236 1540 1358 1563 manant
1373 1541 1513 1572 tanquam
1526 1534 1561 1562 cle
1579 1532 1645 1561 cul-

983 1594 1052 1612 ηενρ
1071 1590 1186 1623 guttoe3
1211 1583 1284 1612 item
1309 1582 1347 1612 de
1371 1582 1537 1622 Polydoro,
1559 1580 1644 1622 apud

984 1632 1161 1672 Virgilium,
1175 1631 1301 1662 AEneid.
1315 1631 1358 1662 iii.
1408 1631 1566 1660 Tremulus
1577 1631 1643 1659 hor-

983 1692 1032 1710 ror
1052 1686 1198 1717 venuste3
1224 1681 1365 1721 Propert.
1388 1680 1414 1709 I.
1431 1691 1460 1710 ν.
1480 1680 1528 1709 15.
1552 1678 1644 1708 lacri-

983 1729 1040 1759 mis
1064 1731 1222 1759 tremulum
1248 1729 1397 1758 horrorem
1423 1727 1542 1758 tribuit.
1587 1727 1641 1757 Se-

983 1788 1075 1812 neca,
1106 1777 1222 1808 Troad.
1257 1778 1329 1808 164.
1358 1778 1497 1807 horridus
1535 1783 1643 1807 tremor

982 1828 1122 1857 membra
1137 1837 1298 1868 quassans.

1025 1877 1098 1906 346.
1124 1876 1243 1906 Scilicet
1265 1884 1347 1905 nuuc
1372 1873 1564 1915 indignantis
1585 1879 1644 1905 est.

985 1924 1090 1960 Turdi,
1117 1924 1192 1965 quia
1222 1934 1304 1954 nuuc
1335 1922 1470 1964 denique
1506 1927 1644 1954 narrant.

981 1973 1079 2003 Simul
1109 1972 1241 2013 stuporis
1266 1971 1350 2003 notio
1379 1971 1480 2002 inesse
1509 1971 1643 2004 videtur.

983 2022 1086 2058 Lotis;
1121 2021 1215 2062 Regii
1239 2021 1333 2052 nostri
1355 2022 1454 2051 Lotus.
1502 2021 1644 2051 Obscoena

982 2072 1103 2110 Priapi,
1128 2071 1329 2101 concubitum
1360 2071 1478 2113 Prmpi.
1527 2071 1641 2102 Obscoe·

980 2133 1052 2151 num
1077 2127 1108 2152 et
1137 2122 1267 2152 obs-cavia
1294 2121 1410 2163 passim
1439 2120 1478 2151 de
1503 2121 1641 2151 membro

982 2170 1073 2206 virili,
1099 2176 1134 2201 ut
1161 2171 1305 2201 Lactant.
1331 2171 1411 2201 Inst.
1436 2170 1501 2200 div.
1523 2169 1549 2201 I.
1574 2169 1640 2200 xxi.

979 2221 1032 2250 28.
1048 2219 1099 2250 ubi
1116 2219 1185 2250 vide
1202 2220 1398 2250 Bueneman.
1444 2219 1505 2250 Sed
1522 2218 1638 2260 Priapi,

980 2268 1041 2299 Dei
1064 2268 1203 2298 obscoeni
1227 2269 1372 2305 (Petron.
1397 2278 1467 2310 cap.
1487 2267 1559 2307 79.)
1583 2277 1640 2308 pu-

980 2316 1083 2347 denda
1119 2316 1151 2346 in
1188 2316 1295 2358 primis
1333 2318 1464 2347 obscoena
1494 2322 1643 2347 vocantur

982 2365 1158 2405 (Horatius,
1191 2367 1218 2396 Ι.
1250 2367 1315 2395 Sat.
1345 2365 1409 2395 viii.
1441 2365 1488 2403 5.)
1523 2365 1640 2406 quippe

981 2414 1097 2444 enori-ni
1127 2414 1366 2454 magnitudine3
1390 2414 1534 2444 Laetant.
1563 2413 1594 2443 d.
1621 2413 1642 2443 1.

980 2463 1103 2493 Confer.
1119 2463 1205 2492 Fast.
1222 2463 1242 2492 i.
1259 2463 1440 2493 415—440.
1459 2461 1513 2492 ubi
1534 2462 1641 2492 fabula

979 2522 1049 2551 quae
1065 2511 1114 2541 liic
1129 2511 1301 2551 attingitur,
1319 2510 1472 2552 copiosius
1489 2517 1640 2547 narratur,

978 2566 1009 2590 et
1029 2560 1070 2590 vi.
1086 2561 1161 2590 333.
1212 2562 1390 2590 Contulerut
1414 2571 1506 2589 versos
1526 2561 1640 2595 vultus,

978 2620 1125 2639 conversa
1153 2615 1229 2639 erat.
1275 2610 1435 2640 Varietate
1460 2620 1537 2650 opus
1562 2615 1639 2646 erat,

978 2669 1074 2699 quum
1101 2658 1211 2688 eadem
1241 2669 1288 2688 res
1318 2659 1409 2689 toties
1437 2658 1639 2700 exprimenda

977 2713 1056 2738 esset
1072 2707 1102 2736 in
1121 2706 1177 2737 hoe
1193 2717 1295 2748 opere.
