<?xml version="1.0" encoding="UTF-8"?>
<!DOCTYPE html PUBLIC "-//W3C//DTD XHTML 1.0 Transitional//EN"
    "http://www.w3.org/TR/xhtml1/DTD/xhtml1-transitional.dtd">
<html xmlns="http://www.w3.org/1999/xhtml" xml:lang="en" lang="en">
 <head>
  <title>
</title>
<meta http-equiv="Content-Type" content="text/html;charset=utf-8" />
  <meta name='ocr-system' content='tesseract 3.04.00' />
  <meta name='ocr-capabilities' content='ocr_page ocr_carea ocr_par ocr_line ocrx_word'/>
</head>
<body>
  <div class='ocr_page' id='page_1' title='image "./povidiinasonisop04oviduoft_0355.png"; bbox 0 0 1779 3130; ppageno 0'>
   <div class='ocr_carea' id='block_1_1' title="bbox 359 176 1291 219">
    <p class='ocr_par' dir='ltr' id='par_1_1' title="bbox 359 176 1291 219">
     <span class='ocr_line' id='line_1_1' title="bbox 359 176 1291 219; baseline 0.003 -4"><span class='ocrx_word' id='word_1_1' title='bbox 359 176 976 218; x_wconf 86' lang='lat' dir='ltr'>METAMORPHOSEON</span> <span class='ocrx_word' id='word_1_2' title='bbox 1012 177 1127 218; x_wconf 86' lang='lat' dir='ltr'>LIB.</span> <span class='ocrx_word' id='word_1_3' title='bbox 1152 178 1291 219; x_wconf 88' lang='lat' dir='ltr'><strong>XIII.</strong></span> 
     </span>
    </p>
   </div>
   <div class='ocr_carea' id='block_1_2' title="bbox 1428 180 1514 220">
    <p class='ocr_par' dir='ltr' id='par_1_2' title="bbox 1428 180 1514 220">
     <span class='ocr_line' id='line_1_2' title="bbox 1428 180 1514 220; baseline -0.012 0"><span class='ocrx_word' id='word_1_4' title='bbox 1428 180 1514 220; x_wconf 67' lang='lat'>843</span> 
     </span>
    </p>
   </div>
   <div class='ocr_carea' id='block_1_3' title="bbox 127 288 1517 580">
    <p class='ocr_par' dir='ltr' id='par_1_3' title="bbox 127 288 1480 505">
     <span class='ocr_line' id='line_1_3' title="bbox 127 288 1342 352; baseline 0.002 -17"><span class='ocrx_word' id='word_1_5' title='bbox 127 290 267 336; x_wconf 85' lang='lat' dir='ltr'>Illius</span> <span class='ocrx_word' id='word_1_6' title='bbox 292 288 487 336; x_wconf 90' lang='lat' dir='ltr'>fortuna</span> <span class='ocrx_word' id='word_1_7' title='bbox 513 290 649 336; x_wconf 82' lang='lat' dir='ltr'>Deos</span> <span class='ocrx_word' id='word_1_8' title='bbox 676 306 877 352; x_wconf 90' lang='lat' dir='ltr'>quoque</span> <span class='ocrx_word' id='word_1_9' title='bbox 898 298 1118 338; x_wconf 86' lang='lat' dir='ltr'>moverat</span> <span class='ocrx_word' id='word_1_10' title='bbox 1142 308 1342 347; x_wconf 88' lang='lat' dir='ltr'>omnes;</span> 
     </span>
     <span class='ocr_line' id='line_1_4' title="bbox 129 365 1480 432; baseline 0.004 -21"><span class='ocrx_word' id='word_1_11' title='bbox 129 366 211 412; x_wconf 90' lang='lat' dir='ltr'>Sic</span> <span class='ocrx_word' id='word_1_12' title='bbox 235 381 421 421; x_wconf 86' lang='lat' dir='ltr'>omnes,</span> <span class='ocrx_word' id='word_1_13' title='bbox 449 372 504 412; x_wconf 87' lang='lat' dir='ltr'>ut</span> <span class='ocrx_word' id='word_1_14' title='bbox 528 373 578 412; x_wconf 92' lang='lat' dir='ltr'>et</span> <span class='ocrx_word' id='word_1_15' title='bbox 602 366 711 429; x_wconf 89' lang='lat' dir='ltr'>ipsa</span> <span class='ocrx_word' id='word_1_16' title='bbox 734 365 872 413; x_wconf 90' lang='lat' dir='ltr'>Jovis</span> <span class='ocrx_word' id='word_1_17' title='bbox 897 368 1198 429; x_wconf 86' lang='lat' dir='ltr'>conjuxque,</span> <span class='ocrx_word' id='word_1_18' title='bbox 1226 385 1480 432; x_wconf 88' lang='lat' dir='ltr'>sororque,</span> 
     </span>
     <span class='ocr_line' id='line_1_5' title="bbox 129 440 1336 505; baseline 0.002 -18"><span class='ocrx_word' id='word_1_19' title='bbox 129 440 351 488; x_wconf 84' lang='lat' dir='ltr'>Eventus</span> <span class='ocrx_word' id='word_1_20' title='bbox 379 440 641 488; x_wconf 82' lang='lat' dir='ltr'>Hecubam</span> <span class='ocrx_word' id='word_1_21' title='bbox 667 441 907 489; x_wconf 88' lang='lat' dir='ltr'>meruisse</span> <span class='ocrx_word' id='word_1_22' title='bbox 933 443 1186 505; x_wconf 79' lang='lat' dir='ltr'>negaverit</span> <span class='ocrx_word' id='word_1_23' title='bbox 1211 444 1336 491; x_wconf 84' lang='lat' dir='ltr'>illos.</span> 
     </span>
    </p>

    <p class='ocr_par' dir='ltr' id='par_1_4' title="bbox 195 516 1517 580">
     <span class='ocr_line' id='line_1_6' title="bbox 195 516 1517 580; baseline 0.005 -18"><span class='ocrx_word' id='word_1_24' title='bbox 195 517 293 563; x_wconf 92' lang='lat' dir='ltr'>III.</span> <span class='ocrx_word' id='word_1_25' title='bbox 316 516 429 563; x_wconf 90' lang='lat' dir='ltr'>Non</span> <span class='ocrx_word' id='word_1_26' title='bbox 440 524 583 563; x_wconf 86' lang='lat' dir='ltr'>vacat</span> <span class='ocrx_word' id='word_1_27' title='bbox 597 516 816 572; x_wconf 81' lang='lat' dir='ltr'>Aurorae,</span> <span class='ocrx_word' id='word_1_28' title='bbox 836 534 1124 580; x_wconf 79' lang='lat' dir='ltr'>quanquam</span> <span class='ocrx_word' id='word_1_29' title='bbox 1146 519 1303 565; x_wconf 78' lang='lat' dir='ltr'>isdem</span> <span class='ocrx_word' id='word_1_30' title='bbox 1331 519 1517 568; x_wconf 88' lang='lat' dir='ltr'>faverat</span> 
     </span>
    </p>
   </div>
   <div class='ocr_carea' id='block_1_4' title="bbox 327 593 491 647">
    <p class='ocr_par' dir='ltr' id='par_1_5' title="bbox 327 593 491 647">
     <span class='ocr_line' id='line_1_7' title="bbox 327 593 491 647; baseline -0.006 -8"><span class='ocrx_word' id='word_1_31' title='bbox 327 593 491 647; x_wconf 86' lang='lat' dir='ltr'>armis,</span> 
     </span>
    </p>
   </div>
   <div class='ocr_carea' id='block_1_5' title="bbox 1418 600 1514 644">
    <p class='ocr_par' dir='ltr' id='par_1_6' title="bbox 1418 600 1514 644">
     <span class='ocr_line' id='line_1_8' title="bbox 1418 600 1514 644; baseline 0.01 -1"><span class='ocrx_word' id='word_1_32' title='bbox 1418 600 1514 644; x_wconf 81' lang='lat'>576</span> 
     </span>
    </p>
   </div>
   <div class='ocr_carea' id='block_1_6' title="bbox 129 668 1472 887">
    <p class='ocr_par' dir='ltr' id='par_1_7' title="bbox 129 668 1472 887">
     <span class='ocr_line' id='line_1_9' title="bbox 129 668 1471 732; baseline 0.003 -18"><span class='ocrx_word' id='word_1_33' title='bbox 129 668 371 714; x_wconf 83' lang='lat' dir='ltr'>Cladibus</span> <span class='ocrx_word' id='word_1_34' title='bbox 398 676 448 715; x_wconf 92' lang='lat' dir='ltr'>et</span> <span class='ocrx_word' id='word_1_35' title='bbox 472 683 589 714; x_wconf 87' lang='lat' dir='ltr'>casu</span> <span class='ocrx_word' id='word_1_36' title='bbox 617 668 880 730; x_wconf 83' lang='lat' dir='ltr'>Trojaeque</span> <span class='ocrx_word' id='word_1_37' title='bbox 909 668 1236 732; x_wconf 65' lang='lat' dir='ltr'>Hecubaeque</span> <span class='ocrx_word' id='word_1_38' title='bbox 1260 674 1471 729; x_wconf 88' lang='lat' dir='ltr'>moveri;</span> 
     </span>
     <span class='ocr_line' id='line_1_10' title="bbox 129 744 1472 809; baseline 0.004 -19"><span class='ocrx_word' id='word_1_39' title='bbox 129 744 264 790; x_wconf 92' lang='lat' dir='ltr'>Cura</span> <span class='ocrx_word' id='word_1_40' title='bbox 291 744 450 791; x_wconf 90' lang='lat' dir='ltr'>Deam</span> <span class='ocrx_word' id='word_1_41' title='bbox 476 744 688 807; x_wconf 85' lang='lat' dir='ltr'>propior,</span> <span class='ocrx_word' id='word_1_42' title='bbox 716 745 983 806; x_wconf 87' lang='lat' dir='ltr'>luctusque</span> <span class='ocrx_word' id='word_1_43' title='bbox 1005 746 1308 793; x_wconf 86' lang='lat' dir='ltr'>domesticus</span> <span class='ocrx_word' id='word_1_44' title='bbox 1335 749 1472 809; x_wconf 81' lang='lat' dir='ltr'>angit</span> 
     </span>
     <span class='ocr_line' id='line_1_11' title="bbox 129 820 1442 887; baseline 0.004 -21"><span class='ocrx_word' id='word_1_45' title='bbox 129 820 411 867; x_wconf 89' lang='lat' dir='ltr'>Memnonis</span> <span class='ocrx_word' id='word_1_46' title='bbox 437 821 632 876; x_wconf 91' lang='lat' dir='ltr'>amissi;</span> <span class='ocrx_word' id='word_1_47' title='bbox 665 821 897 884; x_wconf 79' lang='lat' dir='ltr'>Phrygiis</span> <span class='ocrx_word' id='word_1_48' title='bbox 923 838 1071 884; x_wconf 80' lang='lat' dir='ltr'>quein</span> <span class='ocrx_word' id='word_1_49' title='bbox 1094 823 1228 870; x_wconf 85' lang='lat' dir='ltr'>lutea</span> <span class='ocrx_word' id='word_1_50' title='bbox 1254 825 1442 887; x_wconf 88' lang='lat' dir='ltr'>campis</span> 
     </span>
    </p>
   </div>
   <div class='ocr_carea' id='block_1_7' title="bbox 127 896 1266 961">
    <p class='ocr_par' dir='ltr' id='par_1_8' title="bbox 127 896 1266 961">
     <span class='ocr_line' id='line_1_12' title="bbox 127 896 1266 961; baseline 0.003 -19"><span class='ocrx_word' id='word_1_51' title='bbox 127 896 266 943; x_wconf 88' lang='lat' dir='ltr'>Vidit</span> <span class='ocrx_word' id='word_1_52' title='bbox 290 897 519 944; x_wconf 85' lang='lat' dir='ltr'>Achillea</span> <span class='ocrx_word' id='word_1_53' title='bbox 544 905 834 960; x_wconf 86' lang='lat' dir='ltr'>pereuntem</span> <span class='ocrx_word' id='word_1_54' title='bbox 860 898 1067 961; x_wconf 80' lang='lat' dir='ltr'>cuspide</span> <span class='ocrx_word' id='word_1_55' title='bbox 1093 906 1266 945; x_wconf 87' lang='lat' dir='ltr'>mater.</span> 
     </span>
    </p>
   </div>
   <div class='ocr_carea' id='block_1_8' title="bbox 1421 904 1517 948">
    <p class='ocr_par' dir='ltr' id='par_1_9' title="bbox 1421 904 1517 948">
     <span class='ocr_line' id='line_1_13' title="bbox 1421 904 1517 948; baseline 0 0"><span class='ocrx_word' id='word_1_56' title='bbox 1421 904 1517 948; x_wconf 74' lang='lat'>580</span> 
     </span>
    </p>
   </div>
   <div class='ocr_carea' id='block_1_9' title="bbox 128 973 1519 1722">
    <p class='ocr_par' dir='ltr' id='par_1_10' title="bbox 128 973 1518 1417">
     <span class='ocr_line' id='line_1_14' title="bbox 129 973 1352 1037; baseline 0.004 -19"><span class='ocrx_word' id='word_1_57' title='bbox 129 973 297 1030; x_wconf 83' lang='lat' dir='ltr'>Vidit3</span> <span class='ocrx_word' id='word_1_58' title='bbox 340 981 389 1021; x_wconf 91' lang='lat' dir='ltr'>et</span> <span class='ocrx_word' id='word_1_59' title='bbox 413 974 495 1022; x_wconf 94' lang='lat' dir='ltr'>ille</span> <span class='ocrx_word' id='word_1_60' title='bbox 517 975 665 1030; x_wconf 88' lang='lat' dir='ltr'>color,</span> <span class='ocrx_word' id='word_1_61' title='bbox 693 991 791 1037; x_wconf 91' lang='lat' dir='ltr'>quo</span> <span class='ocrx_word' id='word_1_62' title='bbox 813 975 1056 1021; x_wconf 86' lang='lat' dir='ltr'>matutina</span> <span class='ocrx_word' id='word_1_63' title='bbox 1080 975 1352 1023; x_wconf 90' lang='lat' dir='ltr'>rubescunt</span> 
     </span>
     <span class='ocr_line' id='line_1_15' title="bbox 129 1049 1469 1115; baseline 0.004 -20"><span class='ocrx_word' id='word_1_64' title='bbox 129 1049 391 1113; x_wconf 86' lang='lat' dir='ltr'>Tempora,</span> <span class='ocrx_word' id='word_1_65' title='bbox 418 1052 686 1115; x_wconf 83' lang='lat' dir='ltr'>palluerat3</span> <span class='ocrx_word' id='word_1_66' title='bbox 714 1052 959 1114; x_wconf 84' lang='lat' dir='ltr'>latuitque</span> <span class='ocrx_word' id='word_1_67' title='bbox 983 1052 1032 1098; x_wconf 91' lang='lat' dir='ltr'>in</span> <span class='ocrx_word' id='word_1_68' title='bbox 1059 1051 1274 1098; x_wconf 90' lang='lat' dir='ltr'>nubibus</span> <span class='ocrx_word' id='word_1_69' title='bbox 1301 1053 1469 1101; x_wconf 82' lang='lat' dir='ltr'>aether.</span> 
     </span>
     <span class='ocr_line' id='line_1_16' title="bbox 128 1124 1251 1190; baseline 0.003 -19"><span class='ocrx_word' id='word_1_70' title='bbox 128 1124 196 1172; x_wconf 89' lang='lat' dir='ltr'>At</span> <span class='ocrx_word' id='word_1_71' title='bbox 222 1143 317 1172; x_wconf 90' lang='lat' dir='ltr'>non</span> <span class='ocrx_word' id='word_1_72' title='bbox 339 1126 595 1190; x_wconf 89' lang='lat' dir='ltr'>impositos</span> <span class='ocrx_word' id='word_1_73' title='bbox 623 1127 867 1190; x_wconf 86' lang='lat' dir='ltr'>supremis</span> <span class='ocrx_word' id='word_1_74' title='bbox 893 1127 1091 1189; x_wconf 85' lang='lat' dir='ltr'>ignibus</span> <span class='ocrx_word' id='word_1_75' title='bbox 1117 1135 1251 1174; x_wconf 88' lang='lat' dir='ltr'>artus</span> 
     </span>
     <span class='ocr_line' id='line_1_17' title="bbox 131 1201 1362 1266; baseline 0.003 -20"><span class='ocrx_word' id='word_1_76' title='bbox 131 1201 381 1248; x_wconf 85' lang='lat' dir='ltr'>Sustinuit</span> <span class='ocrx_word' id='word_1_77' title='bbox 405 1210 632 1265; x_wconf 89' lang='lat' dir='ltr'>spectare</span> <span class='ocrx_word' id='word_1_78' title='bbox 657 1219 834 1266; x_wconf 86' lang='lat' dir='ltr'>parens</span> <span class='ocrx_word' id='word_1_79' title='bbox 857 1221 866 1250; x_wconf 94' lang='lat'><strong>:</strong></span> <span class='ocrx_word' id='word_1_80' title='bbox 908 1204 996 1250; x_wconf 93' lang='lat' dir='ltr'>sed</span> <span class='ocrx_word' id='word_1_81' title='bbox 1023 1203 1157 1250; x_wconf 90' lang='lat' dir='ltr'>crine</span> <span class='ocrx_word' id='word_1_82' title='bbox 1184 1204 1362 1258; x_wconf 87' lang='lat' dir='ltr'>soluto,</span> 
     </span>
     <span class='ocr_line' id='line_1_18' title="bbox 132 1277 1518 1341; baseline 0.004 -18"><span class='ocrx_word' id='word_1_83' title='bbox 132 1277 276 1323; x_wconf 85' lang='lat' dir='ltr'>Sicut</span> <span class='ocrx_word' id='word_1_84' title='bbox 294 1285 413 1333; x_wconf 91' lang='lat' dir='ltr'>erat,</span> <span class='ocrx_word' id='word_1_85' title='bbox 436 1279 600 1340; x_wconf 88' lang='lat' dir='ltr'>magni</span> <span class='ocrx_word' id='word_1_86' title='bbox 618 1279 827 1341; x_wconf 87' lang='lat' dir='ltr'>genibus</span> <span class='ocrx_word' id='word_1_87' title='bbox 845 1279 1169 1341; x_wconf 85' lang='lat' dir='ltr'>procumbere</span> <span class='ocrx_word' id='word_1_88' title='bbox 1186 1295 1283 1325; x_wconf 93' lang='lat' dir='ltr'>non</span> <span class='ocrx_word' id='word_1_89' title='bbox 1300 1287 1378 1326; x_wconf 90' lang='lat' dir='ltr'>est</span> <span class='ocrx_word' id='word_1_90' title='bbox 1423 1283 1518 1328; x_wconf 74' lang='lat'>585</span> 
     </span>
     <span class='ocr_line' id='line_1_19' title="bbox 133 1352 1460 1417; baseline 0.003 -19"><span class='ocrx_word' id='word_1_91' title='bbox 133 1352 418 1415; x_wconf 87' lang='lat' dir='ltr'>Dedignata</span> <span class='ocrx_word' id='word_1_92' title='bbox 441 1353 595 1409; x_wconf 85' lang='lat' dir='ltr'>Jovis,</span> <span class='ocrx_word' id='word_1_93' title='bbox 617 1355 934 1417; x_wconf 83' lang='lat' dir='ltr'>lacrimisque</span> <span class='ocrx_word' id='word_1_94' title='bbox 960 1356 1049 1401; x_wconf 90' lang='lat' dir='ltr'>has</span> <span class='ocrx_word' id='word_1_95' title='bbox 1076 1355 1259 1402; x_wconf 88' lang='lat' dir='ltr'>addere</span> <span class='ocrx_word' id='word_1_96' title='bbox 1285 1372 1460 1402; x_wconf 85' lang='lat' dir='ltr'>voces:</span> 
     </span>
    </p>

    <p class='ocr_par' dir='ltr' id='par_1_11' title="bbox 132 1429 1518 1646">
     <span class='ocr_line' id='line_1_20' title="bbox 132 1429 1451 1494; baseline 0.002 -19"><span class='ocrx_word' id='word_1_97' title='bbox 132 1435 163 1453; x_wconf 92' lang='lat'><strong>“</strong></span> <span class='ocrx_word' id='word_1_98' title='bbox 192 1429 440 1477; x_wconf 90' lang='lat' dir='ltr'>Omnibus</span> <span class='ocrx_word' id='word_1_99' title='bbox 466 1431 680 1487; x_wconf 86' lang='lat' dir='ltr'>inferior,</span> <span class='ocrx_word' id='word_1_100' title='bbox 705 1448 830 1494; x_wconf 89' lang='lat' dir='ltr'>quas</span> <span class='ocrx_word' id='word_1_101' title='bbox 853 1432 1064 1479; x_wconf 89' lang='lat' dir='ltr'>sustinet</span> <span class='ocrx_word' id='word_1_102' title='bbox 1084 1448 1261 1478; x_wconf 90' lang='lat' dir='ltr'>aureus</span> <span class='ocrx_word' id='word_1_103' title='bbox 1283 1433 1451 1487; x_wconf 82' lang='lat' dir='ltr'>aether,</span> 
     </span>
     <span class='ocr_line' id='line_1_21' title="bbox 133 1505 1518 1571; baseline 0.003 -20"><span class='ocrx_word' id='word_1_104' title='bbox 133 1505 263 1552; x_wconf 88' lang='lat' dir='ltr'>Nam</span> <span class='ocrx_word' id='word_1_105' title='bbox 290 1506 409 1552; x_wconf 89' lang='lat' dir='ltr'>mihi</span> <span class='ocrx_word' id='word_1_106' title='bbox 435 1514 551 1553; x_wconf 91' lang='lat' dir='ltr'>sunt</span> <span class='ocrx_word' id='word_1_107' title='bbox 574 1515 732 1554; x_wconf 88' lang='lat' dir='ltr'>totum</span> <span class='ocrx_word' id='word_1_108' title='bbox 754 1507 1004 1555; x_wconf 89' lang='lat' dir='ltr'>rarissima</span> <span class='ocrx_word' id='word_1_109' title='bbox 1018 1508 1206 1570; x_wconf 88' lang='lat' dir='ltr'>templa</span> <span class='ocrx_word' id='word_1_110' title='bbox 1224 1524 1311 1571; x_wconf 91' lang='lat' dir='ltr'>per</span> <span class='ocrx_word' id='word_1_111' title='bbox 1332 1510 1518 1564; x_wconf 90' lang='lat' dir='ltr'>orbem,</span> 
     </span>
     <span class='ocr_line' id='line_1_22' title="bbox 134 1581 1320 1646; baseline 0.002 -18"><span class='ocrx_word' id='word_1_112' title='bbox 134 1581 261 1629; x_wconf 88' lang='lat' dir='ltr'>Diva</span> <span class='ocrx_word' id='word_1_113' title='bbox 285 1588 450 1629; x_wconf 88' lang='lat' dir='ltr'>tamen</span> <span class='ocrx_word' id='word_1_114' title='bbox 474 1583 632 1639; x_wconf 83' lang='lat' dir='ltr'>venio,</span> <span class='ocrx_word' id='word_1_115' title='bbox 660 1600 758 1630; x_wconf 91' lang='lat' dir='ltr'>non</span> <span class='ocrx_word' id='word_1_116' title='bbox 783 1591 837 1630; x_wconf 92' lang='lat' dir='ltr'>ut</span> <span class='ocrx_word' id='word_1_117' title='bbox 861 1583 1082 1639; x_wconf 89' lang='lat' dir='ltr'>delubra,</span> <span class='ocrx_word' id='word_1_118' title='bbox 1111 1584 1320 1646; x_wconf 89' lang='lat' dir='ltr'>diesque</span> 
     </span>
    </p>

    <p class='ocr_par' dir='ltr' id='par_1_12' title="bbox 135 1658 1519 1722">
     <span class='ocr_line' id='line_1_23' title="bbox 135 1658 1519 1722; baseline 0.002 -18"><span class='ocrx_word' id='word_1_119' title='bbox 135 1658 238 1705; x_wconf 92' lang='lat' dir='ltr'>Des</span> <span class='ocrx_word' id='word_1_120' title='bbox 258 1658 377 1705; x_wconf 91' lang='lat' dir='ltr'>mihi</span> <span class='ocrx_word' id='word_1_121' title='bbox 404 1659 672 1715; x_wconf 86' lang='lat' dir='ltr'>sacrificos,</span> <span class='ocrx_word' id='word_1_122' title='bbox 690 1660 1024 1722; x_wconf 87' lang='lat' dir='ltr'>caliturasque</span> <span class='ocrx_word' id='word_1_123' title='bbox 1050 1660 1247 1722; x_wconf 88' lang='lat' dir='ltr'>ignibus</span> <span class='ocrx_word' id='word_1_124' title='bbox 1269 1676 1394 1707; x_wconf 81' lang='lat' dir='ltr'>aras,</span> <span class='ocrx_word' id='word_1_125' title='bbox 1423 1663 1519 1707; x_wconf 84' lang='lat'>590</span> 
     </span>
    </p>
   </div>
   <div class='ocr_carea' id='block_1_10' title="bbox 130 1816 799 2732">
    <p class='ocr_par' dir='ltr' id='par_1_13' title="bbox 130 1816 796 2431">
     <span class='ocr_line' id='line_1_24' title="bbox 175 1816 792 1851; baseline 0.003 -6"><span class='ocrx_word' id='word_1_126' title='bbox 175 1816 359 1846; x_wconf 81' lang='lat'>576—622.</span> <span class='ocrx_word' id='word_1_127' title='bbox 378 1816 531 1851; x_wconf 74' lang='lat' dir='ltr'>Memnon,</span> <span class='ocrx_word' id='word_1_128' title='bbox 551 1816 678 1847; x_wconf 80' lang='lat' dir='ltr'>Aurorae</span> <span class='ocrx_word' id='word_1_129' title='bbox 695 1823 725 1847; x_wconf 86' lang='lat' dir='ltr'>et</span> <span class='ocrx_word' id='word_1_130' title='bbox 740 1817 792 1847; x_wconf 83' lang='lat' dir='ltr'>Ti-</span> 
     </span>
     <span class='ocr_line' id='line_1_25' title="bbox 133 1863 794 1905; baseline 0.003 -12"><span class='ocrx_word' id='word_1_131' title='bbox 133 1863 219 1893; x_wconf 80' lang='lat' dir='ltr'>thoni</span> <span class='ocrx_word' id='word_1_132' title='bbox 243 1863 336 1900; x_wconf 82' lang='lat' dir='ltr'>filius,</span> <span class='ocrx_word' id='word_1_133' title='bbox 360 1875 413 1894; x_wconf 91' lang='lat' dir='ltr'>rex</span> <span class='ocrx_word' id='word_1_134' title='bbox 429 1864 627 1905; x_wconf 77' lang='lat' dir='ltr'>AEthiopuin.</span> <span class='ocrx_word' id='word_1_135' title='bbox 674 1866 794 1895; x_wconf 88' lang='lat' dir='ltr'>Fabula</span> 
     </span>
     <span class='ocr_line' id='line_1_26' title="bbox 132 1913 794 1955; baseline 0.003 -13"><span class='ocrx_word' id='word_1_136' title='bbox 132 1918 280 1948; x_wconf 87' lang='lat' dir='ltr'>tractata,</span> <span class='ocrx_word' id='word_1_137' title='bbox 293 1918 327 1943; x_wconf 85' lang='lat' dir='ltr'>ut</span> <span class='ocrx_word' id='word_1_138' title='bbox 339 1923 377 1943; x_wconf 82' lang='lat' dir='ltr'>ex</span> <span class='ocrx_word' id='word_1_139' title='bbox 393 1913 470 1954; x_wconf 86' lang='lat' dir='ltr'>Arg.</span> <span class='ocrx_word' id='word_1_140' title='bbox 482 1913 637 1943; x_wconf 77' lang='lat' dir='ltr'>Laetantii</span> <span class='ocrx_word' id='word_1_141' title='bbox 654 1920 794 1955; x_wconf 84' lang='lat' dir='ltr'>apparet,</span> 
     </span>
     <span class='ocr_line' id='line_1_27' title="bbox 132 1961 794 1998; baseline 0.002 -6"><span class='ocrx_word' id='word_1_142' title='bbox 132 1962 171 1992; x_wconf 90' lang='lat' dir='ltr'>ab</span> <span class='ocrx_word' id='word_1_143' title='bbox 198 1961 347 1998; x_wconf 86' lang='lat' dir='ltr'>Hesiodo,</span> <span class='ocrx_word' id='word_1_144' title='bbox 364 1967 429 1993; x_wconf 86' lang='lat' dir='ltr'>tum</span> <span class='ocrx_word' id='word_1_145' title='bbox 453 1962 491 1993; x_wconf 87' lang='lat' dir='ltr'>ab</span> <span class='ocrx_word' id='word_1_146' title='bbox 514 1962 643 1992; x_wconf 83' lang='lat' dir='ltr'>Arctino</span> <span class='ocrx_word' id='word_1_147' title='bbox 668 1962 794 1993; x_wconf 88' lang='lat' dir='ltr'>Milesio</span> 
     </span>
     <span class='ocr_line' id='line_1_28' title="bbox 132 2009 795 2052; baseline 0.002 -12"><span class='ocrx_word' id='word_1_148' title='bbox 132 2009 164 2040; x_wconf 92' lang='lat' dir='ltr'>in</span> <span class='ocrx_word' id='word_1_149' title='bbox 179 2015 301 2041; x_wconf 88' lang='lat' dir='ltr'>vetusto</span> <span class='ocrx_word' id='word_1_150' title='bbox 325 2010 460 2041; x_wconf 84' lang='lat' dir='ltr'>carmine</span> <span class='ocrx_word' id='word_1_151' title='bbox 486 2010 655 2052; x_wconf 76' lang='lat' dir='ltr'>AEthiopis.</span> <span class='ocrx_word' id='word_1_152' title='bbox 699 2011 795 2042; x_wconf 86' lang='lat' dir='ltr'>Exta-</span> 
     </span>
     <span class='ocr_line' id='line_1_29' title="bbox 130 2059 795 2101; baseline 0.002 -11"><span class='ocrx_word' id='word_1_153' title='bbox 130 2060 185 2090; x_wconf 81' lang='lat' dir='ltr'>bat</span> <span class='ocrx_word' id='word_1_154' title='bbox 201 2059 294 2090; x_wconf 86' lang='lat' dir='ltr'>etiam</span> <span class='ocrx_word' id='word_1_155' title='bbox 311 2059 474 2101; x_wconf 88' lang='lat' dir='ltr'>Sophoclis</span> <span class='ocrx_word' id='word_1_156' title='bbox 490 2060 654 2090; x_wconf 86' lang='lat' dir='ltr'>Memnon.</span> <span class='ocrx_word' id='word_1_157' title='bbox 682 2060 795 2091; x_wconf 86' lang='lat' dir='ltr'>Confer</span> 
     </span>
     <span class='ocr_line' id='line_1_30' title="bbox 132 2108 795 2151; baseline 0.002 -12"><span class='ocrx_word' id='word_1_158' title='bbox 132 2113 165 2139; x_wconf 88' lang='lat' dir='ltr'>et</span> <span class='ocrx_word' id='word_1_159' title='bbox 181 2109 224 2145; x_wconf 85' lang='lat' dir='ltr'>Q.</span> <span class='ocrx_word' id='word_1_160' title='bbox 242 2108 368 2139; x_wconf 81' lang='lat' dir='ltr'>Calabri</span> <span class='ocrx_word' id='word_1_161' title='bbox 382 2108 426 2139; x_wconf 90' lang='lat' dir='ltr'>II.</span> <span class='ocrx_word' id='word_1_162' title='bbox 442 2109 504 2140; x_wconf 89' lang='lat' dir='ltr'>fere</span> <span class='ocrx_word' id='word_1_163' title='bbox 523 2114 632 2139; x_wconf 85' lang='lat' dir='ltr'>totum.</span> <span class='ocrx_word' id='word_1_164' title='bbox 672 2109 795 2151; x_wconf 88' lang='lat' dir='ltr'>Nempe</span> 
     </span>
     <span class='ocr_line' id='line_1_31' title="bbox 132 2156 796 2198; baseline 0.003 -11"><span class='ocrx_word' id='word_1_165' title='bbox 132 2167 185 2187; x_wconf 85' lang='lat' dir='ltr'>rex</span> <span class='ocrx_word' id='word_1_166' title='bbox 216 2156 330 2198; x_wconf 87' lang='lat' dir='ltr'>aliquis</span> <span class='ocrx_word' id='word_1_167' title='bbox 360 2157 499 2188; x_wconf 87' lang='lat' dir='ltr'>Orientis</span> <span class='ocrx_word' id='word_1_168' title='bbox 529 2157 673 2188; x_wconf 84' lang='lat' dir='ltr'>australis</span> <span class='ocrx_word' id='word_1_169' title='bbox 697 2159 796 2189; x_wconf 88' lang='lat' dir='ltr'>socios</span> 
     </span>
     <span class='ocr_line' id='line_1_32' title="bbox 133 2204 795 2247; baseline 0.005 -13"><span class='ocrx_word' id='word_1_170' title='bbox 133 2204 310 2236; x_wconf 84' lang='lat' dir='ltr'>adduxerat</span> <span class='ocrx_word' id='word_1_171' title='bbox 323 2205 465 2246; x_wconf 85' lang='lat' dir='ltr'>Trojanis</span> <span class='ocrx_word' id='word_1_172' title='bbox 479 2217 487 2243; x_wconf 90' lang='lat'>;</span> <span class='ocrx_word' id='word_1_173' title='bbox 509 2205 581 2236; x_wconf 89' lang='lat' dir='ltr'>inde</span> <span class='ocrx_word' id='word_1_174' title='bbox 596 2211 694 2247; x_wconf 89' lang='lat' dir='ltr'>poetae</span> <span class='ocrx_word' id='word_1_175' title='bbox 712 2206 795 2237; x_wconf 87' lang='lat' dir='ltr'>hunc</span> 
     </span>
     <span class='ocr_line' id='line_1_33' title="bbox 133 2254 796 2295; baseline 0.003 -12"><span class='ocrx_word' id='word_1_176' title='bbox 133 2254 305 2284; x_wconf 82' lang='lat' dir='ltr'>Memnona</span> <span class='ocrx_word' id='word_1_177' title='bbox 317 2254 446 2295; x_wconf 87' lang='lat' dir='ltr'>ejusque</span> <span class='ocrx_word' id='word_1_178' title='bbox 460 2254 522 2284; x_wconf 85' lang='lat' dir='ltr'>fata</span> <span class='ocrx_word' id='word_1_179' title='bbox 533 2254 688 2285; x_wconf 83' lang='lat' dir='ltr'>finxerunt</span> <span class='ocrx_word' id='word_1_180' title='bbox 702 2267 709 2292; x_wconf 88' lang='lat'>;</span> <span class='ocrx_word' id='word_1_181' title='bbox 724 2254 796 2286; x_wconf 89' lang='lat' dir='ltr'>vide</span> 
     </span>
     <span class='ocr_line' id='line_1_34' title="bbox 133 2301 796 2345; baseline 0.005 -14"><span class='ocrx_word' id='word_1_182' title='bbox 133 2301 297 2343; x_wconf 71' lang='lat' dir='ltr'>Jablonsky</span> <span class='ocrx_word' id='word_1_183' title='bbox 325 2302 364 2334; x_wconf 91' lang='lat' dir='ltr'>de</span> <span class='ocrx_word' id='word_1_184' title='bbox 401 2303 583 2334; x_wconf 88' lang='lat' dir='ltr'>Memnone.</span> <span class='ocrx_word' id='word_1_185' title='bbox 630 2303 796 2345; x_wconf 83' lang='lat' dir='ltr'>AEthiopes</span> 
     </span>
     <span class='ocr_line' id='line_1_35' title="bbox 133 2351 793 2383; baseline 0.002 -2"><span class='ocrx_word' id='word_1_186' title='bbox 133 2357 239 2382; x_wconf 85' lang='lat' dir='ltr'>autem</span> <span class='ocrx_word' id='word_1_187' title='bbox 263 2351 385 2382; x_wconf 78' lang='lat' dir='ltr'>Graecis</span> <span class='ocrx_word' id='word_1_188' title='bbox 412 2357 443 2382; x_wconf 83' lang='lat' dir='ltr'>et</span> <span class='ocrx_word' id='word_1_189' title='bbox 458 2352 542 2383; x_wconf 85' lang='lat' dir='ltr'>Asiae</span> <span class='ocrx_word' id='word_1_190' title='bbox 564 2351 724 2382; x_wconf 85' lang='lat' dir='ltr'>orientalis</span> <span class='ocrx_word' id='word_1_191' title='bbox 748 2352 793 2383; x_wconf 87' lang='lat' dir='ltr'>in-</span> 
     </span>
     <span class='ocr_line' id='line_1_36' title="bbox 134 2400 224 2431; baseline -0.011 0"><span class='ocrx_word' id='word_1_192' title='bbox 134 2400 224 2431; x_wconf 85' lang='lat' dir='ltr'>colae.</span> 
     </span>
    </p>

    <p class='ocr_par' dir='ltr' id='par_1_14' title="bbox 135 2448 799 2732">
     <span class='ocr_line' id='line_1_37' title="bbox 178 2448 797 2484; baseline 0.002 -5"><span class='ocrx_word' id='word_1_193' title='bbox 178 2449 256 2480; x_wconf 88' lang='grc'><strong>579.</strong></span> <span class='ocrx_word' id='word_1_194' title='bbox 289 2449 400 2484; x_wconf 79' lang='lat' dir='ltr'>Lutea,</span> <span class='ocrx_word' id='word_1_195' title='bbox 428 2449 510 2479; x_wconf 87' lang='lat' dir='ltr'>flava</span> <span class='ocrx_word' id='word_1_196' title='bbox 526 2461 531 2478; x_wconf 76' lang='grc' dir='ltr'>ε</span> <span class='ocrx_word' id='word_1_197' title='bbox 567 2448 637 2480; x_wconf 90' lang='lat' dir='ltr'>vide</span> <span class='ocrx_word' id='word_1_198' title='bbox 673 2449 712 2480; x_wconf 87' lang='lat' dir='ltr'>ad</span> <span class='ocrx_word' id='word_1_199' title='bbox 741 2449 797 2480; x_wconf 88' lang='lat' dir='ltr'>vii.</span> 
     </span>
     <span class='ocr_line' id='line_1_38' title="bbox 138 2497 799 2533; baseline 0.002 -6"><span class='ocrx_word' id='word_1_200' title='bbox 138 2497 212 2528; x_wconf 83' lang='lat'>703.</span> <span class='ocrx_word' id='word_1_201' title='bbox 236 2497 340 2527; x_wconf 83' lang='lat' dir='ltr'>Mater</span> <span class='ocrx_word' id='word_1_202' title='bbox 355 2508 387 2528; x_wconf 89' lang='lat' dir='ltr'>se</span> <span class='ocrx_word' id='word_1_203' title='bbox 403 2497 611 2533; x_wconf 82' lang='lat' dir='ltr'>abscondidit,</span> <span class='ocrx_word' id='word_1_204' title='bbox 624 2504 658 2528; x_wconf 84' lang='lat' dir='ltr'>ut</span> <span class='ocrx_word' id='word_1_205' title='bbox 675 2498 799 2528; x_wconf 88' lang='lat' dir='ltr'>Lucifer</span> 
     </span>
     <span class='ocr_line' id='line_1_39' title="bbox 135 2545 799 2588; baseline 0.003 -13"><span class='ocrx_word' id='word_1_206' title='bbox 135 2545 168 2576; x_wconf 88' lang='lat' dir='ltr'>in</span> <span class='ocrx_word' id='word_1_207' title='bbox 192 2552 288 2576; x_wconf 80' lang='lat' dir='ltr'>morte</span> <span class='ocrx_word' id='word_1_208' title='bbox 309 2546 434 2587; x_wconf 82' lang='lat' dir='ltr'>Ceycis,</span> <span class='ocrx_word' id='word_1_209' title='bbox 450 2546 492 2576; x_wconf 84' lang='lat' dir='ltr'>xi.</span> <span class='ocrx_word' id='word_1_210' title='bbox 508 2547 581 2577; x_wconf 83' lang='lat'>570.</span> <span class='ocrx_word' id='word_1_211' title='bbox 606 2546 799 2588; x_wconf 84' lang='lat' dir='ltr'>Tryphiodo-</span> 
     </span>
     <span class='ocr_line' id='line_1_40' title="bbox 136 2594 798 2636; baseline 0.003 -12"><span class='ocrx_word' id='word_1_212' title='bbox 136 2605 198 2630; x_wconf 88' lang='lat' dir='ltr'>rus,</span> <span class='ocrx_word' id='word_1_213' title='bbox 214 2605 277 2626; x_wconf 91' lang='lat' dir='ltr'>ver.</span> <span class='ocrx_word' id='word_1_214' title='bbox 293 2595 334 2625; x_wconf 84' lang='lat'>29</span> <span class='ocrx_word' id='word_1_215' title='bbox 351 2617 359 2625; x_wconf 89' lang='lat'>.</span> <span class='ocrx_word' id='word_1_216' title='bbox 385 2595 432 2634; x_wconf 73' lang='grc' dir='ltr'>ἥδ’</span> <span class='ocrx_word' id='word_1_217' title='bbox 448 2594 503 2626; x_wconf 80' lang='grc' dir='ltr'>ἐπὶ</span> <span class='ocrx_word' id='word_1_218' title='bbox 529 2596 644 2636; x_wconf 79' lang='grc' dir='ltr'>πότμῳ</span> <span class='ocrx_word' id='word_1_219' title='bbox 671 2595 798 2636; x_wconf 79' lang='grc' dir='ltr'>Μέμνο-</span> 
     </span>
     <span class='ocr_line' id='line_1_41' title="bbox 137 2642 797 2685; baseline 0.005 -13"><span class='ocrx_word' id='word_1_220' title='bbox 137 2654 194 2679; x_wconf 79' lang='grc' dir='ltr'>νος</span> <span class='ocrx_word' id='word_1_221' title='bbox 204 2642 365 2683; x_wconf 79' lang='grc' dir='ltr'>οὐρανίην</span> <span class='ocrx_word' id='word_1_222' title='bbox 376 2643 514 2685; x_wconf 82' lang='grc' dir='ltr'>νεφέλην</span> <span class='ocrx_word' id='word_1_223' title='bbox 524 2642 726 2675; x_wconf 79' lang='grc' dir='ltr'>ἀνεδύσσατο</span> <span class='ocrx_word' id='word_1_224' title='bbox 736 2643 797 2684; x_wconf 72' lang='grc' dir='ltr'>μή·</span> 
     </span>
     <span class='ocr_line' id='line_1_42' title="bbox 140 2692 796 2732; baseline 0.003 -11"><span class='ocrx_word' id='word_1_225' title='bbox 140 2703 213 2732; x_wconf 85' lang='grc' dir='ltr'>τηρ,</span> <span class='ocrx_word' id='word_1_226' title='bbox 229 2697 290 2722; x_wconf 75' lang='lat' dir='ltr'>etc.</span> <span class='ocrx_word' id='word_1_227' title='bbox 326 2693 376 2723; x_wconf 85' lang='lat' dir='ltr'>Sic</span> <span class='ocrx_word' id='word_1_228' title='bbox 394 2694 479 2729; x_wconf 82' lang='lat' dir='ltr'>etQ.</span> <span class='ocrx_word' id='word_1_229' title='bbox 492 2692 637 2728; x_wconf 85' lang='lat' dir='ltr'>Calaber,</span> <span class='ocrx_word' id='word_1_230' title='bbox 651 2703 710 2724; x_wconf 85' lang='lat' dir='ltr'>ver.</span> <span class='ocrx_word' id='word_1_231' title='bbox 724 2694 796 2723; x_wconf 77' lang='lat'>548.</span> 
     </span>
    </p>
   </div>
   <div class='ocr_carea' id='block_1_11' title="bbox 859 1817 1525 2637">
    <p class='ocr_par' dir='ltr' id='par_1_15' title="bbox 859 1817 1521 2005">
     <span class='ocr_line' id='line_1_43' title="bbox 862 1817 1520 1853; baseline 0.002 -5"><span class='ocrx_word' id='word_1_232' title='bbox 862 1822 894 1848; x_wconf 83' lang='lat' dir='ltr'>et</span> <span class='ocrx_word' id='word_1_233' title='bbox 911 1818 1039 1853; x_wconf 81' lang='lat' dir='ltr'>Seneca,</span> <span class='ocrx_word' id='word_1_234' title='bbox 1054 1817 1168 1848; x_wconf 89' lang='lat' dir='ltr'>Troad.</span> <span class='ocrx_word' id='word_1_235' title='bbox 1182 1818 1256 1849; x_wconf 83' lang='lat'>237.</span> <span class='ocrx_word' id='word_1_236' title='bbox 1294 1819 1431 1848; x_wconf 81' lang='lat' dir='ltr'>Achillea</span> <span class='ocrx_word' id='word_1_237' title='bbox 1453 1830 1520 1849; x_wconf 71' lang='lat' dir='ltr'>cus-</span> 
     </span>
     <span class='ocr_line' id='line_1_44' title="bbox 859 1865 1521 1907; baseline 0.003 -11"><span class='ocrx_word' id='word_1_238' title='bbox 859 1869 939 1906; x_wconf 82' lang='lat' dir='ltr'>pide,</span> <span class='ocrx_word' id='word_1_239' title='bbox 955 1865 1217 1907; x_wconf 87' lang='lat' dir='ltr'>quemadmodum</span> <span class='ocrx_word' id='word_1_240' title='bbox 1233 1868 1271 1897; x_wconf 83' lang='lat' dir='ltr'>ab</span> <span class='ocrx_word' id='word_1_241' title='bbox 1289 1877 1325 1898; x_wconf 91' lang='lat' dir='ltr'>eo</span> <span class='ocrx_word' id='word_1_242' title='bbox 1339 1866 1521 1899; x_wconf 82' lang='lat' dir='ltr'>interfectus</span> 
     </span>
     <span class='ocr_line' id='line_1_45' title="bbox 861 1915 1516 1954; baseline 0.003 -9"><span class='ocrx_word' id='word_1_243' title='bbox 861 1915 1069 1952; x_wconf 86' lang='lat' dir='ltr'>Antilochus;</span> <span class='ocrx_word' id='word_1_244' title='bbox 1093 1915 1262 1951; x_wconf 82' lang='lat' dir='ltr'>Homerus,</span> <span class='ocrx_word' id='word_1_245' title='bbox 1283 1916 1346 1947; x_wconf 90' lang='lat' dir='ltr'>Od.</span> <span class='ocrx_word' id='word_1_246' title='bbox 1367 1920 1403 1947; x_wconf 90' lang='grc' dir='ltr'>Δ.</span> <span class='ocrx_word' id='word_1_247' title='bbox 1429 1918 1488 1948; x_wconf 87' lang='grc'>187</span> <span class='ocrx_word' id='word_1_248' title='bbox 1508 1929 1516 1954; x_wconf 89' lang='grc'><strong>;</strong></span> 
     </span>
     <span class='ocr_line' id='line_1_46' title="bbox 862 1963 1189 2005; baseline 0 -11"><span class='ocrx_word' id='word_1_249' title='bbox 862 1964 1018 2005; x_wconf 83' lang='lat' dir='ltr'>HyginuS‚</span> <span class='ocrx_word' id='word_1_250' title='bbox 1034 1964 1098 1994; x_wconf 86' lang='lat' dir='ltr'>fab.</span> <span class='ocrx_word' id='word_1_251' title='bbox 1118 1963 1189 1994; x_wconf 83' lang='lat'>112.</span> 
     </span>
    </p>

    <p class='ocr_par' dir='ltr' id='par_1_16' title="bbox 861 2012 1525 2286">
     <span class='ocr_line' id='line_1_47' title="bbox 905 2012 1522 2053; baseline 0.002 -10"><span class='ocrx_word' id='word_1_252' title='bbox 905 2013 979 2043; x_wconf 86' lang='lat'>585.</span> <span class='ocrx_word' id='word_1_253' title='bbox 1004 2012 1147 2048; x_wconf 78' lang='lat' dir='ltr'>Genibus,</span> <span class='ocrx_word' id='word_1_254' title='bbox 1163 2012 1203 2042; x_wconf 91' lang='lat' dir='ltr'>ad</span> <span class='ocrx_word' id='word_1_255' title='bbox 1224 2022 1338 2053; x_wconf 85' lang='lat' dir='ltr'>genua.</span> <span class='ocrx_word' id='word_1_256' title='bbox 1377 2013 1522 2049; x_wconf 78' lang='lat' dir='ltr'>Sustinet,</span> 
     </span>
     <span class='ocr_line' id='line_1_48' title="bbox 863 2060 1522 2102; baseline 0.002 -11"><span class='ocrx_word' id='word_1_257' title='bbox 863 2060 966 2091; x_wconf 88' lang='lat' dir='ltr'>habet.</span> <span class='ocrx_word' id='word_1_258' title='bbox 1009 2062 1140 2096; x_wconf 79' lang='lat' dir='ltr'>Aureus,</span> <span class='ocrx_word' id='word_1_259' title='bbox 1176 2060 1324 2102; x_wconf 86' lang='lat' dir='ltr'>pulcher:</span> <span class='ocrx_word' id='word_1_260' title='bbox 1363 2061 1416 2092; x_wconf 88' lang='lat' dir='ltr'>sed</span> <span class='ocrx_word' id='word_1_261' title='bbox 1446 2062 1522 2102; x_wconf 84' lang='lat' dir='ltr'>quia</span> 
     </span>
     <span class='ocr_line' id='line_1_49' title="bbox 863 2109 1522 2152; baseline 0.002 -12"><span class='ocrx_word' id='word_1_262' title='bbox 863 2109 953 2140; x_wconf 91' lang='lat' dir='ltr'>modo</span> <span class='ocrx_word' id='word_1_263' title='bbox 965 2110 1124 2150; x_wconf 86' lang='lat' dir='ltr'>praecessit</span> <span class='ocrx_word' id='word_1_264' title='bbox 1135 2111 1237 2146; x_wconf 76' lang='lat' dir='ltr'>oetlzer,</span> <span class='ocrx_word' id='word_1_265' title='bbox 1246 2115 1409 2152; x_wconf 85' lang='lat' dir='ltr'>propterea</span> <span class='ocrx_word' id='word_1_266' title='bbox 1423 2111 1522 2141; x_wconf 87' lang='lat' dir='ltr'>Hein-</span> 
     </span>
     <span class='ocr_line' id='line_1_50' title="bbox 862 2158 1525 2200; baseline 0.003 -12"><span class='ocrx_word' id='word_1_267' title='bbox 862 2158 926 2188; x_wconf 89' lang='lat' dir='ltr'>sius</span> <span class='ocrx_word' id='word_1_268' title='bbox 961 2159 1052 2188; x_wconf 86' lang='lat' dir='ltr'>malit</span> <span class='ocrx_word' id='word_1_269' title='bbox 1088 2169 1125 2188; x_wconf 89' lang='lat' dir='ltr'>ex</span> <span class='ocrx_word' id='word_1_270' title='bbox 1161 2169 1222 2189; x_wconf 88' lang='lat' dir='ltr'>uno</span> <span class='ocrx_word' id='word_1_271' title='bbox 1250 2158 1384 2200; x_wconf 86' lang='lat' dir='ltr'>Argent.</span> <span class='ocrx_word' id='word_1_272' title='bbox 1414 2171 1525 2190; x_wconf 80' lang='lat' dir='ltr'>aureus</span> 
     </span>
     <span class='ocr_line' id='line_1_51' title="bbox 861 2207 1519 2247; baseline 0.005 -11"><span class='ocrx_word' id='word_1_273' title='bbox 861 2208 945 2237; x_wconf 76' lang='lat' dir='ltr'>mis:</span> <span class='ocrx_word' id='word_1_274' title='bbox 970 2207 1053 2237; x_wconf 88' lang='lat' dir='ltr'>idem</span> <span class='ocrx_word' id='word_1_275' title='bbox 1078 2207 1173 2237; x_wconf 87' lang='lat' dir='ltr'>etiam</span> <span class='ocrx_word' id='word_1_276' title='bbox 1189 2207 1314 2238; x_wconf 82' lang='lat' dir='ltr'>volebat</span> <span class='ocrx_word' id='word_1_277' title='bbox 1335 2214 1404 2247; x_wconf 78' lang='lat' dir='ltr'>quot</span> <span class='ocrx_word' id='word_1_278' title='bbox 1429 2211 1519 2239; x_wconf 80' lang='lat' dir='ltr'>susti-</span> 
     </span>
     <span class='ocr_line' id='line_1_52' title="bbox 862 2262 923 2286; baseline 0 0"><span class='ocrx_word' id='word_1_279' title='bbox 862 2262 923 2286; x_wconf 79' lang='lat' dir='ltr'>net.</span> 
     </span>
    </p>

    <p class='ocr_par' dir='ltr' id='par_1_17' title="bbox 863 2303 1523 2637">
     <span class='ocr_line' id='line_1_53' title="bbox 905 2303 1523 2345; baseline 0.003 -12"><span class='ocrx_word' id='word_1_280' title='bbox 905 2304 979 2334; x_wconf 86' lang='lat'>590.</span> <span class='ocrx_word' id='word_1_281' title='bbox 993 2303 1169 2344; x_wconf 67' lang='lat' dir='ltr'>Sacrificum</span> <span class='ocrx_word' id='word_1_282' title='bbox 1185 2303 1283 2345; x_wconf 83' lang='lat' dir='ltr'>poetis</span> <span class='ocrx_word' id='word_1_283' title='bbox 1298 2309 1355 2340; x_wconf 87' lang='lat' dir='ltr'>est,</span> <span class='ocrx_word' id='word_1_284' title='bbox 1371 2304 1523 2345; x_wconf 88' lang='lat' dir='ltr'>quidquid</span> 
     </span>
     <span class='ocr_line' id='line_1_54' title="bbox 863 2351 1522 2393; baseline 0.002 -11"><span class='ocrx_word' id='word_1_285' title='bbox 863 2352 903 2382; x_wconf 85' lang='lat' dir='ltr'>ad</span> <span class='ocrx_word' id='word_1_286' title='bbox 932 2362 1022 2383; x_wconf 87' lang='lat' dir='ltr'>sacra</span> <span class='ocrx_word' id='word_1_287' title='bbox 1051 2351 1206 2393; x_wconf 83' lang='lat' dir='ltr'>pertinet:</span> <span class='ocrx_word' id='word_1_288' title='bbox 1239 2353 1376 2392; x_wconf 82' lang='lat' dir='ltr'>sacrifica</span> <span class='ocrx_word' id='word_1_289' title='bbox 1401 2355 1522 2388; x_wconf 71' lang='lat' dir='ltr'>securis,</span> 
     </span>
     <span class='ocr_line' id='line_1_55' title="bbox 863 2401 1522 2442; baseline 0.002 -11"><span class='ocrx_word' id='word_1_290' title='bbox 863 2402 999 2441; x_wconf 63' lang='lat' dir='ltr'>sacrifica</span> <span class='ocrx_word' id='word_1_291' title='bbox 1033 2412 1098 2437; x_wconf 78' lang='lat' dir='ltr'>ura,</span> <span class='ocrx_word' id='word_1_292' title='bbox 1128 2401 1258 2441; x_wconf 72' lang='lat' dir='ltr'>sacrifici</span> <span class='ocrx_word' id='word_1_293' title='bbox 1296 2404 1382 2432; x_wconf 72' lang='lat' dir='ltr'>ritus.</span> <span class='ocrx_word' id='word_1_294' title='bbox 1441 2402 1522 2442; x_wconf 85' lang='lat' dir='ltr'>Ergo</span> 
     </span>
     <span class='ocr_line' id='line_1_56' title="bbox 864 2450 1523 2492; baseline 0.002 -12"><span class='ocrx_word' id='word_1_295' title='bbox 864 2450 957 2481; x_wconf 89' lang='lat' dir='ltr'>etiam</span> <span class='ocrx_word' id='word_1_296' title='bbox 981 2450 1071 2481; x_wconf 86' lang='lat' dir='ltr'>licuit</span> <span class='ocrx_word' id='word_1_297' title='bbox 1089 2451 1236 2490; x_wconf 74' lang='lat' dir='ltr'>sacrificos</span> <span class='ocrx_word' id='word_1_298' title='bbox 1251 2452 1310 2480; x_wconf 80' lang='lat' dir='ltr'>dies</span> <span class='ocrx_word' id='word_1_299' title='bbox 1325 2450 1439 2486; x_wconf 90' lang='lat' dir='ltr'>dicere,</span> <span class='ocrx_word' id='word_1_300' title='bbox 1456 2451 1523 2492; x_wconf 92' lang='lat' dir='ltr'>qui-</span> 
     </span>
     <span class='ocr_line' id='line_1_57' title="bbox 864 2498 1523 2530; baseline 0.003 -2"><span class='ocrx_word' id='word_1_301' title='bbox 864 2499 924 2529; x_wconf 90' lang='lat' dir='ltr'>bus</span> <span class='ocrx_word' id='word_1_302' title='bbox 954 2509 1042 2529; x_wconf 83' lang='lat' dir='ltr'>sacra</span> <span class='ocrx_word' id='word_1_303' title='bbox 1070 2498 1159 2528; x_wconf 85' lang='lat' dir='ltr'>fiunt.</span> <span class='ocrx_word' id='word_1_304' title='bbox 1206 2498 1404 2529; x_wconf 84' lang='lat' dir='ltr'>Schirachius</span> <span class='ocrx_word' id='word_1_305' title='bbox 1429 2499 1523 2530; x_wconf 88' lang='lat' dir='ltr'>inter-</span> 
     </span>
     <span class='ocr_line' id='line_1_58' title="bbox 866 2546 1522 2588; baseline 0.003 -12"><span class='ocrx_word' id='word_1_306' title='bbox 866 2553 1014 2588; x_wconf 83' lang='lat' dir='ltr'>pretatur,</span> <span class='ocrx_word' id='word_1_307' title='bbox 1040 2546 1226 2583; x_wconf 85' lang='lat' dir='ltr'>sacerdotes,</span> <span class='ocrx_word' id='word_1_308' title='bbox 1252 2547 1334 2588; x_wconf 93' lang='lat' dir='ltr'>quod</span> <span class='ocrx_word' id='word_1_309' title='bbox 1362 2547 1432 2578; x_wconf 88' lang='lat' dir='ltr'>ferri</span> <span class='ocrx_word' id='word_1_310' title='bbox 1462 2559 1522 2578; x_wconf 90' lang='lat' dir='ltr'>non</span> 
     </span>
     <span class='ocr_line' id='line_1_59' title="bbox 867 2595 1521 2637; baseline 0.003 -13"><span class='ocrx_word' id='word_1_311' title='bbox 867 2600 981 2635; x_wconf 82' lang='lat' dir='ltr'>potest.</span> <span class='ocrx_word' id='word_1_312' title='bbox 1022 2596 1177 2626; x_wconf 76' lang='lat' dir='ltr'>Galituras</span> <span class='ocrx_word' id='word_1_313' title='bbox 1193 2596 1311 2636; x_wconf 75' lang='lat' dir='ltr'>ignibus</span> <span class='ocrx_word' id='word_1_314' title='bbox 1325 2606 1389 2637; x_wconf 91' lang='lat' dir='ltr'>pro,</span> <span class='ocrx_word' id='word_1_315' title='bbox 1406 2595 1437 2626; x_wconf 91' lang='lat' dir='ltr'>in</span> <span class='ocrx_word' id='word_1_316' title='bbox 1454 2596 1521 2637; x_wconf 89' lang='lat' dir='ltr'>qui-</span> 
     </span>
    </p>
   </div>
   <div class='ocr_carea' id='block_1_12' title="bbox 866 2643 1524 2721">
    <p class='ocr_par' dir='ltr' id='par_1_18' title="bbox 866 2643 1524 2721">
     <span class='ocr_line' id='line_1_60' title="bbox 866 2643 1524 2681; baseline 0.002 -8"><span class='ocrx_word' id='word_1_317' title='bbox 866 2643 924 2673; x_wconf 80' lang='lat' dir='ltr'>bus</span> <span class='ocrx_word' id='word_1_318' title='bbox 949 2643 1082 2674; x_wconf 70' lang='lat' dir='ltr'>victimae</span> <span class='ocrx_word' id='word_1_319' title='bbox 1109 2643 1313 2681; x_wconf 81' lang='lat' dir='ltr'>adoleantur3</span> <span class='ocrx_word' id='word_1_320' title='bbox 1343 2644 1447 2675; x_wconf 85' lang='lat' dir='ltr'>confer</span> <span class='ocrx_word' id='word_1_321' title='bbox 1471 2644 1524 2675; x_wconf 82' lang='lat' dir='ltr'>xii.</span> 
     </span>
     <span class='ocr_line' id='line_1_61' title="bbox 870 2692 919 2721; baseline 0.02 -1"><span class='ocrx_word' id='word_1_322' title='bbox 870 2692 919 2721; x_wconf 78' lang='lat'>12.</span> 
     </span>
    </p>
   </div>
  </div>
 </body>
</html>
