1779 3130
346 165 963 207 METAMORPHOSEON
997 165 1116 205 [AB.
1150 163 1294 205 XIII.
1335 142 1338 145 ’

1423 164 1509 205 365

128 278 246 324 Acis
263 287 392 326 erat:
412 280 500 327 sed
517 281 587 327 sic
600 296 800 343 quoque
814 288 919 326 erat
934 288 1100 326 tamen
1117 278 1293 326 Acisin
1310 294 1504 326 amnem

126 354 339 411 Versus;
380 363 429 402 et
453 358 713 418 antiquum
738 364 1003 403 tenuerunt
1027 356 1232 402 flumina
1256 371 1452 402 nomen.

194 430 424 479 Desierat
449 433 660 479 Galatea
684 433 848 495 loqui3
890 440 1122 494 coetuque
1149 432 1310 478 soluto

129 506 422 562 Discedunt,
449 509 762 571 placidisque
788 516 960 556 natant
982 508 1222 555 Nereides
1248 508 1409 554 undis.

129 582 300 645 Scylla
325 585 453 631 redit
475 604 485 642 ;
518 601 680 647 neque
707 585 837 632 enim
863 585 1026 631 medio
1052 600 1105 631 se
1130 584 1332 631 credere
1356 589 1507 647 ponto

127 657 294 706 Audet
312 679 322 716 ;
347 667 397 707 et
418 669 503 708 aut
518 662 688 708 bibula
708 661 813 708 sine
833 661 1053 708 vestibus
1074 666 1203 706 errat
1218 675 1364 706 arena
1382 677 1392 716 ;
1412 662 1502 705 901

126 734 244 790 Aut,
272 737 354 783 ubi
380 737 564 785 lassata
588 744 681 792 est,
709 738 941 784 seductos
968 744 1114 783 nacta
1138 751 1365 783 recessus

129 810 368 874 Gurgitis,
397 814 588 861 inclusa
611 830 699 861 sua
724 815 945 861 membra
970 812 1225 874 refrigerat
1248 811 1396 858 unda.

129 885 261 934 Ecce
286 888 464 936 fretum
489 891 699 946 findens,
728 890 810 936 alti
839 906 992 936 novus
1019 889 1179 935 incola
1205 887 1358 950 ponti,

129 963 302 1027 Nuper
327 965 375 1011 in
403 967 626 1014 Euboica
642 967 795 1013 versis
818 966 1115 1012 Anthedone
1135 963 1385 1018 membris,
1414 966 1508 1010 905

130 1039 352 1089 Glaucus
379 1044 550 1100 adest3
591 1043 811 1105 visaeque
836 1042 1071 1105 cupidine
1097 1040 1299 1102 virginis
1325 1040 1505 1095 haeret3

128 1115 207 1170 Et,
237 1134 550 1182 quaecunque
576 1127 718 1182 putat
741 1120 1011 1181 fugientem
1036 1133 1184 1181 posse
1210 1116 1403 1171 morari,

127 1191 293 1241 Verba
317 1196 489 1244 refert:
528 1197 654 1258 fugit
678 1197 762 1243 illa
785 1205 968 1250 tamen,
996 1196 1247 1256 veloxque
1270 1193 1444 1239 timore

128 1269 360 1318 Pervenit
374 1272 424 1319 in
439 1289 686 1319 summum
703 1272 850 1336 positi
866 1287 1022 1335 prope
1038 1271 1182 1317 litora
1197 1269 1395 1316 montis,
1414 1271 1508 1315 909

171 1426 244 1455 898.
270 1427 417 1462 Glaucus,
431 1426 480 1457 vel
493 1426 614 1467 Polybi,
628 1426 676 1456 vel
689 1426 786 1467 Copei

127 1473 219 1509 filius,
239 1485 335 1515 quum
358 1475 469 1505 herbas
490 1476 641 1516 quasdam
665 1475 786 1515 gustas-

127 1528 185 1557 set,
203 1523 234 1552 in
250 1533 332 1553 mare
348 1535 380 1554 se
392 1524 576 1565 praecipitat,
587 1525 682 1564 fitque
698 1524 786 1554 Deus

129 1571 284 1609 marinus;
308 1573 390 1603 conf.
408 1573 620 1614 Palaepliatus,
636 1583 704 1613 cap.
720 1574 760 1602 28
776 1583 784 1609 ;

129 1620 310 1651 Eustathins
323 1621 362 1651 ad
373 1622 497 1652 Homer.
509 1633 541 1662 p.
555 1622 617 1651 205
630 1633 637 1658 τ,
660 1621 786 1651 Tzetzes

129 1668 168 1698 ad
184 1669 338 1711 Lycophr.
354 1681 384 1711 p.
399 1671 479 1707 107;
505 1670 610 1701 Scliol.
627 1669 786 1711 Apollonii

129 1716 169 1747 ad
185 1717 205 1747 i.
226 1719 328 1756 1310,
353 1719 506 1760 Hyginus,
525 1719 589 1748 fab.
611 1720 688 1755 1993
712 1718 786 1747 Ful-

127 1766 262 1806 gentius,
278 1767 414 1808 Mythol.
429 1767 461 1797 ii.
481 1769 531 1798 12.
570 1769 615 1797 Ex
633 1766 788 1797 sententia

128 1814 302 1856 Palaephati
326 1817 465 1846 Glaucus
487 1816 544 1846 fuit
566 1815 703 1846 urinator
719 1817 783 1856 (κο-

127 1863 329 1904 λυμβητὴς,)
346 1865 400 1906 qui
424 1865 478 1896 diu
503 1865 560 1895 sub
581 1875 662 1905 aqua
682 1865 786 1894 vivere

129 1919 242 1952 posset,
260 1913 331 1944 inde
347 1913 448 1945 dictus
465 1913 645 1950 Θαλάττιος.
672 1913 787 1943 Similis

129 1960 274 1997 urinator,
299 1963 391 1993 Colas
413 1963 548 1999 nornine,
568 1962 788 1992 recentioribus

128 2011 318 2051 temporibus
354 2011 433 2042 inter
469 2012 589 2042 Siculos
626 2010 716 2046 vixit,
748 2011 787 2041 ab

130 2065 194 2088 arte
217 2070 274 2090 sua
296 2061 395 2096 Pesce,
418 2061 449 2090 id
472 2066 518 2090 est
538 2060 640 2102 piscis,
664 2060 787 2097 dictus3

129 2106 192 2137 vid.
209 2107 346 2148 Brydon.
363 2109 450 2138 Reise
469 2109 545 2139 nach
561 2109 646 2139 Sicil.
664 2109 700 2138 P.
716 2107 736 2138 i.
754 2119 786 2148 p.

130 2155 180 2185 63.
219 2156 303 2187 Coetu
318 2157 511 2195 Nere'idum3
539 2157 610 2187 vide
627 2167 690 2187 ver.
705 2157 785 2187 736:

131 2205 236 2240 soluto,
254 2205 390 2236 dimisso.

171 2255 245 2285 902.
271 2255 410 2285 Recessim
435 2256 579 2296 gurgitis,
615 2255 700 2285 sinus
736 2265 789 2285 an-

129 2303 223 2344 gusti,
246 2310 418 2334 curvaturae
441 2302 533 2334 maris
557 2303 588 2333 iu
611 2303 721 2333 litore:
747 2314 789 2333 se-

130 2353 230 2387 ducti,
251 2353 360 2382 remoti
385 2362 404 2382 a
426 2358 595 2392 conspectu
620 2351 790 2381 hominum.

129 2400 168 2430 In
182 2400 219 2430 iis
235 2403 350 2432 inclusa
366 2411 458 2442 aqua,
471 2411 530 2430 non
546 2400 640 2436 omni,
654 2399 790 2430 maxima

130 2456 235 2480 tamen
249 2460 286 2480 ex
303 2457 389 2491 parte
405 2462 410 2479 :
437 2449 540 2480 confer
557 2449 620 2480 xiv.
637 2451 688 2480 51.
732 2450 786 2479 So-

130 2498 214 2529 lebat
240 2505 346 2530 autem
371 2499 477 2540 Scylla
506 2501 536 2529 iu
562 2500 639 2528 mari
666 2500 785 2535 lavari,-

131 2547 288 2588 Hyginus.

171 2598 245 2627 904.
260 2597 608 2638 Eccefretumjinriens.]
624 2597 696 2627 Non
706 2596 784 2626 mul-

132 2652 196 2676 tum
212 2646 276 2686 egit
298 2646 444 2677 Heinsius
461 2648 596 2677 scindens
610 2657 626 2676 e
647 2646 739 2676 MSS.
757 2644 788 2674 in

122 2695 246 2734 findens
274 2701 395 2726 mutans
410 2707 415 2725 :
456 2695 570 2725 etenim
601 2700 663 2724 tam
694 2703 788 2727 mare,

853 1436 949 1466 quam
974 1434 1045 1465 ager
1068 1434 1137 1454 mox
1168 1422 1282 1453 dicitur
1309 1424 1416 1453 scindi.
1461 1422 1512 1452 De

854 1475 1029 1503 Anthedone
1067 1473 1199 1502 Euboica
1229 1471 1300 1501 vide
1338 1470 1389 1500 vii.
1428 1471 1510 1500 232:

853 1523 946 1553 etiam
975 1521 1115 1562 Palaeph.
1140 1520 1281 1551 Glaucus
1302 1517 1514 1557 Ἀνθηδόνιος

853 1572 888 1602 τὸ
901 1570 1004 1612 γένος.
1029 1570 1116 1599 Male
1127 1579 1144 1599 a
1158 1568 1321 1599 Lactantio
1337 1567 1369 1597 in
1380 1568 1512 1609 Argum.

853 1625 885 1650 et
914 1617 1090 1659 Fulgentio,
1121 1616 1318 1647 Anthedonis
1347 1615 1428 1645 filius
1458 1626 1512 1645 vo-

854 1674 952 1699 catur.
977 1667 1090 1702 Πατρεῖ,
1104 1666 1206 1706 vulgo,
1217 1670 1249 1695 et
1260 1664 1292 1694 in
1306 1664 1415 1694 nostris
1430 1664 1513 1705 Reg.

854 1717 1024 1751 codicibus,
1053 1717 1152 1745 ardet.
1201 1714 1315 1747 Haeret,
1344 1718 1513 1754 conspecta

854 1770 979 1807 repente
1000 1764 1130 1804 virgine,
1151 1763 1218 1804 ejus
1236 1761 1365 1792 formam
1384 1766 1512 1802 stupens

854 1813 1007 1845 constitit:
1052 1812 1096 1843 sic
1133 1812 1244 1841 Amor.
1279 1810 1308 1840 Ι.
1344 1809 1410 1840 viii.
1450 1810 1509 1839 24:

855 1864 961 1898 Hccsz't,
983 1868 1011 1892 et
1031 1864 1062 1891 in
1087 1862 1173 1891 uultu
1192 1861 1323 1890 constitit
1341 1869 1432 1898 usque
1451 1865 1512 1888 tuo.

856 1912 937 1942 Hinc
954 1911 988 1940 ii.
1006 1911 1078 1940 409.
1094 1911 1201 1939 haerere
1216 1910 1248 1937 in.
1266 1910 1392 1948 virgine.
1437 1908 1513 1937 Erat

855 1966 960 1991 autem
975 1958 1299 2000 Scyllaji»·rnosissima
1314 1957 1420 1997 virg0;
1444 1956 1511 1997 Hy-

855 2009 958 2049 ginus.

898 2058 971 2088 909.
997 2057 1093 2095 Prope
1115 2056 1215 2090 litora,
1232 2054 1263 2084 in
1284 2054 1371 2083 litore
1388 2052 1511 2088 Italico,

856 2105 1049 2136 Messaniam
1058 2110 1188 2140 contra;
1210 2101 1281 2132 vide
1293 2101 1355 2131 xiv.
1371 2102 1419 2131 17.
1444 2101 1512 2130 Caz-

856 2156 949 2185 lectus
967 2155 999 2183 in
1020 2164 1116 2182 unum
1133 2163 1141 2189 ;
1164 2151 1267 2191 colligi
1287 2149 1447 2190 elegantur
1467 2148 1513 2178 di-

857 2209 968 2233 cuntur
997 2211 1127 2242 quorum
1156 2204 1260 2240 partes
1287 2198 1319 2228 in
1346 2202 1513 2237 angustum

856 2256 968 2281 coeunt
984 2255 1015 2280 et
1029 2248 1186 2279 desinunt.
1210 2247 1352 2276 Mentem
1367 2245 1456 2275 illum
1469 2244 1515 2275 ita

855 2298 1013 2333 describit,
1029 2303 1063 2328 ut
1083 2300 1231 2338 appareat
1249 2304 1342 2336 quam
1363 2299 1430 2324 tuta
1454 2295 1514 2324 loco

857 2349 941 2388 virgo
966 2347 1068 2378 fuerit.
1114 2346 1278 2379 convexus,
1309 2342 1514 2378 descendens,

855 2397 997 2432 declivis,
1018 2401 1052 2426 ut
1075 2395 1138 2425 xiv.
1159 2396 1227 2424 154.
1274 2394 1343 2423 Sine
1360 2393 1513 2422 arboribus

856 2457 894 2476 ex
921 2446 1025 2476 Oxon.
1051 2450 1082 2474 et
1107 2443 1204 2474 tribus
1225 2441 1294 2471 aliis
1316 2441 1408 2471 MSS.
1430 2446 1513 2471 recte

854 2494 991 2537 praetulit
1028 2493 1135 2523 Heius.
1174 2492 1219 2532 τῷ
1254 2491 1306 2520 sub
1341 2490 1513 2519 arboribus.-

856 2553 956 2585 neque
981 2548 1087 2573 tamen
1114 2546 1276 2582 propterea
1301 2539 1329 2570 ei
1350 2539 1510 2574 assentior,

856 2593 938 2634 quod
950 2592 1044 2622 etiam
1053 2591 1116 2621 viii.
1129 2591 1204 2620 789.
1216 2591 1277 2619 sine
1287 2590 1390 2618 arbore
1401 2589 1489 2618 tellus
1501 2599 1513 2624 ;

855 2643 909 2673 sed
925 2641 1007 2682 quod
1022 2641 1066 2671 ita
1086 2639 1210 2670 facilius
1230 2638 1261 2668 in
1281 2638 1437 2668 Glaucum
1459 2637 1513 2668 de-

857 2691 985 2733 spicere,
1001 2695 1031 2720 et
1046 2699 1117 2720 cum
1129 2699 1164 2719 eo
1179 2686 1313 2728 colloqui
1329 2692 1460 2728 poterat.
