1779 3130
357 149 974 193 METAMORPHOSEON
1009 148 1124 190 LIB.
1160 148 1251 188 XI.

121 266 196 312 De
222 273 449 313 consorte
476 282 580 320 suo,
608 281 754 312 cursu
779 264 986 311 festinus
1013 262 1191 308 anhelo

118 342 330 388 Advolat
354 341 562 389 armenti
588 347 758 388 custos
785 340 1014 386 Phoceus
1041 337 1245 384 Anetor.

122 422 152 439 “
176 416 304 471 Heu,
333 418 506 473 Peleu,
536 417 717 463 Peleu!
756 431 948 477 magnae
974 415 1062 461 tibi
1089 413 1288 460 nuntius
1315 412 1486 459 adsum

124 492 344 548 Cladis,”
372 494 466 540 ait:
519 492 855 555 quodcunque
894 490 1034 545 ferat,
1056 490 1202 551 jubet
1231 488 1376 535 edere
1411 488 1502 534 Pc-

319 569 442 615 leus.

1410 567 1508 610 350

124 643 334 699 Pendet,
362 652 412 691 et
436 645 543 707 ipse
569 651 705 690 metu
734 643 951 705 trepidat
975 640 1270 687 Trachinius
1295 639 1455 686 heros.

125 718 213 766 Ille
240 719 412 767 refert:
455 726 484 743 “
508 719 664 766 fessos
692 719 755 765 ad
781 719 923 765 litora
946 732 1096 763 curva
1114 717 1355 777 juvencos

124 794 446 857 Appuleram‚
474 796 637 843 medio
663 810 817 856 quum
846 794 927 840 Sol
956 792 1227 840 altissimus
1252 791 1371 838 orbe

125 871 339 918 Tantum
364 871 650 934 respiceret,
679 877 917 933 quantum
945 883 1207 931 superesse
1232 867 1436 914 videret.

127 946 352 1009 Parsque
377 948 527 994 boum
552 946 696 994 fulvis
722 962 886 1008 genua
909 944 1171 992 inclinarat
1195 943 1372 998 arenis,
1415 946 1511 990 355

129 1021 465 1085 Latarumque
483 1024 659 1085 jacens
693 1038 926 1084 campum
959 1021 1220 1084 spectabat
1243 1035 1510 1082 aquarum:

129 1097 253 1144 Pars
280 1098 514 1160 gradibus
540 1099 693 1146 tardis
721 1098 841 1144 illuc
867 1097 1064 1144 errabat
1088 1103 1140 1144 et
1164 1096 1309 1151 illuc;

131 1174 177 1220 N
182 1182 267 1222 ant
291 1175 388 1230 alii,
415 1176 652 1238 celsoque
677 1182 853 1223 extant
876 1189 1025 1236 super
1049 1187 1249 1235 aequora
1272 1171 1413 1217 collo.

131 1305 212 1335 fecto
231 1305 412 1346 Eurytione,
430 1305 471 1335 Iri
491 1305 564 1341 filio,
581 1305 620 1336 ad
636 1305 789 1335 Acastum

132 1352 222 1394 fugit,
236 1359 267 1384 et
281 1353 353 1384 inde
369 1354 409 1384 ad
425 1353 571 1385 Chirona.
617 1355 711 1388 Hinc,
726 1354 789 1384 ovi-

132 1402 191 1432 bus
205 1407 236 1432 et
249 1402 348 1432 bobus
362 1402 512 1438 collectis,
525 1403 564 1433 ad
579 1403 665 1433 Irum
679 1402 790 1444 pergit,

131 1460 231 1492 eaque
257 1451 352 1481 caedis
375 1451 499 1482 nomine
529 1452 654 1482 mulctae
681 1451 790 1488 offert;

130 1510 227 1539 quum
250 1506 406 1530 recusaret
429 1500 509 1536 Irus,
525 1500 638 1531 Peleus
661 1510 698 1530 ea
722 1509 791 1530 ora—

133 1548 205 1578 culo
221 1549 355 1579 monitus
376 1549 473 1579 libera
493 1549 605 1579 mittit:
630 1549 723 1590 lupus
744 1558 792 1578 ar—

135 1602 239 1627 menta
253 1597 383 1628 invadit.
409 1598 542 1633 Consors,
559 1597 662 1633 frater,
680 1602 714 1627 ut
729 1596 793 1628 xiii.

135 1646 209 1676 663.
223 1645 330 1676 Tibul.
346 1646 390 1676 II.
406 1657 437 1676 v.
451 1647 493 1675 24
507 1659 513 1675 2
531 1657 644 1677 consors
660 1648 793 1687 sangui-5,

136 1693 289 1725 fraternus
304 1693 441 1734 sanguis,
457 1694 522 1724 viii.
537 1695 609 1725 445.
634 1695 683 1724 De
700 1705 794 1725 uxore

135 1749 182 1774 est
199 1743 238 1774 vi.
253 1743 315 1781 943
338 1743 377 1773 de
393 1753 493 1773 sorore
510 1743 571 1774 ΙΙΙ.
589 1743 682 1773 Pont.
698 1743 729 1773 ii.
742 1743 795 1773 48.

139 1793 294 1822 miracula
324 1794 359 1822 ‹Ie
388 1799 528 1828 consorte,
554 1791 662 1822 miram
693 1791 795 1822 fratris

138 1841 382 1872 conversionem.
444 1840 595 1876 Festinus,
637 1839 795 1871 festinans.

140 1891 259 1921 Vocem
276 1890 356 1920 hanc
373 1890 411 1920 ab
423 1889 537 1920 Ovidio
553 1890 650 1931 primo
666 1899 794 1930 usurpa-

140 1943 202 1968 tam
217 1948 285 1968 esse
306 1937 465 1968 contendit
479 1937 678 1968 Schirachius
697 1937 797 1975 male3

139 1986 273 2017 occurrit
295 1987 377 2016 enim
400 1985 482 2027 apud
507 1985 704 2026 antiquiores,
723 1997 749 2016 v.
766 1996 796 2016 c.

140 2034 317 2075 Virgilium,
337 2035 410 2065 AEn.
425 2034 468 2064 ix.
486 2035 560 2064 488.
599 2034 797 2074 Cmsnfish·

142 2095 197 2114 uns
225 2084 341 2119 anhelo,
364 2093 490 2114 currens
516 2089 579 2114 tam
605 2083 798 2119 festinanter,

144 2139 178 2164 ut
195 2133 367 2163 anhelaret.
416 2133 559 2168 Phoceus,
575 2143 591 2162 e
607 2132 759 2163 Phocide.

185 2182 260 2212 351.
281 2181 406 2216 Pendet,
419 2183 528 2220 etipse,
542 2181 624 2221 etc.]
646 2181 706 2211 Hic
723 2191 797 2221 quo-

143 2240 204 2271 que
224 2229 390 2260 amabilem
411 2235 442 2260 et
455 2229 624 2260 humanum
646 2240 678 2259 se
698 2235 800 2260 osten-

145 2278 192 2309 dit
210 2279 310 2319 Ceyx.
360 2279 494 2309 Pendere
516 2284 547 2309 et
568 2289 721 2318 snspensas
740 2279 801 2309 ele-

145 2334 253 2368 ganter
271 2327 383 2357 dicitur
400 2326 533 2362 animus,
552 2338 649 2368 quum
666 2333 803 2358 versatur

145 2377 282 2406 incertus
304 2375 384 2406 inter
412 2386 498 2417 spem
525 2382 556 2406 et
579 2382 706 2411 metum,
730 2375 802 2406 hinc

147 2435 242 2465 quum
255 2424 366 2454 anxius
378 2430 424 2454 est
435 2432 465 2454 et
476 2424 625 2455 sollicitus
637 2424 676 2454 de
689 2430 803 2455 eventu

148 2473 200 2504 rei.
244 2473 305 2503 Sed
330 2473 487 2509 Heinsius,
504 2474 555 2514 qui
573 2479 698 2514 paratus
715 2473 804 2503 nimis

146 2528 192 2552 est
216 2522 254 2552 ad
278 2522 426 2552 delendos
443 2533 557 2557 versus,
575 2523 656 2552 hunc
680 2533 803 2563 quoque

147 2571 283 2611 spurium
296 2571 428 2612 judicat,
442 2571 634 2612 improbante
650 2572 803 2602 Burman-

151 2630 201 2655 no,
217 2619 269 2660 qui
285 2630 301 2649 e
321 2620 426 2650 multis
441 2620 532 2650 MSS.
549 2626 631 2651 recte
652 2619 713 2660 legi
729 2619 806 2655 vult,

157 2667 268 2698 Pendet
283 2675 309 2698 et
327 2671 383 2707 ipse
399 2675 474 2699 melu
492 2671 633 2707 trepirlus,
649 2674 709 2698 etc.
728 2668 803 2698 Vul-

858 1315 896 1345 go
912 1305 1022 1343 trepidi
1040 1303 1220 1334 Trachinius
1242 1305 1320 1337 oris‚·
1345 1301 1395 1331 hic
1411 1311 1518 1331 versus

858 1358 1007 1388 servatur,
1037 1352 1188 1383 Heinsius
1223 1350 1349 1392 conjicit
1385 1352 1517 1390 trepidus

861 1402 1041 1432 Trachinius
1057 1401 1155 1432 haeres.

902 1452 977 1481 352.
1006 1449 1065 1480 Ille
1087 1449 1203 1490 refert,-
1233 1448 1311 1488 etc.]
1352 1447 1518 1478 Prolixitas

859 1505 890 1531 et
914 1498 1010 1529 nimia
1032 1497 1198 1538 diligentia
1220 1497 1313 1538 hujus
1336 1496 1519 1528 narrationis

860 1549 941 1579 male
964 1546 1110 1578 convenit
1133 1545 1357 1588 perturbationi
1379 1550 1412 1576 et
1434 1545 1519 1576 festi-

861 1595 978 1628 nationi
995 1595 1137 1637 pastoris.
1170 1594 1380 1625 Meridianum
1398 1600 1520 1635 tempus

861 1645 961 1676 tribus
987 1643 1087 1674 modis
1112 1643 1272 1681 declarat3
1298 1642 1400 1673 varias
1425 1643 1518 1672 boum

862 1694 1066 1726 recreationes
1086 1693 1246 1733 eleganter
1267 1691 1405 1733 quidem,
1420 1691 1521 1722 alieno

862 1750 966 1774 tamen
981 1743 1060 1778 loeo,
1076 1746 1208 1777 enarrat,
1224 1750 1325 1781 neque
1340 1739 1450 1782 templi
1466 1739 1520 1770 dc-

862 1791 988 1832 scriptio
1003 1791 1053 1821 hic
1070 1791 1172 1821 locum
1187 1800 1277 1820 suum
1294 1789 1398 1819 habet.
1423 1788 1521 1819 Fessos

862 1850 881 1870 a
897 1840 946 1871 via
961 1847 992 1870 et
1006 1845 1083 1869 aestu
1106 1838 1189 1869 solis.
1234 1838 1430 1876 Appuleram,
1449 1837 1521 1867 ade-

862 1898 978 1929 geram.
1023 1886 1177 1917 Absolute
1192 1886 1236 1916 sic
1253 1886 1399 1924 appellere
1414 1884 1484 1916 Cic.
1503 1885 1523 1916 i.

864 1937 938 1968 Div.
953 1938 1005 1967 44.
1053 1936 1183 1966 Tantum
1199 1934 1257 1965 viae
1274 1939 1329 1965 aut
1343 1935 1416 1965 coeli
1431 1936 1522 1973 respi-

863 1992 952 2021 ceret,
968 1990 1036 2026 post
1051 1995 1084 2014 se
1100 1984 1242 2015 relictum
1258 1983 1396 2014 haberet.
1410 1982 1443 2014 ii.
1462 1983 1521 2012 187

865 2046 934 2076 sqq.

909 2085 982 2114 355.
1008 2081 1209 2121 inclinarat]
1237 2081 1324 2111 Bene
1346 2081 1439 2111 boum
1457 2081 1523 2121 qui-

866 2131 1038 2163 escentium
1068 2129 1209 2160 habitum
1236 2134 1340 2168 notat3
1371 2130 1525 2159 inclinatis

867 2181 950 2211 enim
962 2179 1007 2210 illi
1023 2181 1158 2221 genibus,
1168 2185 1199 2208 et
1213 2178 1315 2219 capite
1326 2178 1388 2209 fere
1400 2176 1526 2208 immoto

869 2229 1003 2260 eundem
1032 2237 1152 2269 semper
1180 2227 1282 2257 locum
1310 2231 1463 2268 spectant,
1493 2231 1527 2256 ut

869 2288 951 2308 nune
966 2279 1097 2307 [alarum
1110 2286 1245 2315 campum
1260 2285 1416 2314 aquarum,
1427 2274 1523 2304 latum

869 2336 974 2357 mare:
1008 2325 1113 2365 Vulgo
1137 2324 1187 2364 (et
1210 2323 1240 2353 in
1265 2322 1376 2354 nostris
1400 2321 1528 2363 Regiis)

870 2386 982 2415 campos
1002 2384 1159 2413 aquarum.
1203 2374 1309 2409 Quum
1332 2378 1437 2402 autem
1457 2381 1527 2412 gra-

871 2424 955 2454 mina
975 2428 1117 2463 carpunt,
1133 2426 1163 2451 et
1184 2422 1278 2450 tardis
1294 2421 1437 2460 gradibus
1458 2429 1525 2460 prt-

871 2472 997 2507 cedunt,
1013 2477 1044 2501 et
1060 2469 1150 2500 modo
1167 2469 1198 2499 in
1221 2469 1313 2504 hanc,
1329 2467 1418 2498 modo
1438 2467 1469 2498 in
1487 2468 1524 2497 il-

872 2521 933 2551 lam
947 2526 1063 2562 partem
1076 2518 1206 2559 vestigia
1218 2517 1328 2551 ferunt,
1341 2516 1423 2557 quod
1436 2516 1528 2546 verbo

873 2581 974 2599 errare
991 2566 1182 2609 exprimitur.
1220 2566 1322 2596 Etiam
1339 2564 1463 2595 tertium
1479 2575 1527 2595 re-

874 2618 1038 2650 creationis
1061 2627 1158 2656 genus
1181 2614 1267 2646 suavi
1287 2614 1422 2655 imagine
1440 2624 1525 2645 exorn

875 2667 973 2702 navit,
991 2668 1117 2705 celsoque
1133 2671 1245 2699 artant,
1261 2669 1321 2694 etc.
