1779 3130
417 159 1035 202 METAMORPHOSEON
1069 160 1188 201 LIB.
1213 160 1324 202 XII.

1466 159 1551 201 :285

171 272 460 322 Intremuit:
501 275 650 321 trahit
669 275 752 321 ille
774 291 923 321 manu
948 274 1054 322 sine
1070 275 1276 337 cuspide
1295 274 1482 336 lignum
1503 291 1512 321 :

170 347 231 394 ld
246 366 445 412 quoque
458 351 536 396 vix
553 351 798 412 sequitur:
821 350 987 413 cuspis
1003 351 1237 413 pulmone
1252 358 1443 397 retenta
1458 357 1551 397 est.

170 424 287 487 Ipse
312 426 452 472 dolor
475 427 602 473 vires
627 427 787 473 animo
814 427 990 473 dabat:
1030 443 1160 488 aeger
1185 426 1234 472 in
1255 427 1448 473 hostem

171 500 404 562 Erigitur,
431 502 746 565 pedibusque
771 503 928 549 virum
955 503 1210 565 proculcat
1235 503 1446 565 equinis.

171 576 376 640 Excipit
400 578 481 625 ille
506 579 634 626 ictus
661 579 803 641 galea
827 581 1109 642 clypeoque
1135 586 1384 633 sonantes,
1456 581 1552 625 375

171 651 513 716 Defensatque
534 655 781 710 humeros,
799 662 1144 718 praetentaque
1164 655 1377 702 sustinet
1392 670 1528 701 arma
1546 671 1556 701 ε

172 727 371 791 Perque
398 746 560 778 armos
587 748 683 778 uno
709 732 807 778 duo
833 739 1037 794 pectora
1062 731 1279 794 perforat
1303 731 1420 777 ictu.

170 804 302 852 Ante
325 814 493 853 tamen
518 808 617 854 leto
642 807 850 855 dederat
874 807 1184 869 Phlegraeon,
1212 813 1262 853 et
1288 805 1470 869 Hylen,

172 880 407 939 Eminus3
451 882 758 946 Hiphinoum
784 885 964 930 collato
991 883 1170 938 Marte,
1200 883 1498 944 Claninque.

170 957 384 1005 Additur
409 959 486 1006 his
513 960 744 1023 Dorylas,
771 962 856 1023 qui
882 968 1107 1024 tempora
1129 966 1264 1006 tecta
1287 960 1493 1021 gerebat

174 1034 314 1082 Pelle
339 1036 459 1099 lupi,
487 1037 703 1099 saevique
728 1037 888 1084 vicem
914 1036 1202 1101 praestantia
1226 1036 1311 1082 teli

1460 1038 1548 1081 38]

174 1110 375 1159 Cornua
398 1129 514 1160 vara
537 1113 687 1159 boum
714 1114 868 1160 multo
893 1113 1149 1160 rubefacta
1173 1127 1362 1158 cruore.
1415 1110 1558 1172 [dixi,

174 1186 306 1234 Huic
344 1204 453 1250 ego,
492 1205 606 1236 nam
638 1190 764 1237 vires
803 1190 996 1236 animus
1033 1189 1211 1244 dabat3
1266 1193 1296 1212 ‘⁶
1323 1186 1559 1249 Aspice‚’⁷

175 1269 206 1287 “
227 1263 480 1317 Quantum
506 1266 785 1313 concedant
808 1273 976 1313 nostro
1000 1273 1084 1312 tua
1109 1280 1293 1312 cornua
1315 1263 1442 1310 ferro
1461 1263 1504 1310 :’'

175 1338 241 1386 Et
257 1341 481 1403 jaculum
502 1343 621 1389 torsi
640 1361 650 1399 ;
682 1343 818 1405 quod
840 1359 994 1405 quum
1013 1341 1169 1388 vitare
1194 1339 1439 1402 nequiret,
1461 1342 1558 1385 385

175 1415 428 1479 Opposuit
450 1418 678 1465 dextram
703 1435 922 1482 passurae
947 1418 1147 1466 vulnera
1172 1416 1336 1463 fronti.

174 1491 338 1540 Affixa
361 1501 437 1541 est
461 1511 574 1541 cum
599 1495 758 1542 fronte
784 1512 986 1553 inanus3
1015 1495 1072 1541 fit
1097 1495 1309 1541 clamor:
1347 1500 1397 1539 at
1421 1492 1559 1538 illurn

216 1667 289 1696 373.
303 1667 439 1701 Animus,
452 1666 628 1708 Ovpbg,ira.
646 1667 744 1697 Dolor
755 1667 830 1698 iram

173 1714 332 1745 excitabat
344 1720 374 1745 et
385 1717 538 1756 augebat3
553 1727 616 1746 ver.
628 1717 704 1746 532.
729 1717 833 1747 Possis

172 1769 279 1794 tamen
301 1770 331 1794 et
356 1767 490 1795 animum
512 1764 551 1795 de
577 1764 757 1795 fortitudine
779 1776 832 1796 ca-

173 1823 257 1854 pere.
303 1814 407 1854 AEger,
423 1814 503 1844 male
524 1825 556 1844 se
578 1814 695 1844 habens
711 1825 748 1844 ex
764 1814 832 1844 vul-

174 1871 265 1899 nere;
287 1861 359 1892 vide
373 1863 605 1899 Burmannum3
630 1862 761 1892 Lenzius
773 1862 831 1893 ira-

172 1915 250 1946 tum,
267 1909 418 1941 irritatum
435 1912 663 1952 interpretatur.
690 1913 834 1953 Erigitur

173 1960 305 1990 sublatis
315 1960 447 2001 pedibus
464 1961 679 1991 anterioribus.
707 1962 833 1991 Novum

173 2019 286 2049 pugnae
307 2020 415 2049 genus.
464 2010 638 2045 Proculcnt,
655 2010 833 2050 proculcare

174 2063 314 2089 conatur.
324 2058 420 2088 Multi
433 2058 548 2089 habent
559 2060 724 2089 conculcat.
739 2059 832 2095 Ictus,

174 2105 289 2147 pedum
311 2107 507 2147 equinorum,
530 2114 677 2140 sonantes,
696 2118 766 2138 cum
786 2118 834 2137 so-

174 2155 242 2185 nitu
258 2155 441 2186 incidentes.
488 2157 632 2195 Excipere
651 2158 752 2196 clypea
773 2158 836 2187 tela

175 2210 229 2234 aut
257 2205 349 2240 ictus,
384 2205 530 2246 clypeum
563 2217 716 2247 opponere
755 2206 835 2236 telis.

178 2252 344 2294 Dqt'ensare
360 2254 454 2283 etiam
476 2253 517 2284 xi.
532 2255 605 2284 373.
626 2260 656 2284 et
677 2254 760 2295 apud
780 2265 833 2295 op-

175 2301 266 2331 timos
279 2308 419 2332 auctores
429 2302 579 2340 occurrit3
596 2303 665 2333 vide
677 2303 835 2333 Drakenb.

177 2349 217 2380 ad
232 2349 354 2385 Silium,
366 2349 387 2380 i.
400 2350 473 2380 507.
498 2352 642 2387 Sustinet,
657 2358 741 2381 tenet
758 2362 834 2392 prae-

175 2403 275 2433 tenta,
293 2398 467 2439 praetendit.
494 2400 564 2430 Duo
579 2406 707 2438 pectora,
719 2399 835 2440 duplex

176 2454 286 2489 pectus
312 2449 471 2484 Centauri,
497 2449 666 2480 humanum
692 2455 723 2480 et
748 2449 835 2490 equi-

176 2508 262 2528 num.
306 2498 389 2527 Nam
413 2497 445 2527 in
465 2504 590 2539 pectore
611 2499 714 2529 coibat
739 2499 835 2529 forma

177 2546 315 2577 humana
343 2552 374 2577 et
404 2548 529 2588 equina.
573 2547 721 2578 Similiter
750 2546 835 2588 apud

177 2595 398 2631 Claudianum,
415 2596 531 2626 xxxvii.
546 2597 601 2626 82.
622 2596 652 2626 in
669 2596 754 2626 caede
774 2597 834 2627 Pe-

178 2643 246 2679 lori,
275 2644 325 2674 cui
354 2655 409 2686 pro
444 2644 576 2686 pedibus
613 2645 674 2676 duo
703 2655 833 2686 angues,

180 2693 267 2723 Mars
293 2705 350 2723 uno
375 2700 473 2724 ternus
498 2696 612 2725 animus
636 2695 732 2733 inficit
758 2697 833 2724 ictu.

898 1667 1030 1698 Lenzius
1054 1677 1124 1697 vero
1147 1665 1230 1696 hunc
1254 1665 1357 1695 locum
1380 1663 1493 1705 accipit
1515 1663 1554 1693 dc

898 1724 1021 1758 pectore
1039 1715 1149 1746 dextro
1167 1721 1197 1744 et
1214 1713 1348 1744 sinistro.

941 1766 1014 1796 379.
1040 1766 1154 1794 Collum
1166 1764 1279 1798 Marte,
1293 1761 1441 1793 consertis
1456 1761 1560 1798 armis,

898 1814 1038 1844 cominus
1057 1823 1199 1855 pugnans
1218 1823 1289 1842 cum
1311 1811 1410 1841 hoste.
1457 1811 1561 1841 Clanis

898 1868 1087 1893 memoratur
1111 1862 1204 1892 etiam
1229 1871 1247 1890 a
1271 1860 1396 1890 Valerio
1420 1859 1559 1889 Fl.146.

901 1913 927 1941 E
940 1913 1064 1951 pellibus
1081 1912 1229 1950 luporum,
1246 1915 1416 1944 taurorum,
1431 1919 1557 1944 canum,

901 1968 962 1991 etc.
975 1960 1039 1990 fieri
1055 1960 1129 1990 olim
1149 1959 1289 1989 solebant
1305 1958 1418 1998 galeae.
1469 1957 1560 1992 Vara,

901 2010 1063 2040 introrsum
1081 2015 1220 2043 curvata,
1235 2007 1342 2038 lunata
1356 2018 1364 2043 3
1376 2006 1447 2037 vide
1463 2006 1562 2036 Hein-

902 2058 980 2089 sium
1006 2058 1046 2088 ad
1064 2057 1172 2087 Amor.
1189 2057 1233 2086 iii.
1249 2057 1303 2086 24.
1352 2055 1445 2096 Regii
1469 2055 1563 2085 nostri

902 2108 1020 2138 habent
1046 2109 1136 2138 (Iura.
1186 2106 1339 2147 Pyrrhum
1367 2104 1562 2146 Epirotarum

902 2168 1005 2198 regem
1018 2167 1133 2187 cornua
1146 2156 1267 2186 hircina
1279 2155 1309 2184 in
1321 2155 1412 2195 galea
1426 2154 1564 2194 gestasse

902 2207 1007 2238 scribit
1028 2206 1232 2236 Plutarchus:
1258 2215 1318 2234 non
1339 2203 1497 2233 subscribo
1517 2203 1563 2233 in-

903 2255 1088 2297 terpretibus
1100 2254 1153 2295 qui
1166 2253 1318 2294 Dorylam
1332 2257 1442 2294 putant
1456 2251 1563 2281 itidem

903 2315 1020 2335 cornua
1028 2304 1147 2334 bubula
1157 2303 1189 2332 in
1201 2303 1304 2343 galero
1317 2301 1467 2341 gestasse:
1487 2301 1562 2341 quin

905 2364 998 2384 manu
1013 2353 1142 2393 gerebat
1157 2352 1272 2393 potius,
1290 2356 1323 2380 ut
1341 2350 1423 2380 cervi
1445 2360 1561 2380 cornua

904 2402 1053 2432 Exadius.
1090 2402 1177 2431 Lmz.
1226 2401 1340 2429 Cruore
1356 2409 1471 2435 eorum,
1488 2409 1566 2440 quos

902 2450 966 2492 jam
982 2449 1191 2480 interfecerat.

924 2500 999 2529 383.
1017 2499 1099 2528 I'ires
1110 2500 1225 2527 animus
1236 2499 1325 2526 ‹Iulmt
1336 2496 1472 2526 modeste
1484 2507 1562 2537 prae-

902 2547 1028 2577 missum
1045 2557 1063 2577 a
1078 2548 1217 2577 Nestore.
1243 2547 1426 2581 Concedunt,
1440 2546 1564 2582 cedant,

903 2596 1047 2627 inferiora
1064 2596 1136 2626 siut.
1167 2596 1265 2636 Alffi‘m
1277 2602 1329 2626 est.
1363 2595 1470 2626 Simile
1485 2595 1560 2636 quid

904 2657 933 2676 v.
953 2646 1022 2675 124.
1068 2644 1215 2675 Heinsius
1236 2651 1325 2687 putat
1344 2645 1561 2676 scribendum:

906 2694 1001 2735 Affim
1019 2705 1085 2725 cum
1094 2694 1204 2735 fronte
1220 2695 1370 2734 munu,fit
1388 2695 1510 2725 clamor.
